2226 3070
859 266 958 291 INDEX
981 265 1088 291 amru
1637 257 1695 290 671

286 325 403 359 auditis
423 326 567 371 partibus
587 337 604 360 a
622 326 777 360 cardinali
797 327 918 367 Carasa,
936 328 1078 361 Pontifex
1091 338 1203 362 causas
1223 337 1335 361 omnes
1357 327 1396 361 ad
1417 338 1448 361 se
1470 335 1591 369 avocat,
1607 340 1744 363 conven-

284 379 451 424 tionesque
473 380 566 413 initas
587 380 767 421 confirmat,
783 381 880 425 inque
904 381 1019 414 tabella
1033 381 1171 415 describi
1193 382 1323 415 mandat
1344 388 1372 415 et
1392 382 1523 419 servari.
1541 381 1618 414 ibid.
1637 388 1743 426 etseq.

285 432 462 466 Committit
482 433 614 477 insuper
634 433 738 467 eidem
764 434 920 467 cardinali
947 434 1156 467 summariam
1185 435 1404 478 cognitionem
1432 435 1743 473 controversiarum,

283 496 364 529 quae
380 486 454 519 inde
472 487 642 530 provenire
655 492 840 531 potuerunt,
857 486 922 520 323
935 486 966 525 b;
991 488 1041 521 cui
1059 498 1172 532 parere
1193 488 1253 532 ipsi
1269 488 1426 532 capellani
1442 487 1617 528 debebunt,
1632 487 1697 521 324
1714 500 1742 521 a.

959 699 985 732 Μ

194 857 417 892 Maceratensis
446 858 545 892 Rotae
571 865 676 892 rector
697 859 880 892 facultatem
901 869 918 891 a
939 859 1024 892 Sixto
1045 858 1068 891 V
1093 858 1217 891 obtinet
1247 858 1438 892 moderandi
1466 859 1581 899 serias,
1602 866 1745 903 praeter-

281 922 379 956 quam
401 923 436 945 ex
462 918 635 956 praecepto
660 912 793 946 Sanctae
814 912 978 946 Romanae
996 911 1155 945 Ecclesiae
1177 911 1325 951 indictas,
1346 910 1409 944 358
1431 911 1456 945 b.

192 964 417 998 Maceratensis
442 965 583 998 tribunal
607 965 716 999 Rotae.
747 965 772 998 V
793 966 873 999 Rota
893 965 1028 999 civitatis
1052 965 1286 998 Maceratensis.

193 1018 304 1060 Mogor
328 1018 412 1061 regis
431 1018 604 1052 Echebaris
634 1019 741 1052 felices
768 1019 994 1063 dispositiones
1023 1024 1226 1058 enarrantur,
1248 1017 1311 1050 646
1332 1018 1359 1051 b.
1394 1018 1472 1051 Eum
1505 1018 1652 1051 hortatur
1679 1019 1746 1052 Cle-

282 1082 373 1105 mens
396 1072 460 1106 vul
480 1078 515 1105 ut
535 1078 642 1116 patres
662 1072 828 1106 Societatis
848 1073 918 1106 Iesu
939 1072 1139 1115 evangelium
1167 1071 1391 1115 praedicantes
1411 1072 1536 1111 audiat,
1560 1072 1638 1105 ibid.
1661 1072 1748 1105 Chri—

281 1125 404 1159 stianae
425 1126 590 1159 doctrinae
607 1126 713 1159 brevis
733 1126 888 1170 expositio
909 1132 939 1159 et
961 1125 1214 1165 commendatio,
1238 1124 1302 1158 647
1321 1137 1339 1157 tt
1360 1132 1389 1158 et
1411 1125 1437 1158 b.

194 1178 423 1212 Maleficiorum
454 1190 575 1223 poenas
602 1190 713 1213 omnes
749 1179 781 1212 in
811 1179 899 1213 Statu
929 1179 1151 1212 Ecclesiastico
1189 1179 1263 1212 Pius
1293 1179 1379 1223 Papa
1410 1179 1447 1212 Π
1482 1179 1634 1213 Gamerae
1665 1181 1748 1223 Apo-

281 1232 413 1266 stolicae
432 1233 615 1276 applicavit,
635 1232 699 1265 538
723 1244 753 1265 a.
777 1232 882 1265 Sixtus
898 1232 922 1264 V
943 1232 1011 1265 eius
1035 1232 1298 1265 constitutionem
1320 1232 1522 1266 confirmavit
1543 1238 1572 1265 et
1593 1233 1744 1270 extendit,

281 1285 359 1318 ibid.
383 1285 409 1318 b.
434 1286 579 1319 Clemens
603 1286 667 1319 VIII
688 1285 784 1319 variis
805 1286 843 1319 de
865 1286 968 1319 causis
989 1286 1089 1318 dictas
1110 1286 1355 1319 constitutiones
1376 1286 1544 1330 approbat,
1560 1292 1589 1319 et
1612 1286 1748 1318 mulctas

281 1349 501 1384 quascumque
532 1339 727 1383 depositario
747 1339 778 1372 C.
802 1341 838 1372 A.
872 1339 951 1372 solvi
972 1339 1080 1379 iubet,
1104 1338 1167 1371 539
1188 1350 1217 1372 [ι.
1242 1341 1266 1372 Α
1290 1339 1450 1372 iudicibus
1474 1339 1554 1372 haec
1586 1339 1747 1372 observari

281 1393 423 1434 mandat,
451 1392 528 1426 ibid.
553 1392 579 1426 b.
602 1393 802 1436 Depositario
827 1403 903 1426 vero
932 1392 1121 1436 praescribit
1142 1392 1280 1425 sormam
1301 1392 1535 1425 observandam
1559 1392 1590 1425 in
1612 1392 1748 1425 redden-

282 1445 330 1479 dis
360 1446 540 1479 rationibus
570 1452 599 1479 et
625 1446 657 1478 in
685 1446 900 1479 solutionibus
925 1445 1098 1482 faciendis.
1123 1445 1198 1479 ibid.
1223 1446 1249 1479 b.
1285 1446 1405 1479 Harum
1426 1456 1627 1479 summarum
1653 1446 1747 1478 vetita

282 1500 418 1533 retentio
438 1500 582 1539 notariis,
605 1498 669 1532 540
687 1510 716 1532 a.
738 1500 810 1533 Reis
835 1499 922 1532 iubet
944 1505 976 1532 ut
998 1499 1195 1543 depositario
1216 1500 1350 1540 solvant,
1375 1510 1559 1543 poenasque
1582 1505 1747 1533 contrave-

282 1553 445 1586 nientibus
466 1553 615 1596 imponit,
645 1553 721 1585 ibid.

193 1605 374 1639 Manilensis
393 1606 553 1640 Ecclesiae
580 1606 611 1639 in
636 1606 748 1639 insulis
765 1606 955 1650 Philippinis
973 1606 1143 1650 episcopus
1163 1606 1324 1647 laudatur,
1348 1605 1411 1639 527
1432 1606 1458 1639 b.

194 1659 352 1693 Marchiae
372 1659 404 1692 in
424 1660 599 1704 provincia,
624 1659 796 1693 cardinalis
816 1660 957 1692 Albanus
977 1660 1054 1693 dum
1075 1660 1302 1702 gubernatoris
1327 1659 1433 1693 officio
1458 1659 1661 1702 fungebatur,
1689 1670 1748 1703 pro

283 1713 481 1746 creditorum
506 1713 735 1754 indemnitate,
758 1723 889 1746 omnem
915 1713 1127 1757 hypothecam
1161 1714 1268 1747 favore
1297 1713 1405 1746 uxoris
1437 1714 1468 1746 in
1499 1713 1584 1746 bona
1617 1712 1748 1746 mobilia

281 1767 339 1799 viri
361 1766 523 1800 transferri
548 1767 668 1807 statuit,
692 1765 756 1799 252
781 1766 796 1799 b
821 1772 850 1799 et
868 1777 954 1810 seq.;
978 1773 1008 1800 et
1030 1773 1098 1810 post
1126 1766 1311 1811 quindecim
1340 1767 1406 1800 dies
1438 1766 1507 1800 sieri
1534 1765 1747 1799 inventarium

282 1820 441 1854 bonorum
462 1821 502 1854 ad
524 1821 630 1854 dotem
652 1821 761 1854 uxoris
781 1820 1007 1864 spectantium,
1036 1820 1150 1864 poenis
1176 1820 1208 1853 in
1233 1820 1488 1854 contradicentes
1512 1820 1639 1861 infletis,
1667 1820 1744 1854 ibid.

280 1874 396 1907 Taxam
417 1884 546 1918 quoque
567 1874 792 1918 descriptionis
810 1874 950 1914 testium,
970 1873 1193 1918 productionis
1215 1873 1431 1914 instrumenti,
1448 1874 1675 1907 declarationis
1693 1874 1743 1906 iu-

281 1927 380 1968 dicis,
401 1931 456 1961 etc.
475 1955 482 1967 ‚
506 1927 699 1969 efformavit,
727 1927 805 1960 ibid.
836 1928 1028 1961 Mercatores
1057 1927 1242 1971 provinciae
1271 1927 1430 1960 Marchiae
1462 1932 1616 1960 statutum
1649 1927 1749 1960 hocce

282 1981 468 2015 confirmari
499 1987 613 2026 petunt
644 1992 662 2014 a
680 1981 863 2021 -Pontifice,
895 1980 959 2014 '253
990 1981 1016 2014 b.
1050 1980 1224 2014 Confirmat
1261 1981 1381 2020 Sixtus,
1406 1980 1558 2024 iubetque
1590 1986 1749 2024 perpetuo

281 2035 456 2075 observari,
479 2035 558 2067 ibid.
585 2041 616 2068 et
639 2045 702 2078 seq.
723 2036 758 2068 In
779 2035 892 2068 eadem
914 2034 1078 2078 provincia
1099 2034 1255 2074 advocati,
1279 2033 1511 2078 procuratoris,
1536 2034 1747 2066 commissarii

282 2087 387 2121 officia
411 2088 503 2131 erigit
523 2088 637 2128 sixtus,
661 2089 770 2132 eisque
792 2088 1011 2121 emolumenta
1031 2088 1180 2130 assignat,
1205 2087 1263 2120 2281
1289 2098 1307 2120 a
1329 2094 1358 2120 et
1381 2087 1406 2120 b.
1433 2087 1618 2120 Officiorum
1639 2087 1750 2120 huius-

282 2141 370 2175 modi
384 2141 590 2175 collationem
603 2142 749 2175 Romano
768 2141 917 2175 Pontifici
935 2147 1087 2181 reservat,
1112 2141 1189 2174 ibid.
1204 2141 1337 2175 Collatio
1357 2151 1416 2185 per
1436 2141 1540 2185 ipsum
1562 2140 1747 2184 pontificem

282 2196 374 2236 sacta,
393 2195 471 2228 ibid.
500 2195 666 2228 Summam
685 2195 783 2228 trium
801 2195 940 2228 millium
965 2201 1131 2228 scutorum
1154 2195 1193 2228 ab
1222 2193 1267 2228 eis
1288 2194 1427 2238 persolvi
1453 2194 1602 2234 mandat,
1627 2193 1690 2227 282
1716 2206 1744 2227 a.

282 2248 407 2293 Eosque
433 2249 465 2282 in
485 2248 618 2293 proprio
650 2259 785 2282 munere
811 2248 943 2289 solidat,
975 2248 1135 2282 concessis
1163 2247 1360 2292 privilegiis,
1384 2247 1462 2280 ibid.
1491 2247 1517 2281 b.
1548 2247 1618 2281 Uno
1650 2248 1745 2281 dece-

260 2303 367 2343 dente,
395 2302 523 2348 supplet
546 2302 638 2343 alius,
655 2302 733 2335 ibid.

192 2356 318 2390 Maioris
342 2356 565 2390 hebdomadae
598 2356 703 2389 officia
729 2355 886 2389 matutina
917 2366 954 2389 ac
981 2354 1236 2389 Resurrectionis
1266 2355 1475 2396 Dominicae,
1503 2355 1624 2399 populo
1653 2366 1748 2399 prae-

280 2416 381 2449 sente,
410 2410 566 2443 celebrari
586 2409 802 2453 prohibentur
823 2409 1047 2453 intempestiva
1071 2414 1165 2442 nocte
1183 2409 1215 2441 in
1239 2409 1455 2452 Portugalliae
1473 2415 1504 2442 et
1520 2408 1746 2451 Algarbiorum

281 2473 456 2506 regnorum
482 2463 635 2503 ecclesiis,
664 2461 729 2496 344
748 2473 777 2495 (ι.
806 2462 983 2496 Ordinariis
1008 2462 1154 2496 locorum
1181 2462 1395 2496 committitur
1415 2462 1590 2506 publicatio
1615 2468 1643 2494 et
1669 2472 1745 2494 exe-

281 2516 394 2560 quutio
412 2516 521 2549 huisce
547 2516 680 2556 decreti,
708 2515 786 2549 ibid.
810 2516 880 2549 Non
900 2516 1102 2549 obstantibus
1122 2516 1303 2557 contrariis,
1332 2516 1410 2549 ibid.
1439 2517 1466 2548 b.

194 2569 309 2603 Mariae
334 2570 397 2613 (B.)
419 2570 457 2603 de
482 2569 638 2610 Mercede,
663 2569 906 2613 Redemptionis
925 2569 1129 2613 Captivorum
1161 2570 1275 2603 fratres
1296 2575 1531 2603 consueverunt
1557 2568 1748 2601 benedicere

282 2629 313 2656 et
333 2623 498 2657 absolvere
525 2623 614 2656 statis
635 2622 747 2656 diebus
778 2633 891 2656 omnes
922 2623 1089 2665 religiosos
1114 2629 1146 2656 et
1175 2623 1356 2657 saeculares
1383 2629 1456 2667 post
1487 2621 1721 2656 confessionem
1738 2649 1745 2659 ‚

283 2676 346 2709 643
364 2688 392 2710 a.
422 2677 592 2720 Ignoratur
617 2683 722 2710 tamen
751 2686 767 2709 a
798 2687 861 2720 quo
886 2675 1042 2710 Pontifice
1071 2676 1182 2710 Ordini
1215 2677 1309 2710 suerit
1339 2677 1397 2710 ista
1426 2676 1558 2709 facultas
1584 2684 1745 2710 concessa.
