2226 3070
74 301 128 331 An.
142 301 171 329 C.
190 300 258 330 1590

941 298 1045 324 SIXTUS
1064 299 1084 323 V
1103 299 1151 323 Pr.

317 353 412 386 etiam
425 364 483 397 per
491 353 566 387 Rev.
576 358 699 397 patrem
710 353 939 396 provincialem
949 358 1025 385 tunc

320 407 503 450 provinciae
532 407 777 440 Carmelitaruni
808 407 1024 440 Discalceato-

318 471 403 501 rum,
427 471 553 494 necnon
572 461 765 493 diffinitores
786 460 918 504 capituli
940 460 1025 492 eius-

317 515 389 547 dem
431 514 614 558 provinciae
653 514 815 557 Compluti
854 513 1025 546 Tolctfanac

317 568 498 609 dioecesis,
531 568 683 601 celebrati
713 573 827 610 quarta
863 567 1025 599 dominica

317 621 587 665 Ouadragesimae
608 621 682 654 anui
699 631 849 660 MDLXXXI,
872 631 931 663 per
952 620 1025 651 illu-

318 676 491 708 strissimos
510 686 547 707 ac
574 675 858 707 reverendissimos
878 674 1026 706 dominos

320 728 499 761 cardinales
516 739 625 762 sacrae
642 727 908 771 Congregationis
931 737 1027 768 super

319 781 423 813 causis
443 787 473 814 et
498 781 637 824 negotiis
656 782 862 823 Regularinm
891 782 1024 819 rerisae,

319 840 483 868 correctae
501 840 531 867 et.
552 836 749 879 approbatae
771 830 844 867 vum
864 835 1026 878 aliquibus

318 888 434 920 additis
471 886 534 932 per
554 899 621 929 eos,
648 899 730 932 quae
761 889 970 921 continentur
996 889 1025 921 iu

319 942 481 986 principio
502 943 615 986 capitis
637 953 682 983 iu,
705 942 820 986 capitis
845 953 895 976 xXt
926 948 957 975 et
978 954 1026 975 ea-

320 996 392 1039 pitis
418 1006 492 1029 xxu.

296 1104 342 1136 De
361 1104 544 1137 obedientia
564 1108 593 1136 el
613 1105 764 1137 electione
789 1105 1002 1146 sapei-smum.

578 1189 680 1222 CAPUT
701 1190 723 1223 l.

317 1264 552 1298 Censtituimus
572 1271 603 1298 et
622 1266 827 1298 declaramus
851 1271 883 1298 ut
907 1267 1028 1299 monia-

275 1318 320 1351 les
340 1318 521 1361 primitivae
542 1319 696 1362 Regulae,
719 1319 781 1352 sive
811 1320 1027 1354 Discatceatae

274 1371 402 1405 Ordinis
436 1372 695 1413 Carmelssarum,
732 1374 909 1407 reverendo
946 1375 1026 1418 patri

274 1426 417 1467 generali
447 1426 544 1460 totius
574 1427 702 1460 Ordinis
730 1438 767 1459 ac
788 1427 909 1460 vicario
930 1439 1027 1471 genc—

275 1478 333 1511 rali
348 1480 481 1513 fratrum
498 1480 784 1521 Discalceatorum,
801 1492 926 1514 necnon
941 1493 1029 1515 com-

275 1533 421 1566 missario
453 1535 549 1567 ctiam
581 1535 724 1577 generali
753 1535 943 1568 monialium
966 1537 1028 1569 siut

274 1586 451 1627 subiectae3
465 1594 565 1631 utque
584 1588 668 1621 idem
692 1593 782 1632 pater
801 1590 962 1631 generalis
975 1601 1028 1623 eas

275 1645 305 1673 et
329 1651 441 1674 earum
470 1647 646 1674 conventus
673 1643 900 1685 personaliter,
934 1644 1026 1677 simu

275 1694 370 1727 etiam
392 1700 500 1738 patres
519 1695 735 1728 Discaleeatos
758 1701 788 1728 et
818 1707 929 1729 eorum
952 1708 1028 1730 eon-

275 1753 399 1787 ventus,
422 1749 549 1781 visitare
573 1749 682 1792 possit.
709 1750 798 1788 Quod
826 1750 910 1783 idem
932 1751 1025 1783 ctiam

275 1801 413 1834 vicarius
433 1803 594 1845 generalis
611 1803 716 1835 facere
733 1803 861 1846 poterit,
873 1804 911 1837 ad
930 1816 1025 1848 quem

276 1855 380 1887 solum
403 1866 555 1889 recursus
570 1867 604 1888 su
612 1867 668 1899 per
678 1856 925 1895 visitationibus,
941 1870 1027 1891 man-

276 1909 358 1942 datis
378 1909 513 1953 aliisque
540 1911 636 1943 rebus
654 1921 712 1954 per
732 1910 852 1943 dictum
875 1913 1026 1945 commis-

276 1962 396 1995 sarium
418 1963 607 1996 ordinandis
642 1964 754 1997 haberi
793 1965 903 2008 possit.
933 1966 1026 1999 Com-

277 2016 441 2049 missarius
465 2023 572 2050 autem
594 2018 754 2060 generalis
779 2019 969 2052 monialium
994 2032 1026 2053 e-

276 2069 394 2110 ligatur
410 2071 440 2103 in
467 2071 610 2115 capitulo
636 2072 779 2115 generali
803 2074 937 2105 fratrum
959 2074 1026 2106 Dis—

275 2124 493 2157 caleeatorum
519 2126 667 2168 quolibet
697 2126 850 2167 triennio,
885 2127 940 2170 qui
971 2139 1028 2171 per

275 2177 451 2210 triennium
470 2178 557 2211 aliud
574 2179 717 2212 osticium
739 2179 771 2211 in
793 2181 958 2223 praedicto
972 2181 1027 2215 Or-

275 2230 349 2263 dine
369 2231 516 2265 obtinere
536 2238 589 2265 aut
607 2243 758 2266 exercere
770 2244 834 2266 non
846 2235 958 2277 possit,
972 2236 1025 2268 sed

275 2284 492 2326 personaliter
512 2286 667 2319 moniales
694 2292 724 2320 et
758 2297 870 2319 earum
892 2298 1026 2321 conven-

276 2343 326 2370 tus
346 2338 460 2379 visitet,
482 2344 512 2371 ct
531 2339 618 2372 circa
638 2350 749 2373 earum
770 2340 915 2383 regimen
927 2348 955 2374 et
970 2353 1026 2385 gu-

276 2391 499 2425 bernationem
521 2393 573 2436 pie
594 2399 622 2425 et
642 2393 822 2437 prudenter
842 2394 885 2427 ita
912 2406 944 2428 se
971 2407 1025 2438 gc-

275 2451 335 2486 rat,
354 2451 385 2478 et
404 2452 502 2490 prout
522 2447 623 2489 magis
640 2447 672 2479 in
692 2447 828 2480 Domino
853 2448 882 2481 ei
904 2449 1025 2482 videbi-

274 2499 328 2527 tur
351 2496 516 2539 expedire3
546 2496 739 2529 cumulative
768 2502 875 2530 tamen
898 2503 924 2530 et
949 2499 1025 2530 sul)-

274 2544 435 2585 ordinate,
457 2555 521 2578 non
548 2552 656 2578 autem
678 2546 832 2589 privative
850 2547 955 2588 quoad
976 2548 1024 2580 di-

275 2599 364 2626 ctum
387 2594 540 2627 vicarium
561 2596 767 2637 geueralmu3
795 2597 970 2639 nullusque
995 2607 1025 2629 a-

274 2643 336 2676 lius
355 2643 482 2676 Ordinis
503 2644 684 2686 religiosus,
701 2644 794 2677 etiam
808 2645 1022 2686 consiliarius,

275 2692 308 2726 in
337 2693 495 2736 regimine
523 2693 684 2727 dictarum
707 2694 898 2727 monialium
920 2700 951 2727 et
971 2705 1024 2728 ea-

1709 286 1771 321 ⁶207

1068 363 1139 384 rum
1163 357 1378 384 conventuum
1398 361 1429 383 se
1448 350 1654 383 intromittat:
1679 350 1709 381 id
1731 350 1816 383 enim

1068 406 1143 438 solis
1164 405 1283 438 vicario
1296 410 1327 437 et
1351 403 1572 437 commissario
1593 403 1818 446 generalispe-

1068 459 1194 491 cialiter
1211 469 1399 491 concessum]
1422 463 1479 489 est.

1113 512 1293 545 Electiones
1314 512 1391 544 fiant
1412 522 1469 555 per
1489 516 1557 543 vota
1583 521 1638 543 seu
1665 510 1817 552 sutfragia

1068 572 1203 605 secreta,
1219 566 1303 598 iuxta
1324 565 1517 598 sacrosancti
1536 564 1696 605 generalis
1713 563 1819 596 eonvi—

1069 619 1286 652 liiTiidentiui
1298 620 1478 657 decri—tuum
1491 619 1714 661 electioneque
1727 620 1819 655 facta,

1069 673 1242 705 schedulae
1265 684 1373 705 coram
1396 673 1547 705 omnibus
1571 672 1818 710 comburantur,

1071 725 1111 758 ita
1126 731 1156 758 ut
1178 726 1308 759 nomina
1326 726 1515 769 eligentium
1535 726 1624 758 nullo
1647 726 1742 758 modo
1761 737 1818 768 pu-

1071 780 1244 813 blicentur,

1115 833 1304 866 Advertatur
1334 840 1441 866 autem
1474 845 1532 866 uec
1569 834 1722 866 vivarium
1762 844 1819 866 nee

1070 887 1328 919 commissarium
1352 888 1530 928 generales,
1546 894 1573 919 et
1598 887 1821 920 multominus

1070 951 1182 973 eorum
1209 941 1324 981 socios,
1347 942 1376 973 iu
1399 941 1584 973 lmiusimuli
1607 941 1821 974 clm-tirmilms

1071 995 1260 1026 msmialinm
1280 995 1412 1037 aliquod
1433 995 1552 1027 habero
1566 1000 1686 1033 votuur,
1700 995 1754 1026 sed
1775 995 1819 1026 ‹li-

1070 1054 1139 1080 νιιις
1177 1048 1315 1081 vicarius
1344 1048 1406 1081 sive
1438 1048 1677 1080 commissarius
1717 1049 1819 1081 uomi-

1070 1112 1147 1134 uare
1171 1113 1227 1134 seu
1254 1112 1436 1145 proponere
1469 1101 1617 1134 universo
1651 1103 1820 1134 couventui

1071 1162 1134 1188 tres
1144 1156 1190 1187 vel
1203 1161 1344 1199 quatuor
1359 1155 1527 1194 moniales,
1545 1160 1577 1187 ut,
1597 1166 1630 1187 ex
1653 1155 1820 1199 illisquam

1071 1209 1255 1249 maluerint,
1279 1209 1412 1252 eligaut3
1426 1220 1489 1241 nou
1505 1214 1612 1241 autem
1626 1209 1664 1240 ad
1681 1210 1820 1252 aliquam

1070 1274 1180 1296 earum
1202 1263 1387 1305 eligendum
1413 1273 1528 1305 rogere
1555 1263 1664 1306 possit,
1688 1264 1740 1296 sed
1774 1264 1821 1295 ni-

1071 1317 1249 1349 hilominus
1276 1322 1441 1349 remaneat
1470 1317 1589 1349 eisdei‘u
1626 1317 1823 1350 monialibus

1071 1371 1171 1403 libera
1208 1371 1342 1403 facultas
1374 1370 1452 1403 alias
1490 1382 1572 1413 quae
1604 1371 1662 1404 sibi
1700 1372 1823 1404 idouea³r

1070 1425 1266 1457 videbuntur
1295 1425 1454 1467 (lig-onai,
1490 1425 1650 1468 superiori
1678 1436 1751 1458 vero
1785 1426 1821 1458 li-

1070 1484 1140 1511 ceat.
1155 1479 1345 1512 cloethnnem
1367 1480 1493 1519 fartam,
1510 1484 1602 1522 prout
1618 1479 1736 1511 iustum
1758 1480 1823 1512 fue-

1070 1533 1122 1573 rit,
1152 1533 1345 1566 confirmare
1379 1534 1425 1566 vel
1461 1533 1638 1572 infirmare,
1660 1534 1724 1567 sive
1754 1545 1821 1567 cas-

1070 1598 1151 1619 sare.

1115 1641 1159 1673 Ad
1182 1641 1370 1684 recipiemla
1383 1647 1491 1673 auten]
1511 1646 1583 1673 vota
1600 1651 1723 1681 earum,
1739 1653 1821 1684 quae

1071 1700 1203 1737 propter
1223 1694 1389 1727 adversam
1411 1694 1630 1727 valetudinem
1652 1695 1691 1727 ad
1721 1700 1822 1728 ‹i·1‘ates

1071 1748 1190 1781 ferreas
1210 1760 1265 1780 seu
1287 1749 1448 1781 caui-ellos
1468 1749 1623 1781 accffllere
1649 1759 1713 1781 non
1731 1755 1821 1792 pote—

1070 1808 1157 1841 runt,
1191 1803 1377 1846 praesidens
1403 1802 1551 1836 electioni
1577 1795 1715 1835 destinet
1743 1803 1822 1836 duas

1071 1856 1227 1889 moniales
1241 1856 1388 1889 moribus
1399 1862 1429 1889 et
1445 1862 1548 1889 aetate
1561 1867 1684 1899 graves,
1696 1861 1727 1889 et
1743 1857 1820 1889 uulli

1071 1916 1258 1954 suspect-⁰18,
1290 1921 1372 1953 quae
1398 1911 1435 1942 ad
1469 1910 1659 1953 excipienda
1692 1916 1763 1943 vota
1790 1922 1822 1943 se

1070 1964 1250 2003 conferant,
1279 1963 1514 2006 scliedulasque
1550 1963 1710 2003 deferant,
1742 1975 1822 2007 quas

1070 2018 1116 2050 eis
1136 2028 1200 2050 uon
1218 2018 1311 2050 liceat
1332 2017 1458 2060 aperire
1478 2018 1527 2050 vel
1550 2023 1674 2050 mutare
1692 2018 1751 2050 sul)
1767 2028 1822 2062 pen

1070 2072 1174 2105 riculo
1200 2072 1383 2104 animarum
1405 2082 1553 2112 suarunn
1580 2077 1609 2104 et
1645 2072 1726 2104 facta
1760 2072 1821 2104 ele-

1070 2126 1175 2159 ctione
1196 2126 1398 2163 lmiusmodi,
1414 2125 1601 2165 schedulae,
1619 2131 1655 2158 ut
1675 2131 1706 2158 ct
1725 2136 1820 2169 supra

1069 2180 1192 2214 dictum
1205 2185 1261 2220 est,
1278 2179 1425 2212 similiter
1436 2190 1545 2212 coram
1563 2180 1715 2213 omnibus
1736 2190 1822 2213 com=

1068 2234 1239 2267 burantur.

1112 2288 1281 2320 Praeterea
1302 2297 1376 2320 eum
1395 2286 1590 2320 monasteria
1610 2286 1708 2319 huius
1727 2298 1822 2330 regu-

1068 2342 1117 2374 lae
1140 2341 1319 2385 primitivae
1345 2341 1408 2373 sint
1428 2351 1523 2382 nova,
1551 2346 1581 2373 et
1609 2340 1681 2374 ideo
1703 2342 1821 2374 multas

1069 2395 1226 2427 moniales
1246 2394 1284 2427 ad
1303 2394 1447 2438 regimen
1468 2400 1558 2438 aptas
1577 2405 1643 2428 non
1668 2395 1820 2433 habeant,

1068 2448 1260 2482 conceditur
1280 2447 1325 2481 eis
1344 2448 1479 2481 facultas
1498 2448 1537 2481 ad
1560 2448 1819 2492 vigintiquinque

1068 2509 1169 2531 annos
1200 2498 1239 2530 al»
1260 2508 1371 2530 carum
1402 2497 1671 2531 constitutionum
1703 2499 1820 2532 confir-

1068 2548 1209 2580 matione
1220 2547 1386 2587 duratura,
1405 2553 1440 2580 ut
1459 2547 1631 2591 priorissae
1653 2548 1684 2580 in
1705 2548 1817 2581 eodem

1068 2601 1225 2629 conventu
1247 2596 1368 2639 possint
1391 2596 1507 2629 iteruin
1528 2596 1614 2639 eligi.
1641 2596 1685 2630 Ita
1713 2603 1818 2629 tamen

1068 2651 1102 2678 ut
1122 2645 1153 2678 in
1175 2645 1225 2678 his
1242 2645 1491 2679 reeleetionibus
1510 2651 1652 2689 quatuor
1675 2645 1818 2689 partibus

1066 2700 1227 2735 votorum,
1252 2700 1315 2729 tres
1336 2695 1609 2739 partesreelectae
1628 2694 1746 2728 liabere
1762 2694 1817 2728 de-

1833 296 1884 324 An.
1901 296 1931 324 C.
1948 296 2016 324 1590
