2226 3070
60 284 110 312 An.
127 284 155 312 C.
175 282 238 312 1591

256 338 338 365 tatae
369 333 581 367 ecclesiastica
623 334 811 368 constitutae
852 336 992 375 munitis,

255 387 366 419 eadem
387 398 518 430 prorsus
538 387 628 428 fides,
653 388 684 420 in
706 388 824 421 iudicio
850 395 877 421 et
910 394 995 422 extra

254 439 343 480 illud,
368 451 404 473 ac
425 441 543 484 ubique
564 441 764 481 adhibeatur,
780 453 862 485 quac
874 442 994 475 eisdem

253 494 473 537 praesentibus
493 495 710 533 adhiberetur,
734 496 759 527 si
781 496 884 528 torcnt
908 496 994 528 cxlii-

253 547 337 580 bitae
362 548 410 580 vel
428 553 583 581 ostensae.

296 602 410 634 Datum
440 602 561 635 Romae
591 602 675 645 apud
706 602 736 635 S.
765 602 916 639 Marcum,
936 601 994 633 suli

252 654 371 687 annulo
386 654 566 695 Piscatoris,
577 655 627 687 die
641 666 671 688 v1
685 654 991 698 septemlnisunxct,

252 707 455 749 pontificatus
476 708 575 740 nostri
596 718 681 740 auno
703 719 723 741 1.

287 767 346 795 Dat.
361 768 405 795 die
420 769 436 796 6
450 769 583 804 septemb.
605 770 682 803 1591,
705 769 799 805 pontif.
822 778 864 796 an.
886 776 903 796 1.

550 907 683 939 XXXIX.

250 977 421 1010 Nonnulla
441 982 634 1012 statuuntur
662 990 722 1022 pro
743 979 848 1012 electis
873 979 993 1011 ombili-

296 1031 353 1063 bus
373 1035 401 1064 et
418 1032 636 1075 popularibus
656 1032 918 1076 componentibus
933 1036 993 1064 ter-

296 1084 379 1116 tium
398 1089 520 1117 statum
541 1085 713 1118 hominnm
734 1086 906 1118 comitatus
938 1085 993 1117 Vc-

294 1137 447 1177 naissim',
470 1142 498 1171 et
523 1139 698 1171 baronibus
736 1143 764 1171 et
795 1137 992 1180 feudatariis

294 1192 538 1234 efformantibus
565 1193 742 1225 secundnm
772 1196 895 1224 statum
912 1191 993 1224 dicti

293 1246 464 1278 comitatus
494 1257 590 1290 super
624 1246 785 1279 solutione
810 1246 990 1289 pretiorum

293 1299 488 1342 capitalium
507 1304 535 1332 et
555 1300 699 1332 aliorum
722 1310 866 1332 onerum.

455 1389 611 1425 Gregorius
628 1390 706 1424 Papa
723 1390 795 1422 XIV,

378 1443 415 1470 ad
434 1446 611 1477 perpetuam
626 1443 668 1471 rei
684 1444 865 1471 memoriam.

294 1516 310 1557 ξ
332 1514 362 1547 1.
386 1515 463 1548 Cum
477 1515 558 1548 sicut
569 1515 761 1559 accepimus,
777 1515 900 1559 pridem
917 1515 992 1547 suis-

52 1571 235 1619 inmltgggnjffi
250 1574 320 1601 sent
339 1574 444 1602 motae
464 1569 533 1602 lites
555 1576 586 1602 et
610 1570 813 1613 quaestiones
828 1570 992 1602 iudiciales

52 1627 236 1678 {stussffssssssp'fisgffil
252 1623 333 1656 inter
350 1623 482 1656 dilectos
503 1624 586 1657 filios
607 1625 724 1657 electos
744 1624 868 1657 nobiles
889 1630 919 1657 et
936 1635 991 1668 po-

52 1678 237 1726 }52121125'43‘23901103111113
251 1677 378 1720 pulares
402 1677 553 1710 facientes
587 1678 714 1710 tertium
743 1683 859 1711 statum
888 1677 991 1710 homi-

52 1732 236 1783 ffiiggggtixfffffig
251 1740 328 1762 num
350 1730 519 1763 comitatus
539 1731 639 1764 nostri
660 1731 836 1763 Yenaissini
858 1742 894 1763 ex
914 1742 987 1771 una,

50 1785 281 1839 {1¹53fl1321‘2er¹”·s¹¹‚¹j¹‡·sgs·et¹
298 1784 434 1817 barones
454 1796 490 1817 ec
509 1785 703 1818 seudatarios
717 1785 867 1818 facientes
877 1795 990 1818 secun-

51 1838 110 1858 ΨΜ·
251 1838 327 1871 dum
348 1845 464 1872 statum
482 1839 636 1883 praedicti
650 1839 831 1877 comitatus.
848 1839 991 1883 partibus

250 1902 287 1924 ex
307 1892 415 1933 altera,
439 1904 536 1937 super
556 1904 593 1926 eo
611 1894 697 1936 quod
716 1893 790 1926 dicti
816 1893 907 1926 electi
937 1904 991 1937 pe-

249 1945 358 1978 tebant
377 1946 462 1990 ipsos
479 1947 616 1979 barones
636 1952 666 1980 et
696 1946 890 1980 feudatarios
920 1946 990 1989 cogi

249 1999 289 2031 ad
320 1999 589 2033 contribuendum
619 2000 651 2032 in
678 2000 790 2039 talleis,
825 2000 987 2039 oneribus,

249 2053 400 2094 collectis,
433 2054 592 2095 subsidiis,
632 2054 874 2094 indictionibus,
909 2064 990 2097 quae

249 2107 453 2150 contingebat
474 2108 653 2152 oportuisse
683 2108 778 2141 indici
807 2118 866 2151 pro
896 2118 990 2140 causa

248 2160 323 2193 belli
352 2161 473 2193 iamdiu
506 2162 684 2205 supportati
716 2172 774 2205 pro
804 2161 989 2194 defensione

248 2215 344 2248 totius
363 2215 495 2260 patriae,
516 2222 547 2249 et.
566 2227 625 2260 pro
647 2216 903 2259 quibuscumque
921 2216 990 2249 aliis

248 2269 351 2302 causis
370 2270 637 2303 concernentibus
655 2269 848 2302 beneficium
865 2275 928 2302 tam
944 2269 990 2302 di-

249 2323 289 2356 cti
310 2323 443 2356 secundi
469 2330 568 2356 status
597 2334 693 2367 quam
723 2323 871 2363 aliorum,
904 2323 990 2356 velut

249 2376 377 2409 illorum
422 2377 460 2409 de
500 2378 585 2410 clero
624 2376 809 2409 facientium
848 2376 987 2420 primum

248 2435 377 2470 statum,
401 2436 432 2463 et
456 2430 615 2463 dictorum
644 2429 802 2463 nobilium
833 2435 863 2462 et
883 2429 988 2462 bomi-

248 2495 325 2517 num
351 2485 481 2528 praesati
507 2485 589 2517 tertii
621 2491 720 2518 status
748 2490 779 2517 et
807 2483 988 2517 communi-

248 2543 348 2571 tatum
376 2539 576 2579 eorumdem,
609 2549 705 2582 super
734 2537 850 2581 quibus
882 2537 989 2570 suisset

248 2591 353 2635 primo
374 2592 445 2625 loco
466 2597 650 2625 emanatum
684 2592 778 2624 breve
810 2590 909 2623 felicis
940 2601 989 2623 re-

248 2645 443 2678 cordationis
463 2645 607 2687 Gregorii
626 2646 730 2689 Papae
755 2645 832 2683 Xlll,
857 2644 990 2688 praede-

283 2710 294 2734 t
318 2708 354 2735 Ex
370 2708 477 2745 Regest.
499 2708 525 2736 in
540 2708 642 2736 Secret.
654 2708 788 2736 Brevium.

854 287 1031 312 GREGORIUS
1051 288 1104 311 XIV
1123 288 1172 311 PP.

1674 277 1730 311 471

1030 335 1163 368 cessoris
1180 335 1290 375 nostri,
1314 335 1372 367 sub
1394 335 1502 368 datum
1534 336 1654 368 Romae
1685 337 1768 379 apud

1029 390 1179 423 Sanctum
1200 390 1340 430 Petrum,
1361 389 1419 421 sub
1440 390 1559 421 annulo
1588 389 1766 429 Pimatoris,

1030 443 1080 475 (lie
1102 454 1131 476 1v
1154 442 1242 479 iunii,
1260 453 1344 475 auno
1358 442 1482 475 Domini
1497 453 1675 483 nanxxnl,
1692 453 1769 475 con-

1031 495 1133 529 tinens
1154 496 1389 529 ordinationem
1412 497 1524 529 saetam
1547 497 1586 529 ad
1614 496 1766 529 deciden-

1029 550 1102 582 dam
1124 550 1308 583 huiusmodi
1330 550 1596 590 ‹‚·0ntr0v01·sta111·‚
1633 556 1663 583 ct
1696 551 1770 583 inde

1029 614 1125 646 super
1145 603 1356 646 exequutione
1375 604 1449 636 dicti
1482 603 1585 637 brevis
1610 605 1770 647 praefatae

1029 656 1103 689 hinc
1124 656 1197 689 inde
1218 662 1323 700 partes
1344 663 1397 690 aut
1409 657 1550 700 deputati
1564 658 1603 690 ab
1617 657 1678 689 illis
1695 668 1770 701 pro-

1029 709 1196 742 cessissent
1217 710 1256 741 ad
1278 716 1396 742 certam
1409 710 1615 744 concordiam
1631 711 1669 743 de
1684 721 1767 743 anno

1028 763 1203 807 praedicto,
1228 764 1278 797 die
1299 764 1470 797 undecima
1496 764 1615 797 mensis
1645 765 1767 807 augusti

1029 823 1103 850 nota
1123 824 1261 861 sumpta,
1293 818 1381 851 cuius
1418 824 1528 851 tenore
1559 819 1769 853 conventione

1030 871 1109 904 sacta
1130 882 1226 915 super
1243 872 1388 915 pluribus
1406 872 1552 916 capitulis
1564 873 1638 906 dicti
1652 873 1766 913 brevis,

1028 926 1122 958 etiam
1145 926 1254 959 suisset
1274 926 1472 959 conclusum.

1071 979 1136 1022 ἕξ),
1158 980 1259 1023 Super
1289 979 1481 1023 quibusdam
1507 980 1576 1013 aliis
1605 981 1763 1025 capitulis,

1027 1032 1065 1064 de
1086 1032 1202 1075 quibus
1220 1043 1283 1065 non
1305 1032 1483 1076 potuissent
1495 1034 1676 1073 convenire,
1695 1045 1766 1067 rur-

1026 1096 1079 1117 sus
1099 1085 1322 1129 supplicarunt
1342 1086 1412 1129 piae
1433 1087 1608 1119 memoriae
1629 1087 1713 1120 Sixto
1731 1089 1764 1127 V,

1027 1139 1121 1171 etiam
1138 1139 1375 1182 praedecessori
1394 1145 1515 1180 nostro,
1540 1146 1696 1184 qnatenus
1721 1141 1768 1174 di-

1026 1198 1178 1235 gnaretur
1195 1193 1279 1226 dicta
1292 1193 1389 1226 dubia
1407 1194 1512 1227 adhuc
1528 1194 1669 1227 indecisa
1691 1206 1769 1238 pen-

1026 1246 1133 1279 dentia
1146 1247 1293 1279 decidere
1305 1247 1529 1287 ettermiuare‚
1547 1259 1564 1281 a
1580 1259 1644 1292 quo
1661 1248 1768 1282 suisset

1026 1301 1192 1334 obtentum
1213 1302 1348 1335 alterum
1372 1303 1549 1335 secundnm
1574 1303 1686 1343 breve,
1710 1303 1769 1336 sub

1026 1356 1135 1388 datum
1157 1357 1277 1389 Romae
1295 1357 1379 1400 apud
1392 1357 1543 1390 Sanctum
1557 1357 1698 1397 Petrum,
1710 1357 1768 1390 sub

1025 1410 1145 1442 annulo
1166 1409 1348 1449 Piscatoris,
1372 1410 1423 1443 die
1446 1421 1524 1444 xvnl
1553 1410 1662 1454 aprilis
1693 1410 1767 1443 anni

1026 1462 1168 1495 eiusdem
1197 1464 1324 1496 Domini
1353 1474 1526 1502 MDLxxxw,
1561 1464 1767 1497 confirmato-

1026 1516 1108 1549 rium
1130 1517 1349 1560 praecedentis
1361 1518 1498 1550 emanati
1512 1518 1552 1550 ab
1567 1518 1680 1551 eodem
1692 1517 1769 1551 Gre-

1026 1570 1116 1612 gorio
1137 1571 1395 1614 praedecessore,
1430 1577 1460 1604 et
1487 1571 1564 1604 alias
1596 1577 1706 1604 tenore
1736 1571 1766 1604 in

1026 1624 1217 1663 continenti;
1243 1631 1273 1658 et
1304 1625 1378 1658 inde
1396 1636 1492 1669 super
1512 1625 1697 1658 executione
1719 1625 1766 1658 di-

1026 1684 1150 1710 ctorum
1172 1678 1315 1711 brevium
1337 1678 1507 1723 implorata
1526 1684 1556 1711 et
1573 1684 1767 1722 prosequuta

1025 1738 1114 1775 parte
1136 1732 1210 1765 dicti
1233 1732 1314 1765 tertii
1335 1738 1445 1773 status,
1470 1732 1528 1776 ipsi
1550 1732 1719 1765 feudatarii
1735 1733 1767 1765 in

1025 1786 1189 1818 nonnullis
1207 1786 1354 1830 capitulis
1375 1786 1507 1819 fuissent
1524 1791 1724 1830 opponentes
1737 1792 1768 1819 et

1026 1840 1222 1883 appellantes
1239 1850 1257 1872 a
1268 1840 1424 1873 sententia
1437 1840 1499 1873 lata
1513 1840 1544 1872 in
1556 1840 1680 1873 civitate
1694 1840 1768 1874 Car-

1025 1893 1273 1936 pent01·atis,die
1286 1904 1351 1926 xvn
1365 1893 1505 1926 octobris
1526 1893 1601 1926 anni
1623 1893 1767 1926 eiusdem

1025 1946 1151 1979 Domini
1173 1957 1368 1985 MDLxxxvnt‚
1390 1958 1447 1991 per
1466 1947 1683 1981 venerabilem
1706 1948 1768 1981 fra-

1025 2006 1105 2033 trem
1113 2007 1257 2034 nostrum
1270 2001 1473 2035 Dominicum
1485 2001 1765 2045 archiepiscopum

1025 2055 1290 2097 Avenionensem,
1307 2061 1383 2089 tunc
1394 2056 1584 2100 temporisin
1599 2056 1659 2089 illis
1670 2057 1768 2100 parti-

1024 2108 1083 2142 bus
1103 2108 1342 2150 vice-legatum,
1363 2120 1488 2142 necnon
1521 2120 1538 2142 a
1573 2109 1667 2142 certis
1698 2109 1767 2142 aliis

1025 2162 1170 2203 decretis,
1195 2163 1290 2195 etiam
1310 2162 1340 2194 in
1362 2162 1574 2206 exequutione
1607 2161 1765 2195 dictorum

1024 2216 1169 2248 brevium
1190 2216 1411 2259 promulgatis,
1436 2222 1466 2249 et
1485 2227 1503 2248 a
1516 2216 1679 2249 nonnullis
1692 2227 1767 2260 pro-

1024 2269 1159 2302 cessuris
1180 2269 1279 2307 sactis,
1304 2275 1367 2302 tam
1389 2269 1420 2302 in
1441 2270 1653 2313 exequutione
1666 2270 1766 2303 dicto-

1023 2333 1094 2355 rum
1116 2322 1260 2355 brevium
1283 2334 1379 2366 qnam
1412 2323 1443 2355 in
1476 2323 1543 2367 ipsa
1578 2323 1761 2363 concordia,

1024 2377 1197 2409 nonnullae
1218 2377 1438 2410 universitates
1463 2378 1608 2410 locorum
1630 2383 1660 2411 et
1673 2378 1765 2422 oppi-

1024 2430 1139 2463 dorum
1161 2430 1236 2463 dicti
1258 2431 1428 2464 comitatus
1448 2431 1651 2465 subditorum
1673 2431 1765 2464 dictis

1024 2483 1207 2516 feudatariis
1215 2484 1404 2517 reclamasse
1419 2485 1457 2517 ad
1470 2485 1573 2518 bonae
1587 2484 1764 2518 memoriae

1022 2536 1194 2578 Georgium
1216 2536 1296 2569 tituli
1317 2537 1422 2571 Sancti
1442 2537 1563 2571 Nicolai
1581 2538 1612 2570 in
1633 2538 1764 2572 Carcere

1022 2589 1178 2628 Tulliano,
1203 2590 1421 2634 presbyterum
1443 2592 1638 2624 cardinalem
1658 2592 1764 2624 deAr-

1023 2643 1190 2686 magniaco
1211 2650 1407 2688 nuncupato,
1429 2645 1483 2678 illa
1504 2651 1606 2678 aetate
1631 2645 1661 2677 in
1689 2645 1764 2677 civi-

1023 2702 1085 2730 tate
1099 2697 1317 2739 Avenionis,et
1329 2697 1414 2732 dicto
1427 2698 1580 2732 comitatu
1591 2698 1759 2740 collegam,

1785 286 1834 314 An.
1854 287 1881 314 C.
1901 288 1963 315 1591

1811 992 1832 1011 At
1845 997 1908 1017 super
1918 998 1967 1012 non-

1784 1019 1844 1038 nullis
1873 1020 1967 1038 articulis

1784 1045 1849 1070 petito
1873 1046 1911 1065 snit
1931 1046 1967 1065 «lc—

1784 1072 1835 1091 cvzio
1865 1078 1876 1091 :t
1909 1072 1967 1092 Sixto

1784 1097 1841 1123 Papa
1858 1098 1881 1118 V.

1809 1632 1888 1653 Deinde
1897 1635 1966 1653 motae

1782 1659 1839 1680 snei-e
1854 1660 1909 1680 attae
1921 1660 1968 1680 tne-

1783 1692 1819 1712 pcr
1831 1686 1966 1707 tendam-102.
