2226 3070
53 293 102 321 An.
119 292 147 319 C.
169 291 232 318 1591

84 1256 201 1282 Appellatio
215 1261 226 1275 a

44 1283 174 1303 correctione
181 1288 227 1309 pro-

44 1309 135 1334 hihetur;

72 1629 96 1649 Et
108 1632 202 1655 impetrat
208 1630 226 1650 io

46 1656 220 1682 praetatus-arum:

60 2322 85 2343 Et
93 2324 151 2344 atteri
160 2330 221 2351 qnam

41 2350 147 2375 praesecto
160 2352 222 2372 eonti-

41 2377 105 2401 tende

843 290 1021 315 GREGORIUS
1040 290 1093 314 XIV
1113 291 1162 313 ΡΡ.

247 350 324 383 pore
345 344 525 372 constructa
545 339 591 372 vel
614 339 658 372 eis
679 340 806 376 donata,
833 350 870 372 eo
902 339 981 382 ipso,

247 404 310 436 quo
328 393 495 426 aedificata
513 394 559 425 rel
581 394 698 426 donata
708 393 834 433 suerint,
856 399 984 437 aposto-

247 447 307 479 liea
327 446 524 486 auctoritate,
549 452 663 487 erecta,
681 447 896 490 approbataet
909 457 985 479 con-

246 500 383 539 firmata,
408 511 444 532 ac
464 500 548 532 bona
565 511 787 543 quaecumque
801 511 858 543 pro
871 500 984 532 ‹lomo-

246 565 315 586 rum
337 554 384 586 vel
405 553 620 586 oratoriorum
642 553 825 586 huiusmodi
846 553 892 585 vel
914 564 986 596 per-

245 618 395 640 sonarum
415 607 492 639 inibi
509 606 779 639 commorantium
805 607 984 639 substenta-

246 660 331 693 tione
351 665 379 693 et
406 659 658 699 manutentione7
682 670 738 702 per
764 669 1003 702 quoscumque*

244 713 465 746 christifideles
482 723 540 756 pro
561 718 705 756 tempore
728 713 855 752 donata,
875 712 983 745 relicta
1001 730 1003 764 Ξ

244 773 275 799 et
294 768 406 809 legata,
428 777 465 799 eo
486 766 569 809 ipso,
600 766 762 810 praedicta
782 765 980 806 auctoritate,

243 826 398 865 perpetuo
419 820 578 864 applicata
599 826 628 853 et
649 820 856 864 appropriata
877 831 943 853 esse
955 826 985 853 et

244 873 365 907 censeri
382 901 389 913 ‚
414 874 628 917 ecclesiasque
641 879 669 906 et
687 873 825 906 oratoria
842 874 984 917 praefata

243 938 315 960 cum
336 927 536 960 coemeteriis
556 938 613 970 per
630 937 849 970 quoscumque
863 926 984 970 episeo-

242 993 300 1025 pos
331 982 476 1015 benedici
506 993 561 1015 seu
591 982 788 1021 consecrari,
818 988 848 1015 et
873 982 984 1026 quovis

244 1036 341 1069 modo
359 1037 481 1080 polluta
498 1037 699 1070 reconciliari
724 1037 843 1081 possint
871 1042 899 1069 et
930 1037 983 1069 ‹le-

243 1090 349 1127 beant‚
373 1096 528 1134 perpetuo
546 1090 753 1124 concedimus
778 1096 806 1123 et
839 1090 983 1131 indulge-

244 1154 325 1182 mus,
350 1143 519 1176 statuimus
539 1149 569 1176 et
589 1144 785 1177 ordinamus.

287 1197 371 1241 5311.
392 1198 427 1230 Et
445 1198 591 1231 volumus
620 1199 707 1242 quod
735 1209 753 1231 a
783 1199 982 1231 correctione

244 1253 373 1295 regulae
393 1252 650 1295 congregationis
661 1252 857 1293 huiusmodi,
871 1264 983 1286 secun-

243 1306 319 1338 dum
341 1305 559 1339 ordinationes
580 1306 693 1346 saetas⁷
717 1311 751 1339 ut,
775 1306 865 1349 vigor
890 1307 982 1340 disci-

242 1359 349 1403 plinae
370 1359 484 1392 melius
504 1365 719 1397 conservetur,
740 1361 912 1403 appellari,
929 1367 980 1394 aut

242 1413 312 1446 talis
323 1413 493 1457 appellatio
507 1424 564 1457 per
576 1414 676 1446 ullum
691 1413 828 1446 iudicem
843 1415 978 1455 admitti,

242 1477 300 1499 nec
317 1467 356 1499 ab
378 1467 490 1500 officiis
507 1467 665 1501 absolutio
686 1473 740 1500 aut
761 1467 895 1511 privatio
917 1469 980 1512 peti

242 1520 423 1553 nullatenus
440 1520 549 1563 possit.

287 1574 301 1617 ἓ
321 1573 373 1606 32.
397 1574 460 1606 Nee
492 1574 670 1617 praefectus
699 1574 856 1616 generalis
878 1574 980 1607 dictae

243 1627 498 1669 congregationis
515 1638 574 1671 pro
596 1633 739 1671 tempore
756 1628 892 1661 existens
922 1629 979 1661 ali-

243 1692 338 1725 quam
367 1680 553 1723 dignitatem
583 1686 668 1713 extra
697 1681 894 1723 Religionem
924 1694 979 1715 seu

243 1734 525 1777 congregationem
547 1734 659 1778 ipsam,
683 1734 750 1767 sine
768 1735 909 1768 eiusdem
924 1747 978 1769 seu

242 1787 326 1821 illius
357 1788 612 1830 congregationis
645 1799 791 1831 expressa
832 1788 974 1825 licentia3

241 1852 299 1874 nec
330 1841 444 1885 aliquis
466 1852 501 1874 ex
521 1841 614 1874 sociis
638 1842 834 1882 huiusmodi,
858 1843 977 1886 absque

240 1905 397 1927 consensu
417 1894 493 1927 dicti
514 1895 663 1938 praefecti
682 1896 850 1936 generalis,
875 1902 902 1929 et
925 1908 976 1929 ex-

238 1959 346 1993 pressa
367 1948 505 1988 licentia,
527 1959 608 1992 quae
627 1948 694 1981 dari
713 1959 776 1982 non
790 1950 902 1989 valcat,
917 1950 976 1983 nisi

238 2002 277 2035 ad
298 2002 329 2035 id
350 2013 368 2035 a
380 2002 526 2035 Romano
539 2002 693 2035 Pontifice
707 2014 764 2046 per
776 2003 976 2037 obedientiae

237 2061 444 2099 praeceptum
465 2067 524 2099 pro
552 2062 695 2100 tempore
726 2057 842 2090 suerint
862 2058 972 2097 coacti,

237 2110 435 2153 praelaturas
454 2110 501 2142 vel
522 2121 758 2154 quamcumque
770 2111 977 2154 aliamdigni-

238 2169 334 2197 tatem
363 2170 552 2207 acceptare,
584 2164 632 2197 vel
666 2165 705 2197 ad
739 2164 826 2197 illam
858 2166 974 2198 assumi

238 2223 342 2262 queat.

282 2272 296 2315 g
317 2270 369 2304 33.
393 2272 535 2311 Necnon,
557 2272 643 2314 quod
664 2271 797 2315 quilibet
821 2273 975 2306 ex·so‹¹iis

238 2325 494 2367 congregationis
534 2325 717 2358 huiusmodi
754 2332 884 2369 peccata
919 2338 975 2359 sua

237 2378 370 2422 proprio
388 2379 548 2422 praefecto
568 2379 616 2411 vel
637 2379 676 2411 ab
696 2390 733 2411 eo
755 2380 906 2423 deputato
919 2392 974 2413 seu

238 2432 398 2475 deputatis
427 2438 457 2465 et
481 2432 560 2471 aliis,
593 2434 768 2465 secundum
800 2434 975 2467 ordinatio-

238 2496 293 2518 nes
322 2485 577 2528 coiigregationis
607 2487 767 2529 praefatae
803 2487 975 2529 designatis

236 2550 292 2572 seu
324 2539 541 2581 designandis,
578 2540 723 2573 confiteri
757 2541 881 2579 debeat,
914 2542 974 2574 nisi

236 2603 331 2636 super
344 2593 405 2626 boc
418 2604 435 2626 a
448 2593 532 2626 dieto
550 2593 681 2637 proprio
700 2596 860 2637 praesecto
876 2595 973 2628 alium

236 2647 449 2680 confessorem
470 2647 606 2689 eligendi
618 2648 798 2680 facultatem
813 2648 969 2681 habuerit.

281 2702 297 2742 ξ
317 2700 369 2733 34.
387 2702 430 2734 Ac
441 2700 622 2734 inhibemus
635 2712 675 2734 nc
684 2702 764 2746 quis,
778 2708 846 2746 post
859 2703 974 2736 emissa

1661 278 1725 311 485

1019 344 1089 371 vota
1119 338 1295 371 ses-undum
1325 336 1566 370 constitutiones
1593 347 1647 369 seu
1673 337 1757 369 ordi-

1018 391 1311 424 nationeseiusdem
1322 389 1589 432 congregationis,
1600 391 1638 422 ad
1647 401 1757 433 quem-

1018 445 1062 477 vis
1092 445 1189 477 alium
1219 445 1389 483 Ordinem,
1425 444 1519 477 etiam
1555 455 1612 487 per
1642 443 1755 477 Sedeni

1019 500 1190 542 praelatam
1210 499 1421 542 approbatum
1433 497 1680 540 (Cartusiensum
1694 498 1753 530 Or-

1020 551 1092 584 dine
1114 553 1273 585 dumtaxat
1286 552 1429 596 exeepto)
1444 551 1620 591 transserri;
1640 551 1755 593 egressi

1019 616 1093 638 vero
1115 605 1203 642 alias
1228 616 1323 648 quam
1355 611 1387 638 ut
1412 605 1602 648 praefertur,
1635 605 1672 637 de
1702 604 1758 638 Or-

1019 658 1092 690 dine
1112 669 1166 690 seu
1188 659 1349 691 consortio
1379 658 1573 695 huiusmodi,
1605 658 1635 690 in
1668 658 1756 690 nullo

1019 711 1092 749 alio,
1117 718 1341 755 11›1·aeterqua1n
1371 712 1607 745 Cartusiensum
1639 711 1756 745 Ordine

1019 765 1204 808 praedicto,
1237 766 1383 806 admitti,
1416 766 1514 809 recipi
1549 766 1596 798 vel
1627 765 1754 798 retineri

1018 825 1150 862 possint.

1064 878 1078 910 ξ
1101 871 1152 904 :3-3.
1178 872 1237 916 Ipsi
1260 873 1438 916 praefectus
1459 873 1615 915 generalis
1646 878 1672 905 et
1703 873 1755 905 alii

1000 929 1002 939 ⁴
1019 926 1186 958 inferiores
1206 926 1356 970 praefecti
1378 927 1521 959 eiusdem
1536 927 1757 969 congregatio-

1018 980 1076 1019 nis,
1100 990 1158 1023 per
1177 991 1209 1012 se
1229 980 1277 1012 vel
1298 980 1387 1018 alios,
1413 980 1482 1013 illos
1502 980 1545 1013 sic
1567 991 1710 1022 egressos
1727 986 1757 1013 et

1018 1033 1096 1066 alios
1121 1044 1341 1077 quoscumque
1373 1034 1475 1067 dictae
1501 1035 1756 1076 congregationis

1017 1092 1186 1130 apostatas,
1211 1093 1239 1120 et
1258 1087 1353 1120 etiam
1375 1087 1453 1120 alios
1475 1087 1601 1130 quosvis
1618 1087 1756 1120 insolen-

1018 1145 1073 1177 tes,
1098 1146 1127 1172 et
1148 1140 1201 1184 qui
1224 1140 1253 1173 id
1275 1140 1391 1173 mereri
1409 1141 1610 1179 videbuntur,
1626 1140 1657 1172 in
1678 1151 1757 1183 quo-

999 1195 1154 1237 ¹cu¹nque
1175 1194 1285 1227 babitu
1306 1200 1464 1238 apostatas
1483 1195 1642 1238 praefatos
1654 1194 1755 1227 conti-

1017 1248 1093 1289 gerit
1112 1249 1255 1292 reperiri„
1269 1249 1557 1289 excommunicare,
1571 1260 1695 1293 capere,
1709 1249 1755 1281 in-

1017 1312 1192 1341 carcerare,
1208 1313 1357 1336 coercere
1377 1309 1405 1336 et
1425 1303 1501 1336 alias
1521 1314 1596 1336 suae
1617 1303 1754 1346 discipli-

1017 1366 1075 1387 nae
1087 1356 1418 1395 submittere,necnon
1431 1358 1470 1390 ad
1490 1357 1533 1394 id,
1550 1356 1574 1389 si
1587 1367 1667 1400 opus
1688 1357 1754 1389 fue-

1016 1410 1066 1446 rit,
1083 1411 1234 1443 auxilium
1253 1411 1376 1444 brachii
1398 1411 1568 1444 saecularis
1590 1411 1748 1444 invocare.

1061 1464 1149 1505 §3ss.
1179 1466 1311 1509 Insuper
1339 1466 1497 1509 praesecto
1527 1465 1680 1507 generali,
1704 1465 1750 1497 vel

1016 1517 1054 1549 de
1075 1517 1142 1550 eius
1162 1518 1300 1556 licentia,
1325 1519 1394 1551 aliis
1415 1519 1560 1552 locorum
1585 1518 1752 1562 praesectis

997 1573 1069 1603 'seu
1097 1572 1317 1615 superioribus
1348 1573 1450 1605 dictae.
1482 1572 1748 1614 congregationis,

1015 1625 1108 1657 etiam
1130 1636 1188 1668 pro
1209 1631 1353 1669 tempore
1374 1625 1589 1663 existentibus,
1607 1625 1682 1658 utin
1696 1636 1753 1658 sua

1014 1679 1261 1720 congregatione
1287 1689 1507 1722 quoscumque.
1536 1678 1615 1711 alios
1644 1689 1752 1711 saecu-

1014 1732 1105 1769 lares,
1130 1732 1239 1771 laicos,
1264 1732 1396 1765 clericos
1417 1743 1473 1764 seu
1494 1732 1524 1764 in
1550 1732 1750 1775 presbytera-

1013 1791 1061 1818 tus
1081 1786 1198 1819 Ordine
1217 1787 1405 1819 constitutos
1422 1797 1596 1829 aggregare
1617 1792 1645 1819 et
1671 1786 1750 1819 adii-

1012 1850 1084 1871 cere
1104 1850 1163 1882 pro
1183 1839 1243 1883 piis
1270 1839 1507 1872 misericordiae
1539 1845 1569 1872 et
1589 1839 1751 1872 charitatis

1012 1893 1162 1936 operibus
1183 1893 1367 1926 huiusmodi
1392 1893 1592 1929 exercendis:
1617 1893 1669 1937 qui
1706 1893 1750 1926 sie

1012 1947 1185 1989 aggregati,
1210 1947 1360 1980 omnibus
1380 1953 1410 1980 et
1429 1947 1562 1989 singulis
1583 1947 1750 1988 indulgen-

1013 1999 1061 2032 tiis
1080 2005 1108 2033 et
1121 2000 1230 2043 gratiis
1248 2001 1390 2034 eiusdem
1403 2000 1661 2042 congregationis
1671 2012 1748 2043 gau-

1011 2054 1106 2086 deant
1126 2060 1157 2087 et
1175 2054 1348 2097 potiantur,
1372 2059 1400 2086 et
1423 2054 1562 2096 gaudere
1587 2064 1623 2085 ac
1653 2053 1747 2096 potiri

1011 2107 1156 2147 debeant,
1181 2114 1211 2141 et
1231 2108 1299 2140 illas
1311 2112 1557 2150 consequantur,
1573 2107 1749 2139 dummodo

1010 2172 1047 2193 ea
1067 2172 1165 2204 opera
1185 2162 1301 2194 saciant
1321 2167 1351 2195 et,
1382 2165 1558 2199 cxcroeant,
1584 2171 1665 2203 quae
1690 2172 1748 2204 pro

1009 2214 1128 2248 eisdem
1150 2217 1354 2259 indulgentiis
1375 2222 1405 2249 et
1417 2219 1526 2261 gratiis
1549 2223 1748 2260 consequen-

1009 2272 1056 2304 dis
1077 2272 1195 2305 suerint
1214 2272 1419 2316 praescripta.

1054 2328 1069 2368 ξ
1090 2326 1142 2358 37.
1167 2327 1294 2359 Necnon
1307 2327 1468 2370 praesecto
1482 2327 1622 2370 generali
1635 2332 1665 2360 et
1678 2327 1746 2360 aliis

1009 2380 1238 2423 superioribus,
1263 2391 1387 2413 necnon
1409 2382 1447 2414 de
1468 2392 1579 2414 eornm
1594 2381 1688 2413 etiam
1701 2382 1745 2414 sa-

1009 2434 1136 2471 cubate,
1162 2433 1316 2467 universis
1336 2434 1484 2468 fratribus
1505 2440 1535 2468 et
1554 2434 1647 2468 sociis
1668 2445 1745 2467 eon-

1008 2487 1201 2529 gregationis
1221 2487 1468 2520 ministrantium
1490 2488 1624 2520 infirmis
1637 2488 1746 2520 buius-

1009 2541 1106 2582 modi,
1131 2541 1162 2573 in
1174 2542 1410 2586 presbyteratus
1428 2542 1541 2575 ordine
1553 2542 1741 2581 constitutis,

1008 2602 1039 2628 ut
1061 2596 1092 2628 in
1113 2596 1190 2629 locis
1209 2596 1263 2628 ubi
1293 2597 1422 2639 degunt,
1453 2602 1481 2630 et
1503 2597 1546 2629 eis
1576 2607 1634 2640 pro
1666 2601 1743 2628 teni-

1008 2661 1085 2694 pore
1105 2651 1223 2683 morari
1245 2651 1422 2693 contigerit,
1446 2651 1564 2684 habere
1589 2650 1739 2689 oratoria,

1008 2710 1037 2737 et
1057 2704 1088 2736 in
1110 2704 1154 2737 eis
1173 2704 1284 2738 missas
1305 2710 1334 2738 et
1354 2705 1415 2738 alia
1435 2705 1540 2739 divina
1557 2704 1661 2738 officia
1690 2715 1741 2737 ce-

1772 288 1819 314 An.
1842 288 1868 315 C.
1889 289 1951 316 1591

1821 352 1844 371 ld
1860 353 1955 376 alio-«pie

1773 380 1861 400 Ordines
1900 382 1955 399 tran-

1773 406 1854 426 seuntli.

1772 888 1884 912 Δηυκμιωι·
1896 893 1953 907 etwi-

1771 916 1850 934 centur.

1795 1473 1815 1493 ln
1831 1474 1887 1493 <licta
1904 1480 1951 1493 cunr

1768 1502 1888 1527 gregatione
1903 1502 1951 1521 linei

1768 1529 1833 1555 recipi
1853 1531 1937 1555 possint.

1791 2333 1823 2353 [tii
1831 2339 1863 2352 ina
1875 2333 1944 2352 ‹tsslt'ld

1762 2360 1900 2380 celebrentur.
