2226 3070
217 236 270 265 An.
287 237 316 265 C.
335 237 402 266 1588

276 559 401 580 Reservatis>

219 592 365 613 absolutionis,

250 2324 362 2345 Decretum
378 2324 406 2345 lr-

459 226 502 259 42

1034 231 1214 256 BL'LLARIUM
1238 229 1389 255 ROMANUM

417 286 549 327 luerint,
567 287 650 319 ultra
670 285 870 329 supradictas
886 295 1017 329 poenas,
1041 284 1110 326 ipso
1123 283 1166 315 sa·
1209 281 1339 314 definiri
1359 281 1490 321 debere,
1512 281 1705 323 irritumque
1721 280 1858 313 etinane
1870 279 1963 324 quic-

417 346 468 373 cto
489 350 526 373 cx
554 350 641 372 nunc.
667 344 765 383 prout
784 350 821 371 ex
848 344 923 371 tunc
945 335 1166 370 exeommuni-

417 403 528 426 camus
549 398 580 426 ct
604 403 663 437 pro
697 390 984 426 excommunicatis
1021 389 1166 422 declara-

417 457 500 479 mus.

460 499 475 541 ξ
495 498 527 532 8.
550 499 763 532 Decerncntes
796 508 830 530 ac
861 495 1060 528 declarantes
1080 494 1167 537 quod

417 562 476 595 per
500 562 725 595 quacctunque
745 550 873 583 iubilzra
888 555 918 581 et
938 547 1165 591 indulgentias,

418 616 475 649 per
506 617 564 638 nos
597 611 627 638 et
663 613 864 637 successores
889 607 1035 642 nostros,
1072 601 1168 634 etiam

417 670 501 692 anno
536 658 655 691 iubitaei
686 663 739 691 aut
779 657 840 689 alio
866 656 978 698 (plevis
1009 661 1166 699 tempore,

417 713 512 745 ctiam
534 711 696 745 cruciatae
717 716 857 750 sanctae,
880 709 1001 742 iubilzei
1023 709 1071 741 rel
1091 718 1169 751 quo-

416 767 461 798 vis
485 765 549 797 alio
571 765 664 797 titulo
686 774 854 797 concessas
879 768 910 796 et
930 762 1166 800 concedendas,

416 829 543 851 necnon
564 829 623 862 per
647 827 871 861 quascumque
898 816 1021 849 litteras
1041 820 1168 859 aposto-

417 872 493 905 licas
510 871 675 915 quibusvis
694 871 900 915 principibus
920 881 977 903 scu
993 869 1033 902 ad
1055 878 1168 902 corum

418 925 601 958 instantiam
626 935 685 968 per
696 935 754 958 nos
775 929 803 957 et
824 934 1027 957 successores
1043 928 1169 954 nostros

418 979 537 1022 pariter
550 989 720 1012 concessas
732 984 760 1011 et
779 976 1012 1015 concedendas,
1024 986 1061 1008 ac
1073 975 1168 1008 etiam

415 1032 524 1074 vigore
558 1032 804 1075 privilegiorum
834 1030 919 1063 Mare
949 1030 1099 1071 Magnum
1120 1028 1168 1060 vel

417 1085 495 1118 alias
523 1085 769 1128 quomodolibet
794 1088 1074 1126 nuncupatorum,
1101 1081 1170 1125 qui-

416 1139 524 1171 busvis
552 1138 856 1181 congregationibus
884 1135 1081 1179 regularium
1116 1140 1168 1167 aut

417 1192 577 1236 episcopis
610 1192 718 1233 vigore
755 1190 885 1223 concilii
915 1189 1095 1222 Tridentini
1121 1188 1169 1220 vel

417 1246 494 1278 alias
519 1256 576 1289 per
596 1255 654 1278 nos
685 1250 715 1277 ct.
745 1244 1010 1288 praedecessores
1044 1247 1170 1274 nostros

415 1299 722 1343 quomodocumque
748 1308 976 1331 concessorum
998 1296 1047 1329 vel
1067 1296 1099 1328 in
1120 1295 1169 1327 su-

418 1359 526 1385 turum
553 1352 851 1391 concedendorum,
868 1361 926 1383 nec
941 1360 1098 1393 personae
1110 1349 1167 1389 sic,

417 1412 450 1438 ut
463 1406 655 1449 praefertur,
667 1405 891 1448 delinquentes
903 1409 931 1436 ct
945 1402 1169 1436 excommuni-

417 1465 518 1499 catae,
551 1465 778 1502 praeterquam
808 1458 841 1489 in
872 1457 985 1489 mortis
1015 1456 1168 1491 articulo.

416 1513 536 1546 absolvi
556 1513 693 1552 x‘aleantj,
711 1522 769 1544 nec
800 1521 874 1543 cum
895 1510 934 1542 iis
955 1509 1092 1549 clericis,
1115 1508 1170 1552 qui

417 1566 605 1599 huiusmodi
626 1565 743 1599 delicta
763 1563 1031 1609 perpetraverint,
1045 1562 1168 1596 etiamsi

416 1631 529 1654 eorum
552 1620 675 1653 crimen
696 1619 862 1652 occultum
884 1617 993 1658 suerit,
1012 1628 1110 1660 super
1130 1616 1171 1648 ir-

417 1674 623 1717 regularitate
636 1672 891 1716 praemissortun
913 1670 1083 1704 occasione
1096 1680 1172 1703 con-

416 1733 529 1768 tracta,
552 1738 611 1760 nec
636 1738 694 1770 per
724 1727 870 1759 locorum
904 1724 1086 1757 ordinarios
1112 1734 1171 1756 nec

417 1792 474 1824 per
502 1781 593 1821 alios,
628 1779 740 1824 quavis
772 1778 961 1811 auctoritate
987 1778 1168 1820 fungentes,

417 1845 514 1878 quam
545 1844 603 1877 per
641 1844 700 1866 nos
743 1838 771 1865 et
806 1832 967 1865 Romanos
998 1830 1171 1864 Pontifices

417 1894 545 1921 nostros
565 1897 779 1925 successores,
800 1891 828 1918 cl
850 1891 926 1917 tunc
947 1894 1011 1916 non
1031 1883 1090 1916 nisi
1119 1894 1172 1915 ur-

417 1941 612 1985 gentissimis
631 1940 669 1973 de
694 1939 810 1978 causis,
843 1937 1021 1981 dispensari
1058 1936 1168 1980 possit.

417 1996 459 2027 Ac
481 2001 544 2027 tam
570 1992 754 2026 absolvendi
775 2002 872 2035 quam
899 1990 1106 2035 dispensandi
1125 1992 1170 2022 sa-

418 2049 570 2081 eultatem
596 2045 783 2079 huiusmodi
805 2045 900 2078 etiam
923 2044 1030 2087 quoad
1064 2043 1170 2076 sorum

419 2100 636 2134 conscientiae
661 2100 691 2132 in
714 2098 839 2132 casibus
873 2097 1024 2141 superius
1044 2107 1170 2140 expres-

419 2155 472 2193 sis,
500 2154 593 2187 nobis
613 2159 641 2187 et
671 2151 913 2185 successoribus
934 2150 1054 2183 nostris
1075 2150 1170 2183 dum-

419 2214 502 2240 taxat
524 2217 737 2241 reservamus,

465 2261 479 2304 ἓ
499 2260 531 2294 9.
556 2260 738 2294 Statucntes
758 2259 803 2292 sic
831 2259 863 2291 in
889 2257 1074 2301 praemissis
1098 2256 1171 2289 uni-

420 2313 518 2347 versis
538 2320 566 2346 et
584 2312 718 2356 singulis
730 2323 787 2356 per
799 2321 1024 2355 quoscumque
1037 2310 1171 2348 iudices,

421 2367 601 2400 ordinarios
622 2373 652 2399 et
677 2367 851 2409 delegatos,
880 2365 975 2397 etiam
1002 2373 1171 2396 causarum

420 2417 532 2450 Palatii
566 2415 741 2459 Alruostolici
766 2415 941 2451 auditores,
979 2424 1015 2446 ac
1045 2418 1172 2446 sanctae

421 2466 583 2499 Romanae
604 2464 764 2497 Ecclcsiae
786 2463 976 2502 cardinales,
993 2462 1116 2494 sublata
1129 2461 1174 2493 cis

422 2521 451 2547 et
478 2525 591 2547 eorum
612 2513 743 2546 mitit-et
770 2511 881 2553 quavis
902 2511 994 2543 aliter
1010 2509 1173 2545 iudicandi

422 2570 449 2596 et
476 2562 709 2607 interpretandi
735 2561 885 2594 facultate
915 2565 941 2592 et
969 2559 1171 2599 auctoritate,

423 2612 454 2645 in
486 2612 597 2656 quavis
623 2622 719 2645 causa
748 2616 778 2643 et
798 2609 948 2643 instantia
978 2608 1115 2641 iudicari
1145 2613 1172 2640 ct

1209 333 1286 377 quid
1307 344 1399 367 secus
1423 344 1520 378 super
1540 333 1589 366 his
1609 344 1627 366 a
1655 343 1831 377 quoquam,
1851 332 1962 377 quavis

1209 387 1413 428 auctoritate,
1433 387 1571 420 scienter
1590 386 1637 420 vel
1662 386 1859 430 ignoranter,
1881 396 1960 420 con·

1209 439 1315 483 tigerit
1333 441 1494 474 attentari.

1253 494 1268 537 ἓ
1288 493 1341 527 10.
1368 494 1438 527 Non
1455 493 1656 527 obstantibus
1676 491 1961 525 constitutionibus
1974 497 2113 555 ,offigffim
2124 498 2163 518 de-

1211 552 1241 579 et
1260 547 1517 581 ordinationibus
1537 546 1722 591 apostolicis
1753 551 1808 579 aut
1827 545 1899 578 aliis
1918 545 1961 578 le-

1210 601 1303 644 gibus
1323 602 1417 634 aliter
1431 602 1539 634 forsan
1560 601 1645 634 circa
1656 600 1833 644 praemissa
1852 599 1960 643 dispo-

1211 655 1374 695 nentibus,
1403 660 1454 687 aut
1482 654 1514 687 in
1531 654 1657 687 casibus
1681 653 1833 698 praefatis
1853 653 1964 686 distin-

1210 708 1396 751 guentibus,
1420 707 1600 750 ceterisque
1635 707 1806 740 contrariis
1829 706 1964 750 quibus-

1212 772 1351 805 cumque

1256 816 1270 858 ἓ
1290 814 1344 847 ’1’1.
1366 814 1522 847 Volumus
1546 819 1654 847 autem
1674 820 1709 847 ut
1744 812 1964 857 praesentium

1212 868 1393 901 litterarum
1419 868 1586 911 exemplis,
1609 872 1666 900 ccc.

1256 922 1270 965 ξ
1291 921 1345 955 12.
1369 922 1455 954 Nulli
1477 932 1553 964 ergo
1579 920 1713 953 omnino
1732 919 1905 952 hominum
1929 918 1966 951 li-

1212 981 1281 1009 ccat
1300 975 1382 1008 hanc
1399 975 1550 1020 paginam
1566 980 1695 1007 nostrae
1716 971 1965 1012 constitutionis,

1212 1034 1418 1068 statutorum,
1441 1022 1666 1067 ordinationis,
1686 1025 1893 1066 extensionis,
1912 1025 1966 1058 (le-

1212 1088 1375 1115 cretorum
1396 1087 1453 1115 etc.
1468 1082 1499 1115 Si
1516 1081 1587 1126 quis
1606 1081 1714 1114 autem
1730 1080 1792 1113 boc
1808 1084 1966 1112 attentare

1212 1136 1478 1181 praesumpserit,
1502 1140 1558 1169 etc.

1255 1190 1370 1224 Datum
1391 1190 1512 1223 Romae
1530 1189 1563 1221 in
1580 1189 1685 1223 Monte
1696 1187 1866 1228 Quirinali,
1880 1196 1965 1220 anno

1212 1243 1445 1277 incarnationis
1466 1242 1651 1275 dominicae
1675 1241 1848 1274 millesimo
1868 1240 1965 1283 quin-

1211 1297 1390 1339 gentesimo
1415 1296 1638 1338 octuagesimo
1678 1301 1812 1334 octavo,
1849 1298 1966 1337 quarto

1213 1351 1365 1383 kalendas
1397 1350 1601 1390 novembris,
1633 1348 1841 1391 pontificatus
1866 1345 1964 1380 nostri

1212 1414 1296 1437 anno
1317 1414 1356 1437 iv.

1268 1463 1329 1492 ltat.
1354 1462 1402 1492 die
1423 1462 1461 1492 ΞΟ
1481 1461 1641 1498 0c1.1588‚
1662 1460 1768 1500 pontis.
1781 1469 1858 1489 anno
1876 1468 1915 1490 iv.

1517 1621 1657 1654 CXXXV.

1213 1699 1383 1732 Institutio
1393 1698 1582 1740 festivitatis
1601 1696 1660 1730 SS.
1679 1696 1808 1729 Placidi
1826 1695 1965 1728 etsocio-

1259 1763 1331 1784 rum
1360 1757 1546 1794 martyrum
1576 1751 1794 1794 professorum
1832 1748 1968 1782 Ordinis

1259 1806 1491 1838 monachorum
1510 1804 1545 1837 S.
1566 1803 1743 1843 Benedicti,
1764 1803 1967 1845 ubiqttesim-

1254 1860 1346 1902 plici,
1366 1864 1394 1892 ct
1419 1860 1453 1891 in
1469 1859 1618 1891 itsesmna
1633 1858 1764 1890 civitate
1779 1856 1902 1899 duplici
1920 1855 1967 1898 of-

1257 1914 1329 1955 ficio
1363 1914 1414 1947 die
1449 1923 1467 1944 v
1500 1912 1620 1945 mensis
1644 1911 1780 1944 octobris
1804 1910 1967 1942 celebran-

1257 1968 1329 2007 dae,
1348 1978 1384 2000 ccc
1402 1968 1498 2000 ctiam
1526 1966 1577 1999 dic
1596 1975 1625 1998 1v
1642 1965 1762 1998 mensis
1782 1963 1913 2007 anqusti
1931 1963 1968 1996 in

1259 2021 1389 2054 ccclesia
1410 2019 1611 2052 Messanensi
1636 2018 1690 2050 ubi
1706 2027 1815 2050 eorum
1835 2025 1969 2059 corpora

1258 2084 1362 2117 nuper
1379 2077 1505 2116 reperta
1521 2072 1666 2113 fuerunt.

1283 2167 1378 2195 sixtus
1394 2166 1550 2202 Episcopus.
1567 2171 1663 2193 servus
1683 2169 1827 2192 servorum
1844 2162 1900 2194 nei,

1373 2220 1407 2248 ad
1425 2219 1553 2248 futuram
1572 2218 1614 2247 rei
1636 2217 1806 2246 memoriam.

1258 2304 1415 2337 Dominus
1435 2303 1652 2347 omnipotens,
1675 2302 1730 2346 qui
1743 2301 1882 2335 suaviter
1892 2311 1971 2334 cun·
1982 2308 2167 2361 ἓιιέἱιιγᾞᾘέιο

1217 2364 1267 2391 cta
1293 2357 1454 2402 disponit,
1484 2356 1784 2390 misericordiarum
1818 2360 1910 2398 pater
1939 2358 1971 2387 ct

1214 2407 1297 2440 Deus
1328 2407 1427 2440 totius
1461 2405 1701 2445 consolationis,
1732 2408 1968 2437 sacrosanctam

1216 2457 1285 2489 eius
1306 2455 1482 2489 Ecclesiam
1496 2454 1638 2498 pretioso
1658 2452 1818 2496 unigeniti
1837 2451 1908 2485 Filii
1919 2451 1969 2485 sui

1216 2505 1373 2548 sanguine
1404 2503 1612 2547 acquisitam,
1650 2508 1680 2535 et
1715 2502 1747 2534 in
1772 2500 1968 2545 apostolicae

1216 2554 1428 2588 consessionis
1441 2558 1532 2596 petra
1543 2552 1724 2592 solidatam,
1736 2550 1837 2583 voluit
1847 2549 1968 2583 nedum

1217 2605 1301 2638 inter
1322 2601 1437 2636 mundi
1458 2602 1590 2635 adversa
1619 2607 1649 2635 et
1674 2600 1832 2642 turbines,
1854 2598 1971 2632 sanctis

1978 226 2031 253 An.
2045 223 2075 253 C.
2093 225 2162 254 ¹588

2025 824 2086 845 Fides
2101 828 2162 845 tran-

1979 860 2121 883 sumptorum.

2006 935 2093 956 Sanctio
2108 941 2162 962 poe-

1979 967 2042 988 natis.
