2226 3070
84 248 270 284 An.[c.31589

110 310 188 331 caum
207 311 271 346 audi·
285 310 383 343 quam
413 299 666 339 commissariae,
694 298 789 332 etiam
810 310 827 332 a
848 298 928 332 Sede
952 298 1038 342 Apo-

83 341 168 397 ἑῗξᾎᾞ
186 345 269 393 αοᾞζῗ
284 354 397 388 stolica
425 353 465 387 ad
498 353 705 386 referendum
739 352 921 395 delegatae,
955 362 1037 395 quac

83 403 270 458 ζζῧόἱᾚξζξέ
285 412 430 451 tempore
445 406 664 440 renovationis
684 405 783 438 Rotae
795 405 977 449 pendebant
992 404 1038 438 in-

82 451 220 488 cefiseflntur-
283 461 420 501 decisae,
457 461 682 503 intelligantur
714 459 804 492 novis
835 459 1036 491 auditoribus

282 514 486 554 commissae,
514 513 569 557 qui
591 513 623 545 in
649 513 735 545 idem
761 512 904 544 tribunal
923 517 952 544 et
973 522 1038 544 ses-

281 567 407 601 sionem
427 567 514 600 iuxta
530 566 679 599 ordinem
691 570 720 598 et
730 567 910 608 prioratum
923 565 1035 597 docto-

281 626 370 654 ratus
381 619 606 654 successerint.

325 674 340 717 ἓ
364 672 417 706 34.
445 672 515 705 Non
541 671 636 704 liceat
656 675 763 703 autem
790 670 865 714 ipsis
892 670 1035 714 praetori

108 743 221 764 Auditor„
244 747 266 764 ,ι
281 732 312 759 et
330 725 535 759 auditoribus
555 725 665 758 abesse
691 730 778 757 extra
794 724 953 757 civitatem
974 725 1036 757 Ma-

80 777 169 826 ξὲζῗξζῐ
184 775 266 831 ⁵⁵12sz
280 784 478 812 ceratensem
509 783 539 811 et
568 777 750 811 districtum
776 777 879 810 dictae
904 778 1034 820 provin-

79 839 114 872 ·311
133 837 265 862 gubernato—
279 831 346 865 ciae
367 831 541 871 Marchiae,
568 830 629 863 nisi
660 841 735 863 cum
764 829 896 862 licentia
922 830 1031 873 legati,

78 867 201 926 2¹:⁹35„
216 873 263 888 ¹¹⁰-
277 884 444 927 vicelegati
465 895 522 917 seu
542 883 769 927 gubernatoris
799 883 942 925 legitime
975 883 1033 916 ob-

277 942 378 978 tenta,
396 943 530 980 excepto
555 942 704 980 tempore
724 936 880 969 seriarum
901 942 1035 980 propter

277 991 487 1024 necessitates
496 989 668 1023 hominum
681 989 954 1030 introductarum,
968 1000 1033 1033 quo

277 1049 425 1088 tempore
446 1044 557 1077 abesse
578 1044 701 1087 possint
725 1054 783 1087 per
802 1053 960 1083 mensem,
979 1043 1035 1076 ob-

276 1103 363 1131 tenta
374 1102 482 1130 tamen
503 1097 612 1141 prius.
633 1098 744 1130 saltem
764 1097 880 1137 verbo,
904 1097 1034 1130 licentia

275 1162 292 1184 a
320 1151 488 1194 praedicto
518 1150 738 1194 gubernatore
766 1161 822 1183 seu
842 1150 1030 1193 vicelegato.

274 1203 320 1236 lta
339 1209 448 1237 tamen
473 1204 560 1247 quod
581 1204 727 1247 ipsorum
749 1203 935 1236 auditorum
955 1209 1034 1236 tem-

274 1267 353 1300 pore
375 1257 616 1300 praedictarum
628 1257 794 1298 seriarum,
805 1262 882 1297 tres,
897 1268 1032 1301 compu-

274 1315 340 1343 tato
360 1316 523 1354 praetore,
547 1310 579 1343 in
596 1310 721 1343 civitate
734 1310 944 1343 Maceratensi
957 1321 1033 1343 con-

275 1363 364 1396 tinue
384 1363 557 1404 resideant,
580 1374 663 1407 quae
678 1370 785 1397 tamen
798 1364 927 1397 licentia
939 1364 1034 1397 detur

274 1416 359 1450 iusta
377 1418 593 1461 praecedente
614 1428 723 1451 causa.

227 1460 232 1466 ⁸
317 1470 333 1513 ἓ
357 1470 410 1504 35.
438 1471 609 1504 Praeterea
626 1477 758 1515 praetor
774 1477 803 1503 et
821 1471 874 1503 alii
892 1476 1034 1514 quatuor

107 1539 259 1566 syndiemque
273 1523 439 1557 auditores
459 1530 543 1557 stare
559 1525 699 1558 debeant
718 1524 750 1557 in
771 1525 941 1569 syndicatu
954 1535 1033 1567 quo-

75 1576 132 1621 ζῗᾞ
149 1571 262 1623 ῃῖζοιζῧέξ
274 1577 353 1610 libet
376 1587 474 1618 anno,
503 1589 576 1611 cum
606 1578 788 1611 retentione
816 1578 923 1611 salarii
950 1578 1033 1610 infra

75 1633 103 1652 (ἦ
119 1632 218 1653 ‘'ehem“-
275 1630 417 1670 dicendi,
439 1631 488 1663 vel
515 1630 658 1664 debeant
677 1636 842 1674 praestare
863 1631 1032 1664 cautiones

275 1682 314 1715 de
333 1682 454 1716 iudicio
475 1683 540 1716 sisti
567 1689 597 1716 et
622 1683 801 1716 iudicatum
823 1684 978 1716 solvendo
999 1684 1031 1716 in

273 1736 377 1769 forma
405 1736 546 1779 depositi
571 1737 603 1769 in
630 1747 727 1770 causa
753 1736 952 1781 syndicatus,
976 1738 1031 1781 qui

273 1789 458 1833 syndicatus
477 1789 549 1823 fieri
575 1790 690 1823 debeat
710 1790 854 1823 kalendis
876 1790 946 1822 iulii
973 1802 1030 1823 eu-

272 1842 403 1875 iuslibet.
423 1842 509 1883 anni,
535 1848 565 1876 et
590 1844 768 1876 successive
790 1844 956 1887 prosequi,
971 1854 1030 1877 nec

271 1895 381 1939 aliquo
398 1897 494 1930 modo
507 1897 556 1930 vel
569 1907 666 1930 causa
685 1898 976 1941 praetermittatur.
993 1898 1031 1930 Et

271 1949 427 1992 quoniam
439 1950 532 1983 multi
543 1950 652 1983 forsan
668 1961 734 1983 non
747 1951 905 1984 auderent
915 1962 1031 1994 quere-

272 2003 352 2043 lare,
370 2010 602 2046 cognoscentes
617 2004 744 2036 finitum
760 2015 824 2037 non
837 2015 904 2037 esse
916 2015 1029 2037 eorum

273 2055 430 2097 officium,
454 2057 526 2090 ideo
546 2067 587 2090 ne
607 2057 840 2100 praecludatur
855 2057 904 2090 via
925 2057 1029 2097 laesis,

273 2109 306 2141 in
326 2109 390 2142 fine
416 2110 633 2153 quinquennii
659 2110 799 2143 debeant
819 2116 903 2143 stare
925 2110 1031 2154 syndi—

274 2163 359 2195 catui
373 2163 412 2195 de
429 2164 581 2196 omnibus
602 2163 718 2204 causis,
732 2168 798 2196 tam
813 2163 989 2196 ordinariis
1001 2169 1030 2196 et

274 2216 508 2249 commissariis
521 2228 618 2260 quam
640 2228 657 2249 a
678 2216 758 2250 Sede
777 2217 961 2260 Apostolica
978 2217 1031 2250 de-

275 2269 401 2311 legatis,
428 2279 465 2302 ac
493 2270 532 2302 de
553 2269 706 2302 omnibus
725 2270 822 2312 gestis
842 2281 901 2314 per
920 2280 976 2303 eos
1000 2276 1028 2303 et

274 2332 387 2354 eorum
408 2323 587 2366 quemlibet
602 2322 791 2366 respective,
806 2328 871 2355 toto
885 2329 1030 2366 tempore

274 2385 389 2408 eorum
410 2375 521 2415 officii,
545 2375 687 2418 exceptis
707 2375 744 2408 iis
756 2375 794 2408 de
810 2375 930 2418 quibus
949 2386 1031 2418 que-

273 2424 411 2456 relatum
433 2429 464 2456 et
484 2424 663 2474 iudicatum
684 2424 797 2457 fuisset
816 2423 849 2456 in
870 2424 941 2457 aliis
957 2435 1030 2468 svn-

272 2472 433 2505 dicatibus
460 2483 621 2505 annorum
637 2472 904 2516 praecedentium
917 2483 1030 2505 eorum

273 2521 384 2554 officii.

317 2570 332 2613 ἓ
357 2569 411 2603 36.
440 2570 571 2614 Syndici
586 2576 696 2603 autem
712 2570 1032 2614 eliganturpercon-

272 2619 381 2653 silium
403 2620 587 2653 credentiae
621 2625 651 2653 et
690 2620 943 2663 gubernatorem
973 2630 1030 2653 seu

97 2579 257 2607 Syndtcatores

70 2611 110 2633 qne
150 2607 257 2634 eliguntur

71 2635 93 2654 ut
112 2634 150 2654 nic.

950 244 1054 269 SIXTUS
1072 245 1092 269 V
1111 245 1159 269 PP.

1747 234 1789 268 87
1849 240 1902 269 An.
1915 240 1945 269 c.
1964 241 2033 269 1589

1078 297 1290 340 vicelegatum
1312 295 1417 329 dictae
1445 295 1582 329 civitatis
1596 297 1832 338 MaceratensiS,

1079 351 1134 394 qui
1156 351 1187 383 in
1208 359 1345 383 numero
1366 349 1429 382 sint
1449 349 1512 382 duo
1534 350 1683 383 doctores
1704 351 1742 383 de
1758 362 1835 384 con-

1079 404 1150 437 silio
1167 403 1363 443 credentiae,
1386 402 1450 435 duo
1472 402 1640 443 causidici,
1661 409 1689 436 et
1711 404 1833 436 addan-

1079 462 1131 489 tur
1161 458 1226 490 duo
1253 462 1451 490 mercatores
1483 466 1543 500 pro
1570 456 1684 489 maiori
1705 462 1735 489 et
1756 458 1833 490 faci-

1078 510 1151 542 liori
1179 510 1343 543 decisione
1372 520 1544 543 causarum
1579 509 1830 549 mercantilium,

1078 562 1102 594 si
1123 574 1206 606 quae
1227 569 1332 596 erunt.
1356 563 1391 596 Et
1414 563 1617 596 contratales
1629 563 1777 607 syndicos
1788 564 1833 597 sic

1078 616 1197 649 electos
1209 617 1298 649 nulla
1309 616 1454 660 exceptio
1466 627 1572 660 neque
1589 616 1686 649 etiam
1706 616 1832 650 incom-

1077 670 1218 711 petentia
1243 670 1363 713 opponi
1385 670 1497 714 possit.

1121 723 1135 765 ἓ
1159 722 1213 755 37.
1228 723 1265 756 Et
1287 724 1311 756 si
1328 724 1400 767 quis
1420 724 1457 757 de
1479 724 1667 757 auditorum
1693 735 1831 758 numero
1895 741 2032 762 Condemnati

1076 775 1420 810 sueritcondemnatus
1431 777 1495 810 doli
1508 782 1538 810 et.
1558 777 1753 817 fraudis,vel
1771 778 1831 811 cir-
1847 774 2033 831 ξζρῃιζῆἶζῗῗζῗ

1077 829 1315 862 cumventionis
1333 835 1386 862 aut
1408 830 1609 873 imposturae
1630 841 1685 863 seu
1702 831 1830 864 barata-
1847 842 1933 862 pressas
1954 837 2031 856 fucus-

1076 881 1156 921 riae,
1178 882 1218 914 sit
1241 882 1385 926 privatus
1406 883 1512 916 officio
1534 894 1591 916 suo
1619 890 1831 927 teneaturque
1847 870 1902 888 ‘⁸¹³²'

1076 935 1115 967 de
1137 935 1255 968 damno
1277 936 1376 979 partis
1402 937 1506 969 laesae
1532 942 1562 969 et
1597 937 1753 980 puniatur
1785 949 1832 970 se-

1076 989 1219 1022 cundum
1253 989 1390 1022 formam
1426 989 1693 1023 constitutionum
1729 991 1831 1024 dictae

1075 1042 1272 1085 provinciae.

1119 1095 1134 1137 ξ
1157 1094 1211 1128 38.
1240 1095 1275 1128 Et
1297 1096 1336 1128 ad
1357 1095 1531 1128 tollendam
1554 1101 1684 1128 'omnem
1706 1097 1833 1129 dubita-
1904 1108 2032 1135 syndicandi

1075 1147 1210 1187 tionem,
1233 1148 1399 1181 auditores
1431 1148 1588 1192 praedicti
1614 1148 1696 1181 infra
1724 1150 1832 1192 proxi·
1847 1141 2033 1198 ςζξὲῖἒιοζῗξζζῗ

1075 1212 1164 1234 mum
1186 1201 1270 1235 diem
1285 1213 1301 1235 a
1316 1202 1368 1235 die
1390 1201 1599 1235 extractionis
1619 1202 1683 1235 sive
1705 1203 1833 1236 electio·
1847 1208 1881 1254 {³2⁵
1910 1207 2032 1254 ξζζξῐῗῇξξὲ

1074 1254 1124 1287 nis
1144 1255 1350 1298 syndicorum
1375 1261 1403 1288 et
1430 1255 1643 1288 intimationis
1661 1256 1832 1289 nominum
1848 1265 1948 1285 debean*-
1995 1247 1999 1252 ⁸

1075 1308 1280 1349 eorumdem,
1309 1308 1446 1341 debeant
1474 1319 1671 1352 proponere,
1694 1309 1833 1352 allegare

1075 1365 1105 1392 et
1126 1360 1245 1394 docere
1266 1372 1375 1394 coram
1398 1361 1613 1408 prioribusct
1636 1362 1742 1404 legato
1769 1362 1833 1395 sive

1075 1413 1161 1446 illius
1181 1415 1399 1457 gubernatore
1420 1415 1598 1458 praedictis
1622 1426 1735 1448 omnes
1756 1427 1833 1448 rau—

1074 1478 1124 1499 sas
1145 1468 1351 1511 suspicionis3
1372 1479 1452 1511 quas
1465 1468 1675 1511 singulariter
1694 1469 1742 1501 vel
1760 1479 1834 1502 con-

1073 1520 1211 1553 iunctim
1248 1521 1420 1554 habuerint
1463 1527 1578 1554 contra
1611 1522 1755 1565 aliquem
1796 1533 1833 1555 ex

1074 1574 1249 1616 praedictis
1281 1574 1433 1617 syndicis,
1466 1581 1501 1607 ut
1533 1586 1632 1618 supra
1661 1576 1830 1618 eligendis,

1073 1638 1152 1669 quas
1183 1627 1245 1671 ipsi
1275 1628 1451 1661 iustificare
1486 1628 1623 1661 debeant
1662 1629 1744 1662 infra
1779 1639 1832 1662 sex

1073 1679 1143 1712 dies
1162 1686 1240 1714 tunc
1259 1681 1407 1724 proxime
1438 1682 1588 1722 futuros3
1617 1688 1645 1714 et
1673 1683 1831 1725 praedicti

1073 1733 1199 1776 priores
1219 1745 1284 1767 una
1305 1745 1377 1767 cum
1401 1735 1506 1778 legato
1527 1735 1591 1768 sive
1612 1736 1831 1778 gubernatore

1073 1786 1177 1820 dictae
1209 1788 1346 1820 civitatis
1377 1788 1604 1822 Maceratensis
1633 1800 1686 1822 eas
1719 1789 1833 1822 admit—

1073 1841 1139 1868 tere
1157 1837 1206 1869 vel
1227 1837 1374 1877 reiicere,
1396 1843 1451 1870 aut
1469 1838 1547 1870 alias
1568 1848 1667 1881 super
1683 1838 1747 1870 illis
1759 1849 1832 1882 pro-

1072 1885 1194 1925 videre,
1227 1891 1323 1928 prout
1344 1886 1417 1926 iuri,
1439 1887 1594 1929 aequitati
1619 1893 1647 1919 et
1670 1887 1831 1920 honestati

1072 1933 1174 1976 magis
1189 1935 1361 1967 convenire
1377 1935 1552 1973 videbitul:
1567 1935 1685 1979 quibus
1701 1946 1753 1968 sex
1766 1936 1832 1968 die-

1071 1982 1132 2015 bus
1157 1983 1365 2023 durantibus,
1397 1984 1506 2017 omnia
1540 1985 1617 2017 dicti
1644 1985 1830 2028 syndicatus

1072 2037 1155 2064 stent
1186 2033 1217 2064 in
1248 2043 1416 2076 suspenso,
1444 2033 1475 2065 in
1503 2034 1640 2077 reliquis
1671 2039 1778 2066 autem
1799 2034 1831 2067 in

1072 2081 1241 2125 syndicatu
1263 2083 1430 2125 praedicto
1452 2083 1582 2115 termini
1604 2089 1633 2115 et
1665 2083 1728 2115 alia
1754 2084 1831 2116 sul)-

1072 2131 1245 2169 stantialia,
1260 2131 1348 2164 iuxta
1361 2132 1610 2165 constitutiones
1631 2132 1735 2165 dictae
1757 2143 1831 2175 pro-

1072 2179 1196 2211 vinciae
1217 2180 1438 2212 observentur.

1116 2228 1131 2271 ᾗ
1155 2228 1208 2261 39.
1239 2229 1278 2261 Ut
1305 2235 1412 2261 autem
1443 2229 1586 2262 habeant
1605 2229 1681 2262 dicti
1703 2230 1831 2263 audito·
1871 2248 2030 2269 vsi-‹nmmu-

1072 2287 1123 2309 res
1139 2288 1174 2309 ac
1190 2283 1321 2321 praetor
1332 2278 1416 2311 unde
1438 2279 1613 2311 sustentari
1628 2279 1763 2322 possint,
1778 2290 1830 2312 or·
1842 2280 1945 2331 {iiffississ
1964 2286 2029 2331 ¹¹¹2&

1073 2327 1223 2359 dinamus
1240 2327 1327 2369 quod
1346 2327 1413 2370 ipse
1430 2334 1574 2371 praetor,
1593 2328 1648 2371 qui
1665 2339 1724 2371 pro
1751 2334 1829 2361 tem·
1843 2317 1893 2368 piat.
1952 2316 1988 2337 W
2005 2318 2009 2331 ¹

1074 2385 1152 2417 pore
1174 2375 1281 2414 suerit,
1302 2386 1361 2418 pro
1383 2386 1441 2408 suo
1462 2377 1579 2409 salario
1600 2376 1717 2409 habeat
1738 2382 1827 2409 scuta

1074 2423 1206 2466 triginta
1218 2430 1367 2457 monetae
1378 2425 1538 2458 Marchiae
1550 2424 1694 2468 quolibet
1704 2435 1826 2464 mense,

1074 2477 1104 2504 et
1124 2473 1258 2516 insuper
1279 2483 1392 2506 omnes
1413 2474 1556 2515 reditus,
1579 2479 1756 2516 proventus
1771 2500 1778 2513 ,
1799 2484 1830 2505 e-

1074 2522 1287 2561 molumenta,
1310 2522 1431 2565 regalia
1456 2528 1487 2555 et
1507 2521 1717 2565 provisiones,
1747 2531 1829 2564 quae

1074 2570 1161 2602 iuxta
1181 2575 1302 2602 statuta
1328 2570 1431 2604 dictae
1461 2571 1608 2611 civitatis,
1640 2571 1688 2603 vel
1714 2581 1750 2603 ex
1771 2580 1828 2613 ap—

1074 2619 1209 2663 probata
1229 2619 1466 2653 consuetudine
1491 2619 1695 2664 praetoribus
1721 2619 1827 2652 dictae
