2226 3070
80 271 134 299 An.
151 271 181 300 C.
199 271 268 299 1588

80 334 147 360 quom
169 337 264 359 congre-
281 329 366 360 rum,
389 319 600 353 declarationi
622 319 807 352 huiusmodi
831 318 976 359 minime,
1000 324 1030 351 ut

80 364 265 416 {iiniii'aetiiitssaiiss
281 384 340 416 par
359 379 454 414 esset,
477 373 719 416 acquiescentes
734 399 741 412 ‚
769 378 799 405 et
827 373 1031 405 decretorum

80 427 264 483 {2¹:53¹JJ:2'0¹¹⁰¹¹
281 427 359 459 dicti
381 427 510 459 concilii
536 427 633 459 verba
659 426 697 458 ad
718 436 831 458 eorum
853 436 981 458 sensum
1004 432 1031 457 et

280 480 477 513 voluntatem
498 480 673 520 trahentes,
691 479 795 512 dictae
811 478 1035 521 congregatio-

280 533 329 566 nis
351 533 537 576 superiores
557 532 589 564 in
609 531 794 575 praemissis
808 531 989 574 inquietare
1003 537 1035 564 et

281 587 421 630 desuper
441 587 613 618 molestare
635 595 672 617 ac
693 594 806 617 eorum
824 584 949 617 iuribus
966 584 1034 627 pri-

281 651 355 673 vare
380 649 445 672 non
465 644 631 671 verentur.

325 694 339 736 ᾖ
364 692 395 725 3.
420 692 525 731 Quare
545 702 616 731 nos,
638 690 783 724 honestis
808 696 839 723 et
859 690 951 723 iustis
972 690 1034 723 hu-

109 751 194 772 Tahbus
219 751 266 786 ¹‘¹³}.-
282 745 419 778 iusmodi
447 744 600 788 precihus
630 743 789 783 inclinati,
812 749 1033 787 opportuniun

83 781 267 835 'iiial'ff‘ais‘ilil
281 798 467 843 praemissis
486 797 669 832 remedium
691 797 847 831 adhihere
876 797 1033 836 volentes,

82 844 266 901 {ssssssjlffiss'pfflss'j
281 852 492 885 declarationi
513 851 699 895 praedictae
720 851 937 891 inhaerentes,
950 861 1037 884 eam-

83 904 266 958 ξὲῑξῗνζῒῃᾞξέξ·
281 916 344 949 que
365 905 481 938 harum
510 905 593 938 serie
618 904 835 948 approbantes
860 910 891 938 et
916 905 1035 937 confir-

282 964 419 999 mantes,
443 958 595 992 omnibus
616 957 882 1001 archiepiscopis,
910 958 1036 1001 episco-

281 1011 331 1055 pis
350 1017 381 1045 et
400 1011 470 1045 aliis
490 1012 639 1045 locorum
666 1010 838 1044 ordinariis
867 1010 898 1043 in
929 1012 1036 1054 regnis

281 1064 455 1108 praedictis
483 1064 733 1098 consistentibus
761 1064 980 1108 praecipimus
1006 1070 1036 1097 et

281 1118 472 1151 mandamus
500 1124 535 1151 ut
560 1118 804 1162 parochialibus
830 1123 862 1151 et
891 1118 962 1151 aliis
988 1130 1037 1152 ec-

281 1171 397 1212 clesiis,
418 1171 451 1204 in
472 1171 591 1215 quibus
609 1182 668 1215 per
688 1171 795 1205 dictae
816 1173 1038 1215 congregatio-

281 1226 331 1259 nis
355 1226 472 1259 sratres
493 1225 675 1259 animarum
697 1236 775 1258 cura
797 1232 979 1267 exercetur,
1007 1232 1039 1260 et

281 1279 421 1320 vicariis,
434 1279 532 1312 etiam
545 1279 725 1323 perpetuis,
738 1280 976 1323 parochialium
990 1291 1039 1313 cc-

283 1332 468 1374 clesiarum,
485 1333 518 1366 in
539 1332 658 1376 quibus
676 1343 735 1376 pro
747 1343 859 1365 earum
878 1337 957 1366 cura
972 1344 1040 1366 sae-

283 1386 410 1419 culares
421 1386 532 1420 clerici
543 1385 692 1429 deputari
702 1392 954 1425 consueverunt,
969 1397 1038 1419 mo-

284 1439 434 1473 nasteriis
455 1445 485 1473 et
498 1439 569 1472 aliis
585 1439 664 1473 locis
680 1440 940 1482 congregationis
956 1441 1039 1473 eius-

284 1494 357 1526 dem
378 1499 537 1538 perpetuo
557 1492 658 1526 unitis
678 1504 737 1536 pro
758 1498 904 1537 tempore
924 1504 1039 1527 vacan-

286 1546 383 1587 tibus,
411 1546 517 1579 edicta
545 1556 744 1591 proponere,
775 1552 806 1579 et
831 1557 1039 1588 concursum,

285 1600 375 1632 iuxta
399 1599 476 1632 dicti
497 1598 628 1633 concilii
660 1599 851 1641 decretum,
883 1600 971 1643 quod
1001 1601 1041 1634 de

285 1652 508 1686 saecularibus
536 1652 680 1686 ecclesiis
706 1657 831 1686 tantum
856 1653 1040 1697 intelligen-

287 1707 365 1739 dum
390 1711 447 1748 est,
468 1707 605 1740 minime
624 1707 664 1740 de
685 1712 793 1740 cetero
818 1707 926 1740 facere
947 1718 1040 1751 prae-

288 1765 428 1794 sumant.

334 1814 350 1858 g
374 1813 407 1847 4.
435 1813 497 1848 Sed
523 1814 689 1857 regulares
708 1813 836 1848 Ordinis
857 1819 890 1848 et
905 1825 1042 1858 congre-

99 1882 223 1903 uomtnaios
238 1886 273 1901 au·
289 1868 427 1911 gationis
452 1867 650 1912 praedictae,
673 1879 710 1902 ac
738 1869 922 1902 saeculares
947 1869 1043 1902 cleri-

90 1914 276 1971 22'52'022,f¹ssf'‘fi.1'.¹
291 1932 356 1962 cos,
370 1923 409 1955 ab
429 1921 575 1955 eiusdem
592 1922 852 1965 congregationis
867 1928 898 1955 et
918 1922 988 1955 aliis
999 1922 1045 1955 di-

91 1977 276 2033 ffiffinisfffl'ffi]
292 1981 417 2009 ctorum
435 1975 709 2009 monasteriorum
721 1976 945 2020 superioribus
957 1976 1045 2009 iuxta

92 2042 154 2073 *genus
202 2036 276 2072 jupani
292 2029 412 2062 dictam
433 2029 698 2063 constitutionem
720 2030 767 2062 Pii
789 2030 811 2061 V
833 2030 942 2063 debito
963 2035 1045 2063 tem-

92 2070 276 2121 i'e'ii'⁸'³m¹¹¹''⁰‘
292 2093 372 2127 pore
396 2082 624 2124 nominandos,
651 2083 677 2116 si
703 2083 742 2116 ab
763 2083 839 2127 ipsis
859 2083 967 2116 idonei
995 2094 1046 2116 re—

294 2135 376 2180 perti
401 2136 533 2177 tuerint,
554 2136 677 2180 absque
706 2137 820 2170 edictis
845 2142 877 2170 et
906 2136 1046 2170 aliorum

294 2200 476 2230 concursu,
504 2190 537 2223 in
569 2190 811 2234 parochialibus
843 2190 986 2224 ecclesiis
1018 2197 1047 2224 et

295 2242 421 2276 vicariis
432 2243 606 2287 praedictis
621 2244 794 2277 admittant
814 2250 847 2278 et
867 2244 1047 2285 instituant,

295 2301 393 2339 prout
422 2306 481 2329 nos
516 2297 731 2330 admittendos
772 2304 802 2330 et
836 2298 1050 2331 instituendos

295 2360 364 2383 esse
393 2350 601 2383 decernimus
629 2356 660 2384 et
685 2351 887 2391 mandamus,
909 2352 996 2394 quod
1018 2352 1050 2384 in

296 2403 532 2447 parochialium
548 2403 760 2437 ecclesiarum
773 2410 801 2438 et
814 2405 1050 2438 beneficiorum

296 2462 408 2485 curam
429 2452 615 2485 animarum
637 2453 842 2494 habentium,
865 2464 949 2497 quae
969 2454 1008 2487 de
1021 2465 1052 2487 e-

296 2501 422 2535 iusdem
448 2501 575 2535 Ordinis
592 2507 624 2535 et
638 2502 899 2546 congregationis
920 2503 1050 2547 iurepa—

297 2555 444 2584 tronatus
464 2550 686 2584 ecclesiastico
711 2551 891 2592 extiterint,
921 2557 952 2585 et
981 2562 1051 2585 sae-

299 2599 464 2633 cularibus
489 2599 615 2633 clericis
640 2600 780 2633 conferri
812 2601 1049 2641 consueverint,

297 2659 411 2683 earum
442 2649 609 2683 vacatione
636 2649 911 2694 quandocumque
931 2660 1049 2684 occur-

948 264 1051 289 SlXTUS
1070 265 1089 288 V
1109 264 1157 288 PP.

1741 254 1777 288 G'l

1077 322 1177 358 rente,
1205 316 1351 360 quamvis
1380 327 1437 360 per
1457 316 1563 350 dictos
1588 316 1759 360 episcopos
1787 318 1825 350 ad

1076 381 1271 403 concursum
1288 376 1316 403 et
1340 380 1473 403 examen
1494 369 1619 401 admitti
1642 369 1775 412 possint,
1799 381 1828 403 a·

1077 424 1109 456 lii
1138 425 1221 457 ultra
1242 435 1308 464 eos,
1332 424 1386 466 qui
1409 434 1465 467 per
1486 423 1630 456 ciusdem
1653 434 1829 466 congregae

1077 478 1172 510 tionis
1196 477 1382 521 superiores
1411 483 1566 520 patronos
1599 482 1694 509 erunt
1722 477 1828 509 nomi·

1077 531 1152 571 nati,
1170 536 1332 574 nequeant
1352 537 1458 563 tamen
1480 541 1539 573 per
1554 530 1684 563 eosdem
1706 530 1831 574 episco-

1078 594 1145 626 pos,
1170 584 1195 616 si
1210 584 1249 616 ad
1269 594 1323 617 eos
1339 583 1511 623 institutio,
1524 588 1555 616 et
1575 593 1639 615 non
1655 583 1693 616 ad
1714 583 1827 623 alium,

1078 637 1258 680 pertineat,
1281 637 1407 670 institui
1440 643 1471 670 et
1503 637 1660 678 ordinari,
1692 637 1753 670 nisi
1784 637 1829 670 illi

1079 696 1216 731 tantum,
1236 691 1291 734 qui
1321 690 1406 724 inter
1431 691 1626 735 approbatos
1646 696 1677 724 et
1696 691 1736 723 ab
1757 702 1830 724 exa-

1078 743 1293 775 minatoribus
1315 744 1449 777 idoneos
1470 744 1830 787 1‘epe1·tos,abciusdem

1078 795 1205 829 Ordinis
1237 802 1267 828 et
1297 797 1557 840 congregationis
1583 798 1747 841 praelatis,
1776 808 1831 840 pa-

1080 850 1180 881 tronis
1202 849 1365 892 digniores
1387 856 1417 883 et
1438 850 1538 893 magis
1558 851 1664 884 idonei
1687 851 1831 892 iudicati,

1079 909 1107 936 et
1130 914 1188 947 pro
1205 903 1407 937 institutione
1428 904 1614 947 recipienda
1630 905 1749 938 eisdem
1765 905 1832 949 cpi-

1078 957 1183 1000 scopis
1204 957 1401 1000 praesentati
1422 957 1554 990 suerint.

1123 1011 1137 1053 ἓ
1162 1011 1193 1044 5.
1220 1010 1313 1049 Quod
1340 1010 1366 1043 si
1392 1011 1551 1044 institutio
1579 1021 1644 1043 non
1678 1011 1717 1043 ab
1756 1011 1833 1055 ipsis
1860 1024 2028 1045 ulmeam...

1079 1063 1250 1108 episcopis,
1272 1064 1326 1097 sed
1347 1064 1387 1097 ab
1408 1064 1479 1097 aliis
1499 1064 1560 1098 erit
1579 1063 1737 1105 facienda,
1756 1070 1832 1098 tunc
1848 1055 2030 1108 ‡}‘''„⁶,¹‡’,¹j{{,“*³‘

1080 1118 1213 1162 quidem
1235 1118 1294 1151 soli
1320 1118 1465 1162 episcopi
1497 1129 1533 1151 ex
1564 1118 1668 1161 dignis
1705 1118 1832 1161 dignio-

1080 1182 1148 1205 rem
1179 1171 1298 1215 eligere
1324 1172 1477 1211 debeant‚
1500 1172 1555 1205 sed
1581 1183 1645 1205 non
1671 1178 1765 1205 antea
1795 1173 1833 1205 ab

1081 1237 1118 1259 eo
1157 1226 1197 1259 ad
1236 1237 1332 1270 quem
1372 1231 1496 1270 spectat
1538 1226 1661 1259 institui
1696 1226 1832 1270 possint,

1080 1290 1178 1323 quam
1199 1279 1238 1312 ab
1255 1279 1376 1313 eisdem
1388 1279 1533 1323 patronis
1553 1281 1581 1313 ei
1603 1279 1721 1313 suerint
1743 1290 1835 1324 prae-

1081 1333 1209 1366 scutati.

1125 1387 1140 1430 ἓ
1164 1386 1195 1419 6.
1223 1386 1343 1429 Sicque
1364 1387 1396 1419 in
1416 1386 1603 1430 praemissis
1624 1397 1682 1430 per
1702 1387 1833 1420 cosdem
1876 1394 1963 1414 Sublata
1984 1399 2017 1413 cm

1082 1446 1114 1473 et
1134 1440 1214 1473 alios
1239 1450 1464 1483 quoscumque
1496 1439 1630 1480 iudices,
1654 1430 2036 1483 ordinarios,igisii'dlievciessi'f

1083 1499 1111 1527 et
1128 1494 1303 1536 delegatos,
1320 1493 1414 1526 etiam
1433 1504 1604 1526 causarum
1622 1493 1733 1526 Palatii
1755 1496 1836 1537 Apo-
1851 1488 1949 1540 Jffj'fu'b
1965 1486 2039 1543 ’ἓξὲξ

1083 1547 1187 1581 stolici
1209 1546 1387 1587 auditores,
1408 1552 1437 1579 ct
1459 1548 1489 1579 S.
1521 1547 1557 1579 R.
1581 1547 1616 1579 Ε.
1641 1547 1833 1586 cardinales,
1852 1550 1956 1571 ¹¹⁰¹¹⁵²³¹5⁵
1978 1551 2039 1568 ΜΝΞ

1083 1601 1115 1634 in
1137 1600 1247 1644 quavis
1273 1610 1370 1634 causa
1397 1606 1424 1634 et
1449 1599 1610 1640 instantia,
1642 1600 1767 1633 sublata
1793 1600 1837 1633 eis

1083 1659 1111 1687 et
1135 1664 1249 1686 coium
1270 1653 1406 1686 cuilibet
1426 1653 1537 1696 quavis
1558 1653 1652 1686 aliter
1672 1653 1837 1686 iudicandi

1084 1714 1113 1741 et
1136 1707 1370 1751 interpretandi
1392 1707 1546 1740 facultate
1571 1713 1602 1740 et
1631 1707 1836 1748 auctoritate,

1084 1761 1206 1805 ubique
1227 1760 1363 1794 iudicari
1390 1766 1422 1793 et
1449 1761 1578 1794 definiri
1605 1761 1742 1801 debere3
1766 1761 1839 1794 irri-

1087 1821 1154 1848 tum
1182 1825 1316 1858 quoque
1355 1820 1386 1847 et
1419 1814 1514 1848 inane
1555 1815 1714 1858 quidquid
1750 1825 1844 1848 secus

1086 1879 1184 1912 super
1203 1868 1252 1900 his
1273 1879 1289 1900 a
1313 1878 1493 1911 quoquam,
1513 1868 1624 1911 quavis
1637 1868 1842 1909 zuict01'itate,

1086 1922 1228 1956 scienter
1255 1922 1304 1955 vel
1327 1921 1524 1964 ignoranter,
1546 1921 1719 1965 contigerit
1738 1927 1843 1956 atten-

1088 1976 1159 2009 tari.

1133 2029 1148 2073 g
1173 2029 1204 2062 7.
1223 2029 1291 2061 Non
1308 2029 1709 2073 obstantibuspraemissis
1719 2040 1755 2063 ac
1766 2040 1844 2063 con-

1090 2082 1314 2116 stitutionibus
1346 2088 1376 2115 et
1403 2083 1664 2116 ordinationibus
1694 2083 1846 2127 apostoli-

1091 2136 1148 2177 cis,
1172 2148 1209 2169 ac
1235 2137 1267 2169 in
1299 2136 1554 2180 provincialilms
1580 2143 1610 2170 et
1639 2137 1847 2181 synodalibus

1091 2190 1237 2224 conciliis
1259 2190 1367 2227 editis:
1391 2190 1517 2223 statutis
1544 2202 1674 2235 quoque
1706 2196 1738 2224 et
1772 2201 1847 2224 con-

1092 2244 1319 2278 suetudinibus
1340 2245 1550 2278 ecclesiarum
1577 2251 1607 2278 et
1637 2245 1848 2279 monasterio-

1094 2309 1166 2330 rum
1200 2298 1459 2341 pt'aedictoiaitn,
1493 2299 1693 2339 iuramento,
1730 2299 1848 2332 confir-

1095 2351 1235 2384 matione
1266 2351 1446 2395 apostolica
1476 2353 1523 2385 vel
1551 2351 1662 2396 quavis
1695 2352 1849 2385 firmitate

1094 2405 1155 2437 alia
1177 2405 1351 2445 roboratis;
1374 2406 1552 2450 privilegiis
1571 2416 1716 2450 quoque,
1738 2406 1848 2438 indul-

1094 2454 1133 2486 tis
1164 2459 1197 2487 et
1226 2454 1340 2487 litteris
1375 2455 1583 2498 apostolicis,
1619 2455 1679 2488 sub
1713 2455 1847 2498 quihus-

1095 2514 1236 2547 cumquc
1257 2504 1425 2537 tenoribus
1459 2510 1487 2538 et
1524 2503 1636 2537 formis
1660 2503 1693 2537 in
1722 2509 1849 2537 eontra-

1095 2552 1179 2584 rium
1206 2552 1454 2595 quomodolibet
1483 2553 1655 2593 concessis,
1685 2553 1847 2597 approba-

1096 2602 1134 2636 tis
1156 2607 1186 2634 et
1206 2601 1374 2635 innovatis.
1397 2602 1520 2642 Quibus
1540 2602 1702 2642 omnihus,
1723 2600 1847 2634 etiamsi

1095 2650 1134 2684 de
1154 2650 1217 2684 illis
1236 2650 1385 2695 specialis
1404 2657 1435 2685 et
1463 2662 1613 2696 expressa
1640 2650 1761 2685 mentio
1791 2650 1848 2683 ha·

1840 264 1892 292 An.
1909 264 1938 291 C.
1958 265 2024 291 1588

1910 2039 2041 2058 suist-intirim

1859 2072 1975 2096 derogatio.
