2226 3070
380 254 422 291 66

337 320 420 353 disse
440 325 471 352 et
491 319 524 352 in
544 318 713 363 praecipiti
734 328 814 351 esse.
837 317 911 350 Ideo
931 322 968 349 ut
986 315 1092 348 homi-

337 384 394 406 nos
414 373 527 406 saltem
552 383 676 416 poenae
697 372 811 404 timore
837 376 867 403 et
887 368 1011 413 proprii
1034 368 1092 401 ho-

337 426 424 459 noris
445 425 635 459 confusione
658 436 675 458 a
697 429 830 468 peccato
851 423 1089 460 deterreantur,

337 490 455 512 novum
486 479 563 512 huic
591 488 714 511 veneno
740 476 919 510 antidotum
946 474 1093 518 cogimur

340 544 546 577 praeparare.
569 533 613 565 Ac
634 536 805 575 propterea
819 530 968 562 volumus
985 534 1019 561 ut
1036 528 1091 572 qui

339 586 577 619 absolutionem
607 591 639 618 et
669 582 942 627 dispensationem
977 582 1092 615 huius-

340 639 427 673 modi
454 644 573 683 petent‚
601 647 741 681 semper,
765 636 913 679 quamvis
935 635 1089 668 delictum

340 692 445 725 adhuc
466 692 631 725 occultum
661 689 813 729 extiterit,
840 700 905 722 non
932 700 990 732 per
1023 689 1092 722 offi-

341 746 427 778 cium
449 745 565 778 Sacrae
580 742 865 783 Poenitentiariae‚
888 742 942 775 sed
964 753 981 774 a
1000 741 1093 775 nobis

340 805 372 832 et
391 809 450 842 pro
475 804 621 841 tempore
642 797 798 830 existente
818 796 964 829 Romano
984 796 1092 829 Ponti-

340 852 400 884 fice
421 851 453 884 in
474 856 614 894 utroque
635 850 704 883 soro
725 849 963 883 absolutionem
985 854 1094 892 petere

342 910 524 944 teneantur;
543 903 690 947 alioquin
712 903 800 947 ipsae
821 902 1047 936 concessiones
1064 908 1095 935 et

339 957 578 998 absolutiones,
606 957 702 990 etiam
734 967 807 989 cum
839 956 985 989 clausula
1012 955 1095 999 quod

337 1010 518 1053 praesentis
553 1009 798 1042 constitutionis
833 1013 924 1041 tenor
960 1012 989 1041 ec
1026 1008 1095 1040 alia

336 1062 507 1105 praedicta.
529 1062 714 1095 habeantur
726 1072 787 1104 pro
807 1062 977 1103 cupressis,
1000 1071 1094 1104 pror-

340 1127 394 1149 sus
418 1116 541 1155 nullae,
572 1115 681 1148 irritae
707 1121 738 1148 et
765 1114 923 1147 invalidae
944 1114 1093 1153 existant,

342 1180 379 1203 ac
404 1169 526 1202 nemini
547 1169 675 1213 penitus
695 1168 925 1211 suffragentur.

387 1224 402 1267 ἓ
427 1224 458 1257 6.
485 1223 649 1263 Ceterum,
672 1223 698 1256 si
719 1222 792 1266 quis
812 1222 946 1255 antistes
965 1222 1013 1255 vel
1038 1222 1095 1255 ab·

342 1277 410 1317 baffi,
439 1277 569 1310 servatis
596 1276 728 1320 quidem
756 1276 882 1308 cunctis
908 1275 1097 1319 praemissis

342 1336 373 1363 et
393 1330 508 1364 ceteris
527 1330 680 1363 omnibus
700 1340 782 1373 quae
805 1329 836 1361 in
858 1329 958 1372 ipsius
982 1334 1095 1362 tonsu-

341 1395 396 1417 rae
426 1390 454 1417 et
485 1384 637 1417 ordinum
659 1383 832 1416 collatione
852 1382 1015 1415 observari
1040 1382 1096 1416 de-

342 1437 428 1477 bent,
453 1447 607 1481 personas
629 1436 754 1469 habiles
774 1442 805 1469 et
821 1436 964 1475 idoneas,
985 1436 1040 1468 sed
1054 1441 1097 1468 ta-

343 1501 416 1523 men
438 1496 571 1535 recepta
585 1490 624 1523 ab
643 1490 692 1531 iis,
715 1489 834 1533 quibus
855 1497 1020 1523 tonsuram
1043 1495 1098 1522 aut

342 1543 472 1577 ordines
483 1544 640 1584 conseret,
654 1543 806 1587 pecunia,
823 1543 927 1587 pretio
940 1543 987 1575 vel
1003 1552 1097 1586 prae-

343 1598 407 1630 mio
420 1597 596 1630 simoniace
610 1597 642 1630 in
660 1597 807 1629 futurum
829 1595 1031 1638 insigniverit
1048 1596 1097 1628 vel

342 1650 711 1693 promoverit‚volumus
725 1655 770 1689 ut,
788 1654 917 1692 praeter
936 1648 1014 1682 alias
1025 1659 1098 1682 cen-

342 1715 433 1736 suras
453 1710 483 1736 et
499 1714 620 1748 poenas
637 1709 750 1736 contra
761 1702 937 1736 simoniace
946 1702 1099 1735 ordinan-

343 1764 388 1790 tes
401 1763 431 1790 et
443 1757 609 1790 ordinatos
629 1768 646 1789 a
667 1756 767 1790 sacris
788 1756 967 1789 canonibus
982 1761 1098 1789 etcon-

343 1810 565 1844 stitutionibus
591 1809 778 1854 apostolicis
804 1809 882 1842 alias
911 1808 1048 1841 inflictas
1068 1814 1099 1842 et

343 1864 511 1907 irrogatas,
523 1864 644 1908 quibus
664 1874 869 1908 nequaquam
883 1863 1040 1905 derogare
1052 1862 1099 1895 in-

343 1917 518 1958 tendimus,
541 1917 638 1950 etiam
659 1917 769 1950 omnia
789 1923 820 1949 et
840 1915 966 1959 singula
984 1926 1098 1960 supra-

343 1970 428 2004 dicta
459 1971 491 2003 in
520 1971 565 2003 sic
590 1969 857 2014 promoventibus
885 1975 916 2002 et
941 1969 1099 2013 promotis

344 2025 451 2057 locum
474 2024 625 2058 habeant.

389 2079 403 2121 ἓ
425 2077 454 2110 7.
476 2078 692 2111 Decernentes
704 2077 1026 2121 praesenteslitteras
1039 2076 1099 2108 sub

344 2130 511 2173 quibusvis
535 2129 815 2169 concessionibus,
838 2128 1045 2162 facultatibus
1069 2134 1100 2161 et

344 2184 476 2227 gratiis,
508 2184 605 2216 etiam
627 2184 659 2215 in
686 2183 814 2215 casibus
839 2182 1100 2226 quibuscumque

345 2237 417 2270 Sedi
439 2236 644 2280 Apostolicae
667 2236 927 2279 quomodolibet,
950 2236 1045 2268 etiam
1066 2235 1099 2267 in

345 2291 434 2323 bulla
453 2290 579 2323 Coenae
604 2289 752 2329 Domini,
784 2289 968 2328 reservatis,
1003 2289 1099 2321 etiam

345 2343 405 2375 sub
431 2343 563 2376 nomine
590 2342 723 2375 iubilaei
749 2343 884 2385 plenarii
905 2342 953 2374 vel
975 2340 1099 2374 crucia-

347 2402 396 2428 tae
408 2400 551 2435 sanctae,
567 2394 753 2427 absolvendi
771 2395 954 2427 facultatem
968 2394 1100 2437 quibus-

348 2444 391 2477 vis
404 2444 552 2487 personis
571 2443 766 2485 generaliter
784 2443 833 2475 vel
850 2442 1101 2487 specialitertri-

347 2492 536 2531 huentibus,
547 2492 681 2524 minime
693 2491 940 2535 comprehendi,
950 2491 1003 2524 sed
1019 2501 1101 2524 sem-

347 2552 406 2585 per
422 2542 461 2574 ab
481 2541 545 2574 illis
566 2546 714 2584 exceptas
734 2551 802 2573 esse
827 2545 857 2573 et
877 2540 1013 2573 censeri.

391 2591 406 2633 ἓ
430 2590 461 2624 8.
489 2589 606 2632 Sicque
625 2589 657 2621 in
687 2588 872 2633 praemissis
892 2588 1050 2621 universis
1070 2594 1100 2621 et

347 2638 483 2682 singulis
498 2649 557 2682 per
576 2648 801 2682 quoscumque
821 2637 946 2671 iudices
963 2644 993 2670 et
1013 2647 1102 2671 com-

139 269 191 297 ΑΒ.
209 266 238 296 C.
253 267 322 296 1589

170 1282 254 1303 Poenae
268 1287 327 1302 con-

141 1319 174 1335 ιιε
211 1315 327 1334 simoniace

141 1348 293 1372 promovemus
305 1348 328 1365 el

142 1379 258 1403 promnion.

215 2138 328 2158 Clau-uta·

145 2170 327 2196 praetem-tino.

933 263 1113 288 BULLARIUM
1132 262 1284 286 ROMANUM

1134 314 1310 353 missarios,
1337 313 1433 346 etiarn
1460 322 1632 345 causarum
1661 311 1773 345 Palatii
1798 312 1885 356 Apo-

1133 367 1239 401 stolici
1265 367 1429 399 auditores
1467 371 1498 399 et
1524 365 1659 399 Sanctae
1687 365 1724 398 R.
1746 365 1781 398 E.
1817 376 1887 399 car-

1134 420 1278 459 dinales,
1308 420 1435 453 sublata
1467 418 1512 452 eis
1541 424 1572 451 et
1606 428 1719 451 eorum
1754 418 1887 452 cuilibet

1134 474 1245 517 quavis
1278 473 1372 506 aliter
1397 472 1563 505 iudicandi
1592 477 1623 505 et
1652 471 1887 515 interpretandi

1135 527 1305 566 facultate,
1337 526 1369 559 in
1395 526 1506 569 quavis
1532 536 1629 559 causa
1656 530 1685 558 et
1722 524 1885 563 instantia,

1135 579 1272 613 iudicari
1302 585 1333 612 et
1358 578 1487 612 definiri
1516 578 1655 618 debere;
1691 588 1728 611 ac
1758 577 1887 610 irritum

1135 639 1166 666 et
1185 632 1280 666 inane
1297 632 1451 676 quicquid
1474 643 1567 665 secus
1584 642 1683 675 super
1703 631 1752 664 his
1772 642 1790 664 a
1809 641 1889 674 quo-

1135 697 1249 729 quam,
1280 686 1392 729 quavis
1420 685 1635 725 auctoritate,
1669 684 1807 717 scienter
1841 683 1890 717 vel

1136 740 1334 783 ignoranter,
1356 739 1527 783 contigerit
1546 738 1710 772 attentari.

1180 793 1195 836 ἓ
1219 792 1250 825 9.
1277 793 1347 825 Non
1371 793 1576 826 obstantibus
1605 791 1890 825 constitutionibus

1136 852 1167 879 et
1192 846 1454 879 ordinationibus
1477 846 1676 889 apostolicis,
1699 857 1736 878 ac
1760 845 1793 878 in
1814 856 1890 878 con-

1136 899 1230 939 ciliis,
1244 899 1341 932 etiam
1355 899 1573 942 generalibus,
1587 898 1694 939 editis,
1709 898 1889 943 ceterisque

1137 952 1308 985 contrariis
1327 952 1602 996 quibuscumque.

1182 1007 1196 1049 ἓ
1221 1006 1273 1039 10.
1302 1006 1341 1039 Ut
1359 1011 1468 1039 autem
1493 1012 1679 1050 praesentes
1704 1006 1829 1038 litterae
1856 1016 1890 1038 o-

1138 1060 1268 1093 mnibus
1290 1060 1510 1099 innotescant,
1538 1060 1731 1092 mandamus
1756 1059 1827 1092 illas
1851 1058 1890 1092 ad

1138 1113 1241 1146 valvas
1254 1113 1362 1146 Sancti
1373 1113 1503 1146 Ioannis
1516 1112 1742 1146 Lateranensis
1759 1117 1791 1145 et
1801 1111 1892 1145 Prin-

1139 1166 1220 1210 cipis
1238 1167 1468 1210 Apostolorum
1494 1166 1533 1199 de
1557 1166 1642 1199 Urbe
1666 1165 1890 1205 basilicarum,

1138 1226 1170 1253 et
1190 1220 1223 1253 in
1243 1220 1311 1253 acie
1321 1220 1432 1264 Campi
1443 1220 1557 1253 Florae
1572 1219 1658 1262 affigi
1674 1224 1706 1252 et
1718 1218 1891 1262 publicari,

1139 1279 1169 1307 et
1203 1279 1275 1317 post
1312 1273 1500 1317 quindecim
1534 1273 1613 1313 dies,
1654 1273 1709 1316 qui
1748 1272 1781 1305 in
1807 1271 1893 1305 Urbe

1139 1332 1225 1367 sunt,
1257 1327 1312 1370 qui
1338 1337 1413 1360 vero
1439 1332 1528 1359 extra
1548 1336 1618 1359 eam
1640 1331 1671 1359 et
1698 1325 1779 1358 citra
1799 1335 1892 1358 mon-

1139 1385 1197 1420 tes,
1219 1380 1303 1413 intra
1328 1385 1470 1424 quatuor
1497 1390 1646 1419 menses,
1677 1379 1733 1423 qui
1760 1379 1892 1412 demum

1140 1434 1225 1466 ultra
1245 1439 1372 1466 montes
1392 1439 1501 1474 erunt,
1529 1427 1619 1466 intra'
1635 1439 1707 1466 octo
1729 1442 1856 1465 menses
1876 1442 1894 1464 a

1140 1487 1192 1520 die
1226 1487 1458 1531 publicationis
1483 1487 1672 1520 huiusmodi
1702 1491 1894 1529 computan-

1140 1541 1232 1582 dum,
1261 1541 1398 1585 perinde
1425 1541 1555 1574 afficere
1588 1545 1620 1574 et
1645 1544 1784 1580 arctare,
1806 1550 1843 1572 ac
1868 1538 1893 1571 si

1140 1605 1254 1628 eorum
1270 1595 1389 1637 cuique
1401 1594 1616 1638 personaliter
1629 1593 1794 1626 intimatae
1813 1592 1894 1625 fuis-

1140 1650 1221 1677 sent.

1184 1693 1198 1736 ἓ
1223 1693 1275 1725 11.
1304 1694 1348 1726 Ac
1374 1693 1564 1726 earumdem
1591 1691 1810 1735 praesentium
1845 1691 1896 1724 lit-

1141 1749 1282 1776 terarum
1304 1743 1478 1787 exemplis,
1507 1741 1602 1774 etiam
1628 1740 1806 1784 impressis,
1835 1745 1892 1774 etc.

1185 1792 1200 1835 ἓ
1225 1791 1278 1824 102.
1306 1791 1391 1824 Nulli
1412 1801 1489 1833 ergo
1510 1790 1643 1823 omnino
1663 1789 1834 1823 hominum
1856 1789 1895 1821 li-

1141 1847 1210 1874 ceat
1225 1845 1282 1874 etc.

1185 1889 1300 1923 Datum
1319 1890 1439 1923 Romae
1464 1889 1550 1933 apud
1576 1889 1730 1922 Sanctum
1751 1887 1894 1928 Petrum,

1141 1950 1226 1972 anno
1256 1939 1493 1972 incarnationis
1513 1938 1694 1971 dominicae
1723 1937 1897 1971 millesimo

1141 1988 1403 2032 quingentesimo
1429 1987 1650 2030 octuagesimo
1675 1997 1777 2026 nono,
1802 1986 1898 2020 nonis

1142 2037 1294 2077 ianuarii,
1317 2036 1525 2080 pontificatus
1544 2035 1646 2069 nostri
1668 2046 1753 2068 anno
1764 2041 1894 2079 quarto.

1182 2100 1242 2130 Dat.
1262 2100 1308 2130 die
1324 2100 1341 2128 5
1358 2100 1475 2130 ianuar.
1492 2099 1578 2134 1589,
1597 2098 1702 2138 pontis.
1723 2107 1800 2127 anno
1819 2107 1857 2128 iv⁴

1467 2201 1567 2235 CXLI.

1142 2266 1188 2298 De
1208 2266 1323 2298 habitu
1347 2270 1376 2298 et
1403 2269 1538 2298 tonsura
1567 2264 1753 2296 clericorum
1780 2268 1809 2296 et
1833 2264 1897 2296 mi-

1186 2314 1282 2347 litum
1317 2314 1471 2357 beneficia
1501 2313 1716 2346 ecclesiastica
1748 2313 1897 2346 obtinen-

1188 2364 1270 2395 tium
1295 2362 1322 2395 '¹.

1215 2430 1310 2458 Sixtus
1331 2429 1483 2465 episcopus,
1496 2436 1594 2457 servus
1610 2436 1751 2457 servorum
1770 2428 1831 2462 Dei,

1281 2479 1315 2506 ad
1340 2479 1502 2514 perpetuam
1528 2478 1570 2505 rei
1593 2478 1765 2506 memoriam.

1187 2541 1266 2574 Cum
1283 2546 1522 2574 sacrosanctam
1530 2539 1785 2579 DeiEcclesiam,
1799 2550 1897 2583 quam

1181 2606 1190 2630 1
1210 2603 1251 2631 Ad
1263 2603 1316 2631 hoc
1328 2604 1415 2631 habes
1426 2603 1509 2631 etiam
1518 2603 1623 2631 concil.
1643 2602 1717 2631 Trid.
1730 2602 1758 2629 in
1770 2609 1840 2629 sess.
1854 2603 1898 2635 14,

1143 2655 1205 2683 cap.
1227 2648 1254 2682 6,-
1275 2652 1303 2675 et
1317 2655 1387 2676 sess.
1405 2647 1452 2682 ⁹23,
1473 2654 1536 2683 cap.
1554 2648 1571 2676 6
1585 2651 1613 2675 et
1628 2647 1671 2675 17.

1902 258 1956 287 An.
1973 257 1992 286 C
2018 258 2087 287 1589

1927 320 2041 342 not-retum
2056 321 2087 340 ti·-

1900 354 1955 373 ‹itai›
1961 358 1978 373 ι.

1931 807 2043 828 Ctnuuutna
2054 806 2090 827 de-

1905 839 2035 864 togaton-o.

1932 1024 2005 1045 Forma
2020 1027 2041 1044 et
2057 1023 2090 1045 ot-

1906 1055 1976 1076 tectun
1998 1055 2092 1082 pubiicu-

1907 1087 1972 1107 tionis
2029 1087 2090 1107 huiu-

1907 1118 2075 1139 constitutionis,

1936 1703 2000 1726 Fidon
2023 1709 2096 1726 oxom-

1911 1736 2002 1764 plorum.

1939 1795 2026 1814 Snuctto
2042 1799 2096 1820 poe-

1913 1824 1975 1845 nutis.

1939 2559 2061 2582 &ordinm-
