2226 3070
26 229 208 260 An.C.1588

222 279 363 314 victoriis
378 280 536 312 illustrem
559 288 667 317 carne,
694 277 825 316 mundo,
844 276 973 308 diabolo

223 344 281 378 per
299 334 354 366 Dei
374 333 509 375 gratiam
521 331 660 371 devicto,
684 330 971 369 coronaiustitiac,

223 398 306 432 quae
340 387 386 419 illi
425 387 464 419 ab
493 385 580 419 omni
610 385 798 418 aeternitate
834 383 973 427 reposita

224 447 305 480 erat,
340 451 498 474 coronare
536 439 740 478 decrevisset,
779 447 974 480 servumque

224 493 444 539 multiplicatis
480 492 607 526 talentis
638 491 847 530 industrium,
888 496 918 522 et
942 490 974 521 in

224 560 327 593 pauca
346 548 474 581 fidelem
501 556 598 589 supra
627 545 727 577 multa
761 544 971 583 constituere,

225 602 307 636 etin
331 600 484 643 gaudium
511 598 605 631 vellet
632 597 758 630 Domini
788 597 836 629 sui
872 597 973 629 intro-

222 656 351 694 ducere,
371 654 484 686 beatus
499 652 635 685 Didacus
656 651 688 684 in
699 655 863 684 senectute
875 650 971 691 bona,

223 708 336 751 plenus
356 705 482 739 dierum
508 711 539 738 et
566 715 704 748 operum
736 705 908 743 bonorum,
943 703 974 735 in

222 765 382 794 conventu
393 758 626 803 Complutensi,
639 758 748 802 inquo
769 767 871 790 annos
887 767 975 790 com-

222 815 330 858 plures
357 819 403 846 est
434 818 674 853 commoratus,
715 811 746 843 in
784 821 974 855 supremum

222 868 372 900 morbum
394 866 517 906 incidit,
548 866 580 899 in
600 876 664 909 quo
698 864 896 897 incredibilis
917 875 973 907 pa-

222 921 353 954 tientiae
373 920 557 963 exemplum
578 918 738 962 praebuit.
761 918 904 956 Quadam
921 929 976 950 au-

224 981 287 1008 tem
308 979 402 1008 nocte
422 980 510 1008 extra
530 984 563 1006 se
580 978 701 1016 raptus,
722 983 818 1005 sensu
839 971 926 1004 omni
945 976 975 1004 et

223 1029 310 1062 vitali
331 1033 420 1061 motu
459 1027 588 1068 amisso,
612 1027 655 1059 ita
694 1032 730 1059 ut
758 1037 776 1058 a
796 1025 924 1058 medico
945 1034 976 1058 et

224 1083 280 1127 qui
319 1083 486 1116 adstabant
522 1080 676 1113 fratribus
709 1085 856 1112 mortuus
882 1079 975 1122 plane

224 1137 423 1176 crederetur,
446 1135 575 1168 tandem
597 1135 701 1167 soluta
719 1133 844 1172 ecstasi,
859 1138 905 1165 ter
922 1137 977 1165 aut

223 1196 338 1235 quater
358 1191 438 1223 haec
457 1189 555 1222 verba
574 1189 703 1221 locutus
723 1192 780 1220 est:
814 1186 839 1220 Ο
869 1186 977 1230 qualcs

223 1245 315 1288 flores
341 1244 435 1277 habet
442 1242 628 1287 paradisus.
651 1242 685 1274 In
707 1241 886 1285 profundae
902 1249 976 1272 vero

224 1297 416 1330 humilitatis
436 1296 590 1335 statione,
614 1306 717 1338 usque
737 1295 776 1328 ad
797 1300 976 1327 extremum

223 1352 304 1385 vitae
324 1350 473 1394 spiritum
494 1349 715 1389 servanda,ita
736 1349 849 1381 firmus
869 1358 978 1380 mane-

225 1407 289 1446 bat,
312 1405 356 1438 ita
376 1414 536 1448 nusquam
558 1403 598 1436 de
614 1414 672 1436 suo
693 1403 764 1435 loco
786 1402 974 1441 decedebat,

226 1465 261 1493 ut
285 1457 359 1492 cum
380 1459 494 1491 fratres
515 1457 632 1499 singuli
653 1456 691 1489 ab
709 1466 747 1489 eo
777 1461 922 1500 peterent
945 1461 979 1487 ut

226 1524 285 1558 pro
305 1513 382 1557 ipsis
410 1517 528 1551 oraret,
560 1510 628 1554 ipse
659 1515 770 1543 contra
801 1521 833 1543 se
865 1520 977 1542 eorum

228 1565 429 1600 orationibus
447 1565 655 1598 vehementer
666 1563 927 1603 commendabat,
945 1568 981 1595 ut

228 1620 303 1664 ipsis
328 1630 387 1664 pro
422 1629 460 1652 eo
485 1619 587 1652 Deum
612 1617 790 1657 orantibus,
818 1617 979 1650 bonorum

227 1685 363 1718 operum
384 1674 521 1713 fructus,
544 1682 641 1716 quem
664 1671 710 1703 illi
732 1672 764 1704 in
782 1676 911 1704 sanctae
924 1669 981 1704 Re-

227 1727 354 1771 ligionis
383 1725 587 1759 observantia
626 1725 884 1764 cumulaverant,
921 1723 980 1757 sibi

228 1791 358 1826 quoque
379 1791 397 1814 a
416 1780 480 1813 Deo
501 1779 812 1819 communicaretur,
830 1784 926 1822 atque
939 1778 982 1811 ita

229 1833 486 1868 misericordiam
508 1832 708 1877 impetraret.

273 1888 361 1932 5115.
385 1888 563 1927 Postremo,
588 1897 663 1920 cum
690 1896 723 1919 se
754 1886 817 1919 iam
843 1885 982 1919 moritu-

57 1957 77 1977 s.
94 1956 214 1977 niaacusin
230 1953 301 1976 rum
318 1942 524 1984 intelligeret,
546 1940 673 1974 comitis
694 1939 780 1973 illius
801 1944 831 1972 et
851 1939 984 1972 adiutri-

31 1987 215 2016 ⁸m⁹¹⁰¹'¹⁶'¹¹⁰⁵⁵'
231 1997 276 2030 cis
296 1996 512 2036 fidelissimae,
532 2005 615 2039 quae
631 1994 723 2027 illum
739 1993 882 2026 inhuius
902 1993 983 2026 vitae

47 2027 91 2042 uam
127 2023 216 2039 mssleO

31 2028 141 2077 3³¹³80¹¹¹¹¹¹
196 2051 217 2069 ⁶²
231 2049 491 2095 peregrinatione
509 2059 690 2093 numquam
708 2048 907 2087 deseruerat,
923 2047 985 2081 hoc

33 2084 54 2104 in
64 2082 128 2104 cordo
138 2083 160 2101 et
167 2085 218 2101 cor-

33 2117 216 2146 νοτοιοωροτες»
233 2110 279 2138 est
298 2109 427 2137 sanctae
446 2103 660 2148 paupertatis,
676 2113 829 2146 supremo
842 2102 923 2135 vitae
934 2101 985 2134 die

35 2143 218 2197 :iiwissemb‘iii
233 2168 298 2191 non
331 2157 460 2198 oblitus,
493 2157 549 2190 sed
577 2156 609 2189 in
643 2156 712 2190 eius
750 2156 865 2190 intimo
890 2156 983 2197 sinu,

36 2205 220 2260 ssssgfflh'dffifflj
235 2222 332 2255 quam
353 2211 490 2244 maxime
506 2211 577 2244 fieri
593 2215 712 2255 posset,
730 2210 880 2254 spiritum
897 2210 987 2243 emit-

35 2268 223 2321 vi¹‚5⁵⁰¹=l¹⁰¹{5-
237 2269 305 2298 tere
337 2265 484 2309 cupiens,
526 2263 708 2298 convocatis
732 2263 897 2305 fratribus,
934 2274 988 2297 eos

35 2302 173 2360 Zl'ssmf'ilc‘f
198 2307 222 2320 ⁸-
239 2318 353 2352 obnixe
373 2319 496 2362 rogavit
521 2323 556 2351 ut
579 2317 638 2350 sibi
663 2323 782 2351 vestem
810 2318 987 2351 obsoletam

238 2378 269 2406 et
288 2373 439 2413 laceram,
459 2371 671 2414 habitumque
700 2371 847 2405 omnium
871 2371 987 2405 vilissi-

238 2432 340 2463 mum,
355 2422 388 2455 in
399 2432 464 2466 quo
476 2427 670 2461 moreretur,
684 2421 913 2462 concederent;
924 2432 988 2465 quo

237 2471 420 2516 impetrato,
452 2471 561 2504 multis
587 2470 727 2516 profusis
756 2470 918 2515 lacrymis,
950 2471 989 2503 ab

237 2521 287 2554 his
303 2521 359 2564 qui
384 2521 563 2561 adstabant,
585 2519 801 2554 offensionum
821 2525 917 2563 atque
937 2530 988 2553 er—

237 2574 382 2603 ratorum
396 2569 522 2603 veniam
534 2569 717 2613 postulavit,
732 2568 849 2612 quibus
861 2568 990 2612 copiose

238 2619 566 2666 collacrymantibus,
607 2618 695 2664 ipse,
735 2629 833 2652 cruce
868 2618 990 2663 lignea,

884 223 987 247 SIXTUS
1007 223 1025 245 V
1045 222 1092 246 1³1¹.

1685 209 1727 242 13

1017 275 1167 319 quamad
1189 279 1285 317 caput
1307 273 1457 311 habebat,
1479 280 1618 316 arra-pta,
1634 284 1770 316 eantque

1017 329 1184 372 amplexus
1215 333 1247 360 et
1278 328 1453 367 osculatus,
1477 332 1615 370 utroque
1636 327 1770 359 brachio

1018 383 1050 415 in
1076 383 1174 414 altum
1197 381 1322 414 sortiter
1347 380 1472 413 sublato
1494 382 1582 417 (cum
1604 386 1711 413 tamen
1728 381 1771 413 al-

1019 442 1123 469 terum
1144 435 1229 477 gravi
1255 439 1453 479 apostemate
1475 440 1601 467 tumens
1622 446 1659 466 ae
1680 435 1769 467 debi-

1017 490 1143 522 litatum
1164 494 1258 522 antea
1268 499 1396 521 movere
1408 498 1472 521 non
1494 488 1675 531 potuisset),
1695 499 1771 520 octi-

1018 542 1121 585 lisque
1147 543 1178 574 in
1199 542 1293 575 vitale
1314 541 1440 584 signum
1462 541 1586 581 defixis,
1608 541 1703 574 verba
1718 541 1772 573 illa

1018 607 1055 628 ex
1067 607 1158 628 sacro
1179 596 1442 639 ltyinno,1nagno
1461 595 1576 628 ass'ectu
1591 605 1772 638 maenoquc

1018 649 1144 692 pietatis
1151 649 1265 691 spiritu
1278 648 1515 692 pronunciavit:
1526 649 1623 682 Dulce
1632 649 1754 691 limium
1763 676 1770 689 ,

1017 703 1120 735 dulces
1140 702 1255 741 atavos,
1282 703 1390 735 dulcia
1403 703 1508 744 serens
1522 703 1678 745 pondera,
1694 713 1774 747 quae

1017 756 1084 788 sola
1109 756 1205 797 suisti
1235 756 1337 798 (liqna
1364 760 1495 799 portam>
1531 757 1647 799 Reycm.
1672 757 1771 789 coelo-

1018 819 1090 841 rum
1111 813 1140 841 et
1164 808 1357 846 Dominum·
1381 820 1463 852 quae
1485 820 1558 842 cum
1580 810 1721 850 dixisset,
1739 810 1769 842 in

1018 862 1087 905 ipso
1119 861 1303 894 salutiferae
1334 862 1440 895 crucis
1470 864 1652 906 complexu,
1676 875 1772 907 quam

1019 916 1114 949 unice
1135 916 1304 956 dilexerat,
1327 927 1425 959 quam
1456 916 1487 949 in
1509 918 1605 949 eorde
1636 923 1667 950 ct
1701 929 1772 951 cor-

1018 980 1097 1013 pore
1118 980 1246 1013 semper
1277 975 1467 1012 gestaverat,
1502 969 1533 1002 in
1566 981 1629 1013 qua
1649 971 1773 1003 Christo

1019 1023 1164 1057 confixus
1185 1028 1216 1056 et
1235 1023 1357 1056 mundo
1379 1023 1553 1056 crucifixus
1574 1024 1690 1063 suerat,
1708 1025 1774 1057 ani-

1019 1089 1104 1110 mam
1136 1077 1264 1117 efflavit,
1297 1083 1327 1110 et
1353 1077 1385 1110 in
1414 1078 1550 1110 Domino
1581 1079 1772 1111 obdormivit

1019 1131 1123 1175 pridie
1162 1131 1234 1163 idus
1278 1131 1477 1172 novembris,
1517 1142 1602 1164 anno
1648 1132 1775 1165 Domini

1019 1194 1172 1218 MCDanl.

1063 1240 1078 1281 ,ξ
1104 1239 1159 1274 16.
1195 1239 1241 1271 Ad
1280 1238 1350 1271 eius
1388 1249 1506 1282 corpus
1543 1239 1642 1281 (beati
1667 1239 1775 1272 Didaci

1020 1299 1123 1326 morte
1143 1292 1266 1335 audita)
1292 1293 1399 1335 magni
1426 1292 1570 1336 undique
1600 1304 1777 1327 concursus

1021 1346 1106 1386 sacti,
1148 1346 1228 1378 illud
1268 1346 1380 1379 devote
1414 1357 1526 1379 omnes
1565 1347 1773 1390 contingere,

1020 1400 1158 1433 amictus
1179 1399 1355 1443 particulas
1380 1400 1620 1443 praescindere,
1643 1401 1777 1444 capillos

1021 1453 1200 1487 devotionis
1221 1464 1316 1486 causa
1344 1454 1494 1489 evellere,
1526 1454 1657 1486 demum
1694 1455 1776 1488 cliri-

1022 1508 1124 1541 stiano
1149 1507 1213 1540 ritu
1252 1518 1371 1551 corpus
1400 1507 1580 1540 honorilice
1606 1508 1774 1541 humatum

1022 1567 1079 1595 est.
1098 1562 1155 1594 Hic
1176 1561 1239 1594 iam
1269 1561 1376 1594 statim
1390 1561 1473 1594 Deus
1494 1561 1612 1595 mortui
1625 1562 1705 1595 servi
1718 1563 1777 1603 sui,

1023 1615 1075 1648 cui
1105 1615 1136 1647 in
1166 1614 1230 1647 vita
1255 1620 1448 1658 cooperatus
1478 1616 1594 1656 fuerat,
1628 1616 1778 1650 eximiam

1023 1669 1224 1703 sanctitatem
1255 1669 1354 1712 signis
1393 1669 1602 1712 sequentibus
1628 1681 1779 1715 compro-

1022 1724 1117 1757 bavit.
1145 1724 1224 1757 Nam
1258 1734 1388 1767 corpus,
1410 1724 1497 1767 quod
1518 1724 1583 1757 iam
1605 1725 1779 1768 quatriduo

1023 1778 1114 1811 humi
1127 1778 1289 1821 sepultum
1302 1778 1417 1819 fuerat,
1432 1778 1562 1817 iterum,
1577 1789 1641 1811 non
1658 1780 1779 1822 absque

1024 1832 1173 1865 miraculi
1194 1831 1387 1873 interventu,
1407 1832 1572 1872 effossum,
1588 1843 1653 1866 non
1673 1834 1778 1866 solum

1026 1885 1187 1928 integrum
1213 1885 1506 1930 incorruptumque
1526 1886 1688 1930 apparuit,
1725 1888 1779 1920 sed

1026 1950 1099 1972 cum
1115 1951 1172 1983 per
1191 1940 1310 1973 multos
1326 1950 1463 1979 menses,
1484 1945 1519 1972 ut
1535 1940 1589 1984 pio
1610 1940 1717 1973 studio
1733 1952 1781 1973 sa-

1027 1993 1171 2033 tisfieret,
1210 1999 1240 2026 et
1266 1993 1383 2026 civium
1410 1998 1440 2025 et
1469 1993 1629 2035 aliorum,
1656 1994 1712 2037 qui
1744 2006 1780 2027 ex

1027 2047 1160 2080 diversis
1181 2047 1328 2091 partibus
1340 2047 1567 2088 accurrebant,
1582 2047 1779 2091 insepultum

1028 2101 1189 2141 iacuisset,
1206 2112 1271 2134 non
1291 2101 1503 2144 computruit,
1521 2102 1649 2134 nullum
1662 2108 1780 2135 tetrum

1028 2156 1161 2189 odorem
1183 2155 1298 2188 emisit.
1323 2156 1425 2188 Immo
1446 2166 1521 2188 vero
1547 2166 1665 2199 corpus
1686 2157 1778 2195 illud,

1029 2210 1115 2253 quod
1133 2209 1239 2243 vivens
1259 2209 1399 2253 Spiritus
1420 2209 1527 2243 Sancti
1548 2210 1705 2253 templum
1716 2211 1783 2244 suc-

1030 2269 1090 2303 rat,
1119 2263 1252 2296 odorem
1282 2263 1506 2296 suavissimum
1540 2263 1678 2305 afflabat,
1718 2275 1782 2308 quo

1030 2327 1142 2351 omnes
1162 2317 1299 2350 mirifice
1319 2317 1562 2358 recreabantur,
1582 2318 1636 2361 qui
1649 2318 1782 2361 quidem

1031 2377 1060 2406 et
1080 2371 1112 2404 in
1134 2371 1329 2404 hodiernum
1352 2382 1453 2416 usque
1473 2371 1558 2404 diem
1586 2382 1622 2405 ex
1643 2372 1711 2405 eius
1733 2384 1782 2406 se-

1032 2421 1169 2465 pulchro
1196 2420 1336 2454 suaviter
1366 2426 1396 2454 et
1421 2421 1563 2454 iucunde
1594 2421 1733 2465 spirans,
1766 2434 1784 2454 a

1032 2470 1197 2513 plerisque
1221 2480 1316 2514 saepe
1330 2470 1477 2503 sentitur.
1500 2470 1583 2503 Illud
1604 2481 1735 2514 quoquc
1752 2471 1782 2503 in

1032 2518 1116 2552 beati
1136 2518 1194 2551 viri
1216 2524 1343 2551 mortuo
1355 2529 1491 2562 corpore
1504 2519 1623 2552 mirum
1636 2519 1780 2560 accessit,

1032 2568 1119 2612 quod
1139 2567 1208 2601 eius
1232 2569 1379 2601 membra
1399 2574 1429 2602 et
1449 2574 1547 2608 artus,
1568 2568 1655 2600 vitali
1677 2568 1783 2601 calore

1033 2617 1187 2657 destituti,
1209 2627 1275 2652 non
1295 2617 1520 2662 obriguerunt,
1551 2628 1611 2651 nec
1631 2617 1703 2650 duri
1728 2622 1784 2650 aut

1785 218 1837 245 An.
1851 218 1879 245 C.
1899 219 1966 246 158⁸

1818 1250 1926 1270 uinculis
1946 1256 1975 1270 e*

1791 1283 1841 1301 tiam
1899 1283 1978 1307 inultis,

1791 1320 1878 1340 querum
1909 1314 1976 1339 aliqua

1791 1345 1823 1364 liic
1851 1350 1975 1365 rerem-eu—

1792 1380 1830 1399 tui,
1853 1379 1901 1402 pust
1924 1376 1975 1395 ..t-i*

1791 1412 1833 1428 tuin
1889 1407 1976 1427 illustris

1791 1439 1838 1459 tuit.
