2226 3070
212 256 263 283 ΑΒ.
283 254 311 283 C.
330 254 395 282 1588

454 243 495 277 52

410 316 501 345 num,
528 306 670 347 frugum,
703 303 876 343 lignorum,
907 310 1100 344 pannorum,
1123 298 1158 330 li-

409 359 555 398 brorum,
579 358 777 397 cartharum,
800 356 921 388 farinae
942 360 971 386 et
1003 363 1156 395 quarum-

411 422 551 455 cumque
577 411 714 444 aliarum
743 420 852 443 rerum
872 409 912 441 ad
933 407 1008 440 dicti
1030 404 1157 447 collegii

411 466 525 499 Montis
546 465 608 498 Alti
629 470 659 498 et,
679 464 764 497 illius
788 461 943 495 ecclesiae
967 470 1023 493 seu
1053 459 1159 503 capel-

412 521 461 553 lae
470 531 506 553 ac
518 518 663 559 rectoris,
677 517 884 555 scholarium,
897 514 1157 558 capellanorum,

413 582 679 611 oeconomorum,
706 569 907 607 officialium,
934 566 1158 600 ministrorum

413 632 444 660 et
463 632 675 670 personarum
701 633 760 667 pro
782 627 930 665 tempore
954 619 1159 653 existentium

414 690 520 719 nsum,
543 678 574 711 in
594 675 800 720 quantumvis
831 685 947 717 magna
973 683 1098 707 summa
1131 678 1161 706 et,

413 732 588 777 quantitate
609 730 835 769 emendorum,
863 739 899 761 ae
924 728 1020 761 etiam
1041 738 1077 760 ex
1096 731 1160 759 toto

413 787 502 819 Statu
520 783 743 817 Ecclesiastico
755 788 785 816 et
797 781 962 826 quibusvis
978 780 1161 825 provinciis

414 838 614 878 civitatibus,
649 837 742 870 terris
776 842 806 869 et
836 836 931 875 locis,
976 840 1039 868 tam
1077 834 1162 867 intus

413 903 510 936 quam
521 897 608 926 extra
621 890 743 924 dictum
760 890 884 923 Statum
899 888 1160 927 consistentibus,

415 947 477 980 sive
496 957 552 990 per
578 951 697 978 terram
718 944 780 977 sive
802 954 859 987 per
879 953 966 976 mare
993 949 1021 975 et
1047 951 1162 984 aquam

415 1001 543 1033 dulcem
570 1004 600 1032 et
620 998 697 1031 alias
718 996 960 1042 quomodolibet
979 996 1162 1028 conducen-

415 1055 541 1094 dorum,
556 1053 790 1096 cuiuscumque
804 1050 943 1094 generis,
962 1049 1162 1093 quantitatis,

416 1108 591 1152 qualitatis,
614 1106 730 1139 valoris
752 1111 780 1138 et
802 1104 921 1148 speciei
943 1104 1085 1145 suerunt,
1112 1113 1164 1136 ex-

416 1162 557 1202 actione,
584 1159 755 1200 solutione,
789 1156 1007 1202 praestatione
1037 1162 1067 1189 et.
1087 1166 1165 1189 con-

417 1216 612 1252 tributione.
635 1224 760 1246 necnon
782 1221 1066 1255 quorumcumque
1087 1210 1165 1243 alio-

418 1280 502 1310 rum,
526 1268 621 1302 etiam
643 1267 728 1300 iuxta
754 1265 883 1299 concilii
909 1264 1089 1297 Tridentini
1114 1264 1168 1297 de-

417 1329 517 1363 creta,
545 1321 676 1355 ubilibet
700 1320 922 1353 institutorum
944 1324 974 1351 et
995 1318 1167 1351 instituen-

417 1378 534 1410 dorum
568 1374 780 1417 collegiorum
819 1373 867 1405 vel
904 1371 1166 1410 seminariorum,

423 1440 598 1474 puerorum
621 1427 915 1461 ecclesiasticorum
937 1431 964 1459 et
986 1425 1066 1458 alias
1091 1436 1170 1468 quo-

419 1483 594 1517 modolibet
622 1486 884 1524 nuncupatorum
911 1485 939 1512 ct
967 1478 1169 1523 qualificato-

419 1549 503 1577 rum,
526 1548 563 1570 ac
582 1534 791 1580 hospitalium
817 1540 844 1567 et
868 1533 997 1577 piorum
1024 1533 1170 1565 locorum

420 1591 644 1631 subventione,
676 1589 865 1623 auctoritate
891 1593 922 1621 et
948 1593 1058 1620 tenore
1078 1597 1171 1630 prae-

421 1646 516 1679 dictis
536 1644 629 1677 etiam
649 1648 808 1688 perpetuo
828 1641 999 1675 eximimus
1011 1646 1040 1673 et
1056 1641 1173 1673 libcra-

422 1710 506 1739 mus;
527 1709 564 1731 ac
582 1698 640 1731 sub
661 1698 694 1730 B.
718 1696 802 1729 Petri
823 1702 853 1728 et
880 1695 983 1728 dictae
1004 1694 1107 1734 Sedis,
1125 1699 1172 1726 at-

422 1763 485 1796 que
501 1756 610 1784 nostra
627 1756 658 1783 et
674 1760 732 1793 pro
752 1754 898 1791 tempore
919 1747 1081 1780 existentis
1111 1747 1172 1779 lto-

424 1806 510 1839 mani
540 1804 705 1838 Pontiticis
733 1802 933 1846 protectione
965 1801 1171 1844 suscipimus,

424 1859 583 1902 nobisque
605 1863 635 1890 et
654 1857 758 1890 eidem
780 1854 853 1888 Sodi
874 1853 1059 1887 immediate
1073 1853 1173 1886 subii-

425 1913 538 1947 cimus.
570 1913 613 1944 Ac
652 1909 899 1953 exemptionem,
930 1908 1172 1947 liberationem,

426 1965 663 2009 susceptionem
681 1970 711 1997 ct
728 1963 962 1996 subiectionem
988 1961 1174 1994 huiusmodi

427 2021 458 2053 in
480 2029 689 2063 quocumque
707 2018 776 2050 soro
797 2021 827 2049 et
848 2015 1013 2055 tribunali,
1035 2026 1072 2048 ac
1092 2015 1175 2047 dicta

426 2074 571 2113 Camera,
593 2072 689 2105 etiam
712 2075 858 2114 respectu
879 2068 1111 2112 cuiuscumque
1125 2080 1173 2101 so-

427 2127 558 2160 lutionis
590 2126 636 2159 illi
665 2124 847 2164 faciendae,
888 2133 1017 2167 semper
1054 2123 1174 2155 favora-

428 2180 508 2214 biles
538 2179 662 2213 censeri
693 2178 821 2218 debere,
850 2182 880 2210 et
904 2177 941 2210 de
962 2176 1024 2209 illis
1044 2176 1075 2209 in
1097 2187 1175 2220 qua-

429 2241 569 2277 cumque
595 2243 702 2273 causa,
725 2231 780 2264 lite
805 2236 835 2264 et
864 2231 1079 2264 controversia
1107 2241 1175 2264 eam

429 2287 730 2332 interpretationem
762 2285 956 2317 extensivam
997 2284 1177 2318 habendam

430 2353 510 2382 esse,
538 2352 620 2384 quae
652 2350 709 2383 pro
738 2339 799 2372 alia
833 2338 1039 2382 quantumvis
1063 2338 1112 2382 pia
1148 2344 1177 2371 et

430 2394 630 2440 privilegiata
655 2404 690 2426 ac
723 2393 762 2425 ad
784 2392 853 2436 pios
873 2403 949 2425 usus
970 2392 1129 2425 destinata
1150 2397 1179 2425 et

431 2443 593 2488 applicata
614 2453 711 2476 eausa
729 2441 798 2474 sieri
824 2452 916 2485 posse
933 2441 1145 2474 declaramus.

475 2494 490 2536 g
515 2492 567 2525 lO.
596 2492 657 2536 lpsi
677 2502 807 2535 quoque
821 2491 958 2533 collegio
974 2491 1087 2523 Montis
1102 2490 1177 2529 Alti,

247 2548 417 2585 erivttefflstu-
432 2552 469 2575 ac
489 2541 575 2574 illius
596 2540 732 2580 rectori,
760 2539 971 2579 scholaribus,
995 2540 1179 2583 capellanis,

234 2582 327 2638 iiiiofiim
338 2582 418 2623 '3233'
434 2589 631 2630 oeconomis,
655 2588 857 2628 officialibus,
882 2589 1037 2621 ministris
1057 2595 1087 2622 et
1107 2600 1179 2632 per-

235 2631 418 2687 2l553i20‡?¹¹⁰⁸¹⁰

432 2640 530 2683 sonis,
549 2645 583 2673 ut
603 2639 753 2674 omnibus
779 2643 810 2671 ct
836 2637 969 2681 singulis
993 2637 1178 2682 privilegiis,

1025 246 1202 271 BULLARIUM
1221 245 1371 269 ROMANUM

1960 243 2013 272 An.
2030 243 2060 271 C.
2080 242 2146 271 1588

1199 296 1472 340 exemptionibus,
1514 296 1732 336 libcrtatibus,
1772 296 1946 335 favoribus,

1201 350 1378 392 ceterisque
1395 349 1515 391 gratiis,
1534 355 1596 381 tam
1616 348 1837 392 spiritualibus
1852 360 1947 392 quam

1200 402 1447 447 temporalibuS,
1478 402 1596 446 quibus
1628 403 1822 436 Universitas
1846 402 1948 435 Studii

1200 456 1359 499 generalis
1378 455 1588 489 Bononiensis
1608 455 1804 496 huiusmodi,
1824 466 1950 488 necnon

1201 511 1263 544 alia
1284 510 1419 553 collegia
1440 515 1470 543 et
1492 509 1545 554 pia
1564 510 1636 543 loca
1661 509 1693 542 in
1713 509 1801 543 dicta
1826 509 1952 543 civitate

1202 564 1396 598 Bononiensi
1408 563 1567 604 instituta,
1586 564 1783 607 illorumque
1796 568 1950 603 rectores,

1202 618 1376 657 scholares,
1407 618 1583 662 capellani,
1610 617 1800 658 oeconomi,
1835 616 1954 650 officia-

1203 673 1259 713 les,
1297 671 1436 704 ministri
1470 677 1501 704 et
1534 681 1702 715 personae,
1733 671 1771 703 de
1805 670 1876 703 iure
1905 670 1953 703 vel

1204 724 1437 758 consuetudine
1467 729 1521 757 aut
1551 735 1587 757 ex
1612 724 1779 768 privilegio
1810 724 1858 757 vel
1878 723 1955 757 alias

1203 778 1448 821 quomodolibet
1468 783 1616 818 utuntur,
1638 777 1808 821 potiuntur
1827 783 1858 810 et
1879 788 1955 820 gau-

1205 831 1292 871 dent,
1313 842 1349 863 ac
1371 831 1430 871 uti,
1450 831 1548 874 potiri
1570 837 1602 864 et
1622 830 1764 873 gaudere
1780 836 1956 874 possuntet

1205 890 1358 928 poterunt
1377 884 1626 927 quomodolibet
1646 883 1677 916 in
1704 884 1862 925 futurum,
1891 894 1956 917 non

1206 939 1309 971 solum
1330 938 1369 971 ad
1390 948 1503 971 eorum
1525 938 1636 979 instar,
1663 938 1718 971 sed
1742 948 1846 981 aeque
1870 938 1957 982 prin-

1207 992 1353 1036 cipaliter
1372 1003 1409 1025 ac
1438 992 1668 1036 parisormiter,
1694 992 1727 1024 in
1753 991 1905 1025 omnibus
1928 997 1959 1026 et

1207 1057 1264 1091 per
1291 1046 1400 1080 onmia
1416 1046 1474 1087 uti,
1497 1046 1593 1090 potiri
1612 1052 1642 1079 et
1661 1046 1814 1089 gaudere.

1252 1102 1266 1144 ξ
1291 1100 1344 1134 11.
1372 1101 1505 1134 Necnon
1530 1105 1594 1133 tam
1626 1099 1687 1143 ipsi
1714 1110 1813 1143 quam
1846 1110 1959 1133 eorum
2000 1107 2157 1135 lvsisenamet

1209 1155 1327 1195 coloni,
1351 1154 1577 1195 arrendatarii,
1601 1153 1759 1195 livellarii,
1783 1153 1961 1188 conducto·
1974 1140 2159 1193 {i'ussmiffl'ffl

1210 1220 1259 1241 res
1277 1214 1305 1241 et
1329 1207 1549 1251 emphiteutae
1569 1207 1704 1251 praefati
1723 1207 1847 1248 vinum,
1874 1208 1959 1241 triti-
1974 1202 2012 1223 Μ’
2031 1206 2053 1223 ⁶²
2069 1203 2158 1230 “W''l·

1974 1234 2040 1254 tentis
2053 1233 2159 1254 frumenta

1210 1274 1294 1302 cum,
1325 1262 1497 1302 hordeum,
1534 1261 1712 1304 legumina,
1748 1261 1856 1301 blada,
1893 1262 1960 1294 fru-
1975 1267 1997 1285 et
2025 1265 2110 1301 trusos,
2130 1271 2157 1302 ,ει

1211 1321 1318 1349 menta
1338 1321 1369 1349 et
1381 1315 1519 1349 cuiusvis
1534 1315 1661 1358 generis
1674 1315 1782 1357 fruges
1796 1325 1834 1347 ac
1848 1325 1960 1358 grana,
1975 1297 2159 1354 {gifeegstimno'i‘iiss

1211 1381 1247 1403 ex
1267 1370 1527 1413 quibuscumque
1548 1367 1812 1413 proprietatibuS,
1841 1379 1963 1411 posses-
1976 1359 2074 1412 §22:2⁰⁵
2088 1361 2160 1413 Βὲξξζῖ

1212 1423 1357 1456 sionilms
1377 1429 1406 1456 et
1438 1422 1531 1456 bonis
1556 1422 1633 1455 dicti
1660 1421 1786 1464 collegii
1811 1421 1964 1466 illiusque
1976 1423 2067 1475 ῗξζωιῗῑ)
2079 1422 2159 1475 ὃξψθ

1214 1477 1434 1509 membrorum
1456 1482 1486 1509 et
1505 1486 1705 1509 annexorum
1730 1485 1965 1518 quorumcum-
1977 1460 2068 1511 1213,ssss
2080 1460 2161 1506 eonii:

1213 1541 1275 1574 qne
1298 1529 1528 1573 1⁷·rovenientia,
1549 1529 1587 1562 de
1607 1529 1868 1572 quibuscumque
1887 1539 1963 1572 pro·
1977 1516 2161 1569 ζ’,ῗἚξξωωέῗζζζ

1214 1584 1338 1624 rint-iis,
1362 1583 1456 1617 terris
1477 1590 1508 1616 et
1533 1582 1612 1616 locis
1638 1583 1731 1616 nobis
1750 1587 1783 1615 et
1801 1582 1965 1616 Romanae
1978 1580 2098 1632 {3¹:355ss
2109 1585 2162 1632 ⁰2:¹¹2

1214 1637 1374 1671 Ecclesiae
1400 1637 1539 1670 mediate
1560 1637 1607 1669 vel
1636 1635 1823 1669 immediate
1855 1635 2042 1669 subite-cedit-

1216 1693 1287 1733 ctis,
1310 1692 1451 1725 cuiusvis
1470 1691 1602 1724 licentia
1618 1691 1759 1734 desuper
1770 1690 1904 1723 minime
1914 1700 1964 1723 re-

1216 1746 1345 1789 quisita,
1370 1751 1400 1778 et
1424 1745 1545 1788 absque
1565 1744 1703 1777 alicuius
1729 1743 1887 1787 pecuniae
1917 1744 1965 1776 vel

1217 1798 1349 1831 alterius
1366 1799 1411 1831 rei
1433 1798 1593 1831 solutione
1610 1803 1640 1830 et
1654 1797 1872 1841 praestatione
1890 1807 1966 1841 pro-

1217 1858 1288 1895 pter
1304 1864 1341 1885 ea
1360 1852 1518 1891 facienda,
1533 1856 1589 1884 aut
1604 1861 1760 1884 censurae
1777 1851 1824 1884 vel
1842 1861 1966 1895 poenae

1218 1906 1363 1945 incursu,
1395 1905 1562 1938 extrahere
1588 1910 1618 1937 et
1643 1903 1766 1937 extrahi
1791 1904 1908 1945 facere,
1929 1915 1967 1938 ac

1218 1961 1256 1993 ad
1278 1959 1398 1992 dictum
1420 1959 1593 2002 collegium
1623 1969 1682 2002 pro
1702 1958 1787 1991 illius
1807 1969 1868 1992 usu
1889 1969 1967 1992 con-

1219 2014 1351 2053 ducere,
1379 2018 1411 2046 et
1430 2013 1526 2046 etiam
1550 2013 1603 2045 illa
1623 2012 1656 2045 in
1676 2011 1761 2045 dicta
1771 2011 1897 2045 civitate
1906 2011 1968 2045 Bo-

1220 2066 1365 2100 noniensi
1386 2066 1535 2109 illiusque
1556 2065 1725 2106 comitatu,
1747 2075 1874 2099 necnon
1895 2065 1968 2098 nni-

1219 2132 1310 2154 verso
1331 2121 1420 2154 Statu
1442 2120 1669 2154 Ecclesiastico
1687 2120 1838 2161 vendere,
1852 2119 1968 2153 distra-

1219 2176 1296 2208 here
1317 2180 1347 2208 et
1367 2175 1406 2208 de
1427 2175 1490 2207 illis
1515 2174 1554 2207 ad
1574 2177 1687 2207 eorum
1711 2173 1837 2206 libitum
1858 2173 1967 2218 dispo-

1220 2239 1295 2262 nere
1316 2228 1415 2261 libere
1437 2233 1467 2261 et
1486 2228 1572 2261 licite
1584 2227 1847 2267 valeant,eisdem
1860 2232 1970 2261 aucto·

1221 2283 1313 2316 ritate
1325 2288 1355 2315 et
1366 2289 1487 2323 tenore,
1510 2281 1657 2315 similiter
1676 2286 1846 2325 perpetuo,
1861 2281 1968 2314 indul-

1221 2346 1344 2379 gemus.
1367 2335 1548 2368 Districtius
1567 2344 1696 2378 quoque
1712 2334 1743 2367 in
1759 2334 1875 2367 virtute
1896 2344 1968 2368 san-

1222 2397 1292 2423 ctae
1321 2389 1524 2422 obedientiae
1557 2388 1742 2421 inhibemus
1768 2387 1894 2431 legatis,
1920 2398 1970 2421 ar-

1223 2438 1449 2482 chiepiscopis,
1473 2437 1632 2481 episcopis
1666 2442 1697 2470 et
1721 2437 1791 2469 aliis
1822 2437 1968 2470 locorum

1222 2486 1406 2527 ordinariis,
1427 2497 1551 2519 necnon
1576 2485 1859 2529 gubernatoribus,
1881 2484 1970 2518 audi-

1225 2536 1359 2577 toribus,
1400 2535 1550 2575 antianis,
1591 2534 1775 2574 vexillifero,
1803 2533 1967 2578 potestati,

1223 2585 1438 2629 quadraginta
1466 2584 1552 2625 viris,
1584 2583 1862 2623 reformatoribus,
1887 2581 1970 2625 regi-

1223 2634 1312 2676 mini,
1333 2633 1471 2675 senatui,
1490 2632 1684 2677 vicelegatis,
1697 2630 1968 2673 locatenentibus,

2224 1253 2226 1260 .
2219 1215 2221 1218 —
2215 1121 2226 1197 sor-q.
2212 885 2226 1109 -.ae=x²s‘ffi1=;.*⁶=w-

2215 2241 2226 2260 ‹.
2214 2175 2226 2234 ει-μμ
2211 2101 2226 2158 §axx-‚³
2214 1861 2226 2085 mam-aunam-

2206 2315 2226 2382 ¹2⁸„
2219 2275 2226 2298 ‚-
