2226 3070
226 257 274 284 An.
293 257 320 284 C.
342 256 407 284 1590

243 643 373 669 Ampliatquo
389 644 411 663 οι

226 674 332 695 extendit.

467 247 530 280 1156

423 314 450 341 et
473 308 704 352 approbamus,
726 320 762 341 ac
789 307 965 351 praesentis
984 305 1095 349 scripti
1117 315 1173 348 pa-

424 362 562 396 trocinio
583 363 833 401 communimus,
856 360 1042 403 supplentes
1062 369 1175 392 omnes

423 422 456 449 et
474 416 618 460 singulos
643 422 705 449 tani
733 415 810 447 iuris
830 424 925 457 quani
948 412 1021 446 sacti
1043 418 1073 445 et
1096 412 1173 445 alia-

424 480 496 502 rum
528 469 769 502 solemnitatum
799 467 991 500 omissarum
1018 466 1173 507 desectus,

424 523 520 568 siqui
541 521 772 555 intervenerint
795 521 827 553 in
853 520 987 553 eisdem.

468 578 483 621 ξ
507 577 537 610 3.
562 577 598 610 Et
616 574 840 615 nihilominus,
872 573 990 617 potiori
1015 584 1073 617 pro
1099 583 1175 606 cau—

426 631 499 669 tela,
531 640 570 662 ne
599 629 773 673 quicquam
793 627 1047 672 praemissorum
1069 627 1101 659 in
1119 627 1177 660 du-

426 684 514 717 bium
534 682 643 725 aliquo
667 687 813 726 tempore
835 681 977 715 revocari
998 681 1175 724 contingat,

427 742 527 777 motu,
553 735 686 769 scientia
699 741 730 769 et
750 735 916 779 potestatis
925 734 1127 779 plenitudine
1138 734 1178 767 si-

427 790 569 831 milibus,
592 789 764 823 statuimus
786 795 817 823 et
832 789 1032 829 ordinamus,
1055 788 1176 822 eidem-

425 855 488 887 que
509 843 689 876 Alexandro
716 843 872 876 cardinali
902 848 932 876 et
952 853 1010 886 pro
1032 848 1178 886 tempore

426 896 864 930 existentivice-cancellario
875 895 1085 929 concedimus
1096 901 1124 929 et
1135 896 1179 928 in-

426 950 924 994 dulgemusut,quotiescumque
936 949 1042 982 osticia
1053 950 1178 993 praesa-

429 1013 468 1045 ta,
479 1004 773 1048 quorumomnium
786 1004 992 1048 quantitates,
1006 1003 1180 1047 qualitates

427 1065 457 1091 et
476 1059 559 1099 iura,
586 1059 801 1092 institutiones
825 1065 855 1092 et
884 1058 1075 1098 erectiones,
1106 1068 1179 1090 eum

426 1112 590 1156 quibusvis
613 1112 833 1156 qualitatibus,
856 1112 1006 1153 decretis,
1020 1112 1180 1145 conditio-

428 1167 522 1199 nibus
548 1173 579 1201 et
599 1167 722 1208 formis,
744 1166 968 1211 praesentibus
992 1167 1104 1200 baberi
1126 1178 1179 1201 vo-

429 1222 535 1254 lumus
564 1232 622 1264 pro
643 1221 811 1265 expressis,
834 1231 892 1265 per
912 1232 1038 1254 cessum
1060 1222 1106 1254 vel
1128 1221 1181 1254 de-

428 1286 553 1308 cessum
565 1281 620 1308 aut
633 1275 885 1318 promotionem,
899 1275 1111 1318 privationem
1125 1286 1181 1309 seu

427 1329 573 1373 quamvis
602 1328 698 1361 aliam
729 1328 949 1362 dimissionem
981 1339 1106 1368 eorum,
1126 1329 1181 1372 qui

429 1383 534 1416 officia
554 1383 696 1427 praefata
724 1392 782 1426 pro
810 1388 957 1426 tempore
977 1382 1180 1423 obtinebunt,

430 1447 542 1470 vacare
561 1436 742 1479 contigerit,
763 1447 846 1480 quae
871 1436 980 1469 omnia
1001 1442 1033 1469 et
1057 1436 1183 1478 singula

431 1490 537 1524 officia
554 1490 705 1534 praefatis
718 1490 951 1531 vacationibus,
968 1490 1182 1533 quemadmo-

431 1544 507 1576 dum
534 1543 641 1576 officia
670 1549 780 1576 nostra
802 1544 945 1577 subiecta
971 1549 1054 1584 sunt,
1087 1543 1182 1576 etiam

431 1597 598 1630 subiacere
609 1597 989 1638 volumus,decernimus
1001 1603 1031 1630 et
1042 1598 1184 1631 declara-

432 1662 515 1692 mus,
539 1651 592 1684 illa
612 1651 721 1684 onmia
736 1651 920 1685 adliberam
936 1652 1035 1695 ipsius
1047 1652 1183 1685 Alexan-

432 1704 480 1737 dri
509 1704 682 1738 cardinalis
705 1712 733 1737 et
757 1715 816 1749 pro
847 1711 993 1750 tempore
1021 1706 1185 1739 existentis

431 1758 706 1792 vice-cancellarii
730 1759 926 1792 voluntatem
948 1765 976 1792 et
1002 1760 1185 1804 dispositio-

434 1823 520 1853 nem,
544 1813 639 1846 etiam
658 1819 752 1856 pacto
773 1813 889 1857 pretio,
911 1814 1085 1857 pertinere.
1109 1815 1184 1847 Pos-

434 1866 539 1909 sitque
559 1866 644 1899 idem
664 1866 843 1899 Alexander
872 1866 1044 1900 cardinalis
1069 1872 1099 1900 et
1128 1878 1186 1911 pro

435 1926 581 1963 tempore
591 1919 729 1953 existens
739 1919 1049 1961 vice-cancellarius,
1064 1926 1118 1953 aut
1130 1932 1187 1965 per

435 1984 508 2007 eum
530 1973 569 2005 ad
589 1974 651 2006 hoc
663 1973 1039 2018 specialiterdeputatus,
1057 1974 1185 2007 illorum

436 2027 581 2060 oninium
603 2032 633 2060 et
658 2027 870 2069 singulorum,
896 2034 988 2072 capta
1016 2029 1109 2062 solita
1130 2029 1188 2061 im-

436 2081 609 2124 positione,
641 2081 874 2124 resignationcs
906 2082 1049 2125 recipere
1075 2088 1103 2116 et
1131 2083 1187 2115 ad-

438 2134 579 2176 mittere,
609 2145 645 2168 ac
671 2146 728 2178 per
757 2146 830 2169 suas
863 2136 984 2169 litteras
1005 2147 1063 2169 suo
1084 2136 1188 2180 sigillo

437 2188 598 2233 pendente
618 2189 770 2229 munitas,
791 2190 830 2222 de
848 2189 910 2222 illis
930 2190 1007 2223 dum
1029 2201 1086 2234 pro
1108 2196 1187 2223 tem-

438 2254 517 2288 pore
533 2243 726 2283 vaeaverint‚
749 2244 872 2277 etiamsi
894 2244 947 2277 illa
963 2255 1142 2289 eorumque
1159 2257 1190 2280 e-

439 2299 637 2332 molumenta
656 2298 694 2331 ab
715 2298 817 2338 initio,
830 2299 895 2332 sive
915 2299 1072 2332 incorum
1085 2300 1190 2344 prima

439 2353 613 2393 erectione,
636 2363 673 2385 ex
691 2353 815 2386 indulto
835 2353 1013 2397 apostolico
1034 2354 1189 2388 alienabi-

440 2407 482 2440 lia
501 2417 566 2440 non
587 2406 658 2447 sint,
684 2412 714 2439 et
738 2407 1011 2451 quandocumque
1038 2414 1191 2452 appareat

440 2457 479 2490 de
501 2456 685 2489 huiusmodi
711 2456 825 2489 officiis
854 2462 909 2489 aut
938 2457 1047 2501 aliquo
1077 2468 1188 2491 eorum

440 2506 621 2539 Romanuin
641 2505 829 2538 Pontificem
854 2505 1050 2550 disposuisse
1074 2518 1130 2550 per
1158 2518 1191 2541 se

441 2556 546 2598 ipsum
575 2560 630 2587 aut
656 2554 725 2587 eius
754 2554 1039 2595 locumtenenteni,
1075 2561 1130 2589 aut
1152 2557 1191 2590 ad

441 2604 503 2637 hoe
522 2603 662 2648 speciale
688 2603 874 2636 mandatum
904 2604 1089 2645 habentem,
1117 2605 1191 2648 qui-

441 2653 546 2687 busvis
557 2652 714 2697 personis,
728 2663 801 2686 cum
822 2663 1104 2697 quarumcumque
1117 2664 1192 2688 con-

1019 252 1198 277 BULLARIUM
1214 251 1366 277 ROMANUM

1216 304 1416 338 stitutionum
1445 310 1475 338 et
1506 306 1684 339 litterarum
1717 307 1968 350 apostolicarum

1217 357 1248 390 in
1270 358 1468 391 contrarium
1491 359 1677 392 facientium
1699 360 1917 403 derogatione,
1938 360 1968 392 in

1217 412 1368 445 omnibus
1389 417 1420 445 et
1440 424 1497 456 per
1517 413 1637 453 omnia,
1660 413 1698 445 ad
1720 413 1819 446 instar
1834 414 1970 448 Romani

1217 465 1393 506 Pontinus,
1415 465 1596 509 providere,
1620 477 1676 500 seu
1706 467 1758 499 illa
1785 468 1921 502 vendere
1942 475 1974 502 et

1217 518 1359 552 alienare
1375 519 1494 562 absque
1509 531 1686 564 poenarum
1700 526 1727 554 et
1744 532 1968 564 censurarum,

1218 572 1314 605 etiam
1345 573 1648 615 ecclesiasticarum,
1673 575 1818 616 incursu,
1850 582 1881 610 et
1907 577 1972 610 exi-

1218 626 1369 667 gentibus
1380 637 1593 670 personarum
1612 628 1736 661 meritis
1756 635 1787 662 et
1806 629 1972 663 sufficien-

1219 679 1273 720 tia,
1292 691 1390 724 super
1403 681 1589 714 earumdem
1607 693 1834 725 personarum,
1855 684 1974 727 quibus

1220 733 1287 777 ipse
1308 734 1497 777 providerit,
1521 735 1560 768 dc
1580 736 1767 769 huiusmodi
1788 737 1903 770 officiis
1922 748 1973 771 re-

1220 787 1412 830 quisitarum
1440 788 1632 832 qualitatum
1654 790 1794 832 defectu,
1818 801 1892 824 cum
1914 791 1973 825 sibi

1220 840 1390 884 placuerit,
1407 841 1604 885 dispensare,
1623 848 1653 876 et
1666 844 1794 877 easdem
1820 855 1976 888 personas

1220 894 1258 926 ad
1281 893 1348 937 ipsa
1370 894 1487 935 officia,
1501 896 1787 930 constitutionibus
1808 898 1972 942 praefatis,

1221 958 1359 991 quarum
1381 948 1548 982 tenoribus
1565 960 1630 982 non
1651 950 1864 992 obstantibus,
1886 952 1976 986 habi-

1222 1001 1361 1042 litare;et
1372 1001 1553 1046 illi‚quibus
1566 1003 1605 1037 de
1615 1003 1735 1037 eisdem
1747 1004 1863 1038 officiis
1871 1005 1977 1040 dictus

1222 1056 1401 1090 Alexander
1421 1057 1595 1091 cardinalis
1613 1063 1643 1091 et
1663 1069 1721 1102 pro
1740 1064 1887 1104 tempore
1908 1060 1975 1094 exi-

1222 1110 1613 1145 stensviee—cancellarius
1624 1123 1679 1145 seu
1690 1113 1896 1157 deputandus
1911 1115 1977 1149 suis

1223 1164 1336 1197 litteris
1370 1164 1496 1198 duxerit
1520 1166 1771 1209 providendum,
1804 1168 1842 1201 ad
1871 1169 1978 1203 officia

1223 1218 1302 1263 ipsa,
1325 1219 1446 1263 absque
1466 1219 1575 1263 aliqua
1596 1221 1856 1256 contradictione
1876 1228 1932 1256 aut
1945 1234 1977 1256 a-

1223 1272 1339 1305 liarutn
1360 1273 1541 1306 litterarum
1573 1274 1791 1318 expeditione,
1814 1276 1975 1321 recipian-

1223 1331 1316 1359 turet
1326 1326 1549 1367 admittantur,
1568 1327 1611 1361 ita
1630 1329 1718 1372 quod
1739 1329 1863 1364 litterae
1882 1341 1976 1375 prae-

1224 1379 1276 1412 sati
1298 1380 1467 1413 Alexandri
1487 1381 1658 1414 cardinalis
1682 1393 1738 1415 seu
1759 1383 1904 1427 deputati
1930 1384 1977 1418 vel

1225 1444 1283 1477 pro
1295 1439 1440 1478 tempore
1462 1434 1624 1468 existentis
1644 1436 1914 1471 vice-cancellarii
1926 1450 1975 1472 va<

1225 1487 1307 1519 leant
1331 1492 1361 1520 et
1392 1493 1568 1532 perpetuae
1588 1489 1750 1523 firmitatis
1771 1491 1870 1524 robur
1894 1491 1977 1525 obti-

1225 1546 1333 1580 neant,
1361 1547 1389 1574 et
1410 1541 1460 1574 liis
1480 1543 1598 1586 quibus
1623 1554 1795 1578 concessae
1814 1551 1889 1578 sunt
1909 1546 1978 1589 ple-

1226 1594 1355 1627 nissime
1367 1595 1599 1639 suffragentur,
1610 1608 1646 1629 ac
1659 1597 1683 1630 si
1700 1608 1798 1642 super
1807 1599 1980 1638 praedictis

1226 1648 1341 1681 ossii-iis·
1353 1648 1477 1682 litterae
1492 1651 1689 1693 apostolicae
1707 1653 1872 1687 consectae
1882 1658 1913 1687 et
1924 1664 1977 1688 ex-

1226 1702 1354 1746 peditae
1375 1703 1519 1736 fuissent.

1271 1756 1285 1798 ξ
1308 1755 1339 1788 4.
1369 1756 1583 1791 Decernentes
1610 1758 1732 1791 dictum
1762 1760 1977 1795 Alexandrum

1228 1810 1423 1843 cardinalem
1468 1816 1499 1844 et
1526 1822 1585 1856 pro
1617 1818 1762 1857 tempore
1791 1814 1979 1849 existentem

1228 1863 1556 1907 vice-cancellarium,
1578 1877 1677 1910 super
1698 1867 1908 1911 dispositione
1932 1870 1980 1903 di-

1229 1918 1559 1960 ctorumosticiortun,
1574 1925 1608 1952 ut
1621 1920 1980 1963 praefertur,saeienda‚

1229 1971 1438 2015 provisosque
1463 1973 1501 2005 ab
1527 1983 1577 2015 eo,
1608 1973 1647 2006 de
1668 1973 1742 2015 illis,
1766 1985 1824 2018 per
1844 1985 1902 2008 nos
1926 1983 1984 2010 aut

1229 2034 1432 2059 successores
1462 2032 1589 2060 nostros
1620 2027 1780 2061 Romanos
1813 2029 1982 2062 Pontifices

1230 2090 1410 2122 eorumque
1430 2079 1582 2120 datarios,
1605 2086 1636 2113 et
1656 2080 1798 2114 eiusdem
1819 2081 1983 2116 Romanae

1230 2133 1391 2166 Ecclesiae
1412 2133 1639 2175 camerarium,
1662 2135 1708 2168 vel
1729 2135 1882 2169 Gamerae
1896 2136 1982 2181 Apo-

1231 2187 1363 2221 stolicae
1400 2188 1619 2231 praesidentes
1637 2216 1643 2228 ‚
1687 2189 1822 2223 clericos
1865 2190 1984 2224 aliosve

1232 2253 1470 2286 quoscumque,
1493 2243 1605 2286 quavis
1624 2243 1816 2277 auctoritate
1841 2250 1872 2278 et
1892 2250 1983 2289 pote-

1231 2302 1310 2330 state
1339 2297 1521 2341 sungentes,
1543 2298 1609 2331 ullo
1635 2308 1789 2342 umquam
1824 2303 1982 2343 tempore,

1232 2352 1343 2396 quavis
1367 2352 1536 2386 occasione
1567 2352 1614 2385 vel
1640 2362 1748 2393 causa,
1771 2351 1868 2385 etiam
1901 2353 1984 2386 iusta

1231 2406 1278 2438 vel
1301 2406 1430 2447 iniusta,
1454 2405 1615 2449 impediri,
1639 2405 1813 2449 inquietari
1838 2407 1886 2440 vel
1913 2416 1982 2440 mo-

1233 2455 1340 2488 lestari
1361 2465 1426 2488 non
1447 2465 1538 2498 posse
1556 2465 1661 2498 neque
1674 2455 1803 2489 debere.
1817 2456 1983 2500 Minusque

1234 2510 1435 2549 praesentem
1457 2504 1603 2546 gratiam,
1625 2510 1666 2545 et,
1689 2504 1713 2537 si
1734 2505 1906 2545 videbitur,
1930 2505 1983 2538 de-

1234 2565 1331 2598 super
1358 2553 1574 2587 consiciendas
1603 2553 1737 2593 litteras,
1759 2553 1870 2598 quovis
1889 2564 1983 2598 prae-

1233 2608 1332 2643 textu,
1355 2608 1385 2636 et
1405 2613 1441 2636 ex
1461 2613 1669 2646 quocumque
1685 2602 1801 2647 capite,
1819 2602 1859 2635 de
1875 2602 1984 2635 subre-

1234 2651 1352 2695 ptionis
1371 2652 1418 2685 vel
1439 2651 1637 2697 obreptionis
1656 2651 1731 2685 vitio
1750 2657 1806 2686 aut
1830 2650 1983 2689 intentio-

1983 252 2035 280 ΑΗ.
2052 253 2081 279 C.
2102 252 2170 281 ¹590
2222 292 2226 297 Γ

2006 1767 2117 1789 Clausum
2127 1772 2181 1794 pro-

1993 1799 2113 1820 servativa!
2141 1804 2180 1825 ap-

1993 1831 2062 1857 ponit.
