2226 3070
93 292 146 324 Ᾰη.
164 296 191 324 C.
212 297 278 325 1588

966 295 1070 320 s1x'rus
1090 295 1137 318 PP.
1161 294 1179 317 V

291 347 338 380 vel
365 347 474 391 plures
498 348 671 391 pensiones
695 357 818 380 annuas
835 358 933 391 super
957 348 1046 381 simi-

291 400 376 434 libus
402 401 574 441 fructibus,
598 401 798 441 redditibus,
822 402 1043 445 proventibus,

290 454 435 495 iuribus,
459 454 706 488 obventionibus
722 460 752 487 et
766 455 994 488 emolumentis
1010 466 1046 487 ac

291 507 575 541 distributionibus
601 508 811 552 quotidianis,
848 519 904 541 seu
933 519 1045 541 eorum

290 562 361 593 loco
375 572 599 605 quoscumque
611 563 747 600 l'ructus,
767 561 912 594 redditus
929 568 957 594 et
973 572 1046 605 pro-

290 620 402 648 ventus
426 615 661 648 ecclesiasticos
683 621 759 648 tuuc
780 626 948 659 expressos
963 621 1046 648 eate-

290 680 350 701 nus
380 675 410 702 et
440 680 498 713 pro
524 675 670 713 tempore
703 675 879 702 reservatas
908 676 937 702 ct
967 669 1044 702 assi-

289 729 412 765 gnatas,
430 728 508 756 tunc
528 729 558 756 et
575 733 634 766 pro
660 727 805 766 tempore
823 723 991 763 habentes,
1010 723 1046 755 il-

289 776 335 809 las
364 782 396 809 et
427 776 515 814 illos,
547 776 643 810 etiam
674 776 698 808 si
726 776 982 817 matrimonium,
1011 783 1042 809 ut

290 830 484 873 praefertur,
508 830 751 869 contraxissent,
780 842 881 873 usquc
899 832 938 863 ad
959 842 1045 863 sum—

289 893 373 915 mani
395 884 611 917 ducentorum
642 884 834 917 ducatorum
856 884 1043 917 huiusmodi

288 947 348 980 pro
368 937 517 981 quolibet
534 943 564 970 et
585 938 712 980 singulo
733 937 841 970 officio
862 938 967 971 dictae
990 939 1045 971 mi-

288 990 375 1023 litiae
396 992 610 1032 Lauretanae,
631 992 720 1024 nulla
736 992 971 1035 compositione
992 1004 1043 1025 so·

289 1045 368 1083 luta,
390 1045 430 1078 ad
443 1045 538 1078 vitam
552 1046 705 1086 retinere,
720 1056 779 1078 nec
796 1056 861 1078 uon
874 1047 1045 1089 pensiones

289 1105 316 1132 et
345 1100 482 1140 fructus,
512 1099 657 1132 redditus
681 1105 709 1132 et
739 1105 913 1143 proventus
934 1101 1045 1133 buius-

289 1154 375 1187 modi
397 1154 552 1197 consequi
585 1159 615 1186 et
640 1154 772 1193 habere,
801 1164 837 1186 ac
864 1155 947 1187 iusta
973 1154 1044 1187 illa-

288 1218 360 1240 rum
382 1213 412 1241 et
437 1208 568 1240 illorum
595 1207 862 1248 rem-vationum,
890 1209 1045 1242 constitu-

290 1262 413 1295 tionum
429 1287 436 1299 ,
459 1260 705 1294 concessionum
735 1268 763 1294 et
789 1261 1043 1305 assignationum

290 1315 437 1354 sormam,
459 1314 688 1348 continentiam
711 1320 739 1347 et
763 1321 922 1356 tenorem,
940 1317 1045 1360 perci-

291 1379 376 1412 pere,
398 1368 524 1411 exigere
546 1373 575 1401 ct
596 1369 713 1407 levare,
742 1380 779 1401 ac
805 1369 836 1401 iu
863 1380 938 1402 suos
967 1382 1045 1403 usus

289 1429 319 1456 et,
330 1423 500 1456 utilitatem
513 1428 698 1456 convertere
710 1424 831 1466 absque
843 1423 904 1456 alia
917 1424 1045 1468 dispen-

289 1477 411 1509 satione
445 1477 493 1509 vel
520 1476 650 1509 lieentia
675 1477 815 1520 desuper
849 1477 1042 1519 obtinenda,

290 1531 390 1563 libere
416 1536 448 1563 et
468 1530 554 1563 licite
590 1536 719 1573 possent
749 1536 779 1563 ct
805 1531 978 1569 deberent,
1002 1532 1044 1565 ita

291 1590 397 1617 tamen
418 1584 504 1627 quod
533 1584 608 1616 dieti
637 1584 754 1616 milites
778 1585 949 1618 Lauretani
971 1586 1043 1618 laici

291 1638 320 1670 in
342 1638 454 1671 babitu
466 1644 608 1671 armatae
621 1638 756 1670 militiae
772 1638 838 1671 viro
849 1639 949 1682 equiti
965 1650 1042 1673 con—

289 1692 427 1724 xeuienti
449 1703 506 1725 nos
531 1697 560 1725 et
582 1702 784 1724 successores
805 1698 932 1725 nostros
953 1704 1044 1736 prae-

288 1747 368 1779 fatos
388 1746 419 1778 in
432 1746 596 1789 aliquibus
617 1746 877 1790 expeditionibus
898 1752 953 1779 aut
969 1758 1043 1779 ron-

288 1799 370 1833 ciliis
407 1800 497 1844 sequi
532 1800 708 1837 deberent,
740 1800 900 1833 militibus
934 1807 1041 1834 autem

288 1855 473 1887 Lauretauis
498 1854 624 1887 clericis
651 1860 727 1886 tuuc
752 1860 783 1886 et
810 1866 868 1897 pro
896 1861 1042 1899 tempori·

287 1908 495 1941 existentibus
516 1908 715 1945 huiusmodi,
729 1908 854 1941 etiamsi
878 1910 1043 1943 matrimo-

287 1963 390 2003 nium,
412 1968 449 1995 ut
469 1962 664 2006 praefertur,
689 1962 931 2001 contraxissent,
947 1963 1041 1996 dum-

289 2017 383 2049 modo
403 2016 491 2049 licite
517 2017 595 2049 illud
617 2016 809 2049 contrahere
835 2024 977 2060 possent,
1005 2030 1041 2051 ac

287 2071 439 2103 omnibus
450 2077 478 2103 et
500 2070 636 2113 singulis
656 2071 737 2111 aliis,
756 2071 851 2103 etiam
873 2072 927 2115 qui
948 2072 1040 2115 plura

287 2124 393 2156 officia
407 2124 546 2157 militum
564 2125 819 2157 Lauretanorum
838 2125 1039 2163 huiusmodi,

287 2177 381 2209 etiam
405 2188 506 2220 usque
535 2178 573 2209 ad
599 2189 772 2210 numerum
798 2178 907 2221 viginti
929 2179 1038 2219 simul,

287 2237 319 2263 ut
342 2231 533 2274 praefertur,
555 2231 743 2264 obtinebant
767 2233 1038 2271 etobtinuissent‚

286 2285 409 2317 etiamsi
435 2284 510 2317 dicti
548 2285 664 2317 milites
694 2286 863 2318 Lauretaui
894 2287 1039 2320 eiusdem

286 2339 317 2371 S.
342 2339 376 2371 R.
401 2338 434 2370 Ε.
464 2339 644 2371 cardinales
673 2350 709 2371 ac
736 2340 950 2382 patriarchae,
987 2352 1039 2373 ar-

285 2391 483 2435 chiepiscopi
501 2397 531 2424 et
548 2392 690 2435 episcopi
717 2399 818 2425 essent
848 2394 893 2426 vel
920 2395 1037 2431 forent,

288 2453 318 2478 ut
343 2447 399 2489 ipsi
421 2457 643 2490 quascumque
661 2447 831 2489 pensiones
849 2458 973 2480 annuas
989 2460 1041 2481 su—

288 2495 521 2539 perquibusvis
533 2496 703 2532 fructibus,
725 2496 907 2529 redditibus
920 2503 950 2529 et
967 2508 1040 2541 pro-

286 2545 444 2581 ventibus,
467 2556 503 2577 ac
523 2545 617 2578 etiam
639 2546 774 2585 iuribus,
793 2546 1040 2579 olwentiouibus

285 2601 316 2626 et
343 2594 570 2627 emolumentis
599 2606 881 2638 quartum-umque
913 2607 1038 2629 mensa-

1735 284 1798 318 :327

1089 346 1359 379 consistorialium
1382 346 1587 390 aliorumque
1605 346 1839 380 beneficiorum

1089 400 1396 436 ecclesiasticorum,
1424 411 1498 433 cuni
1526 411 1602 432 cura
1620 406 1649 433 et
1665 400 1732 433 sine
1754 412 1842 437 cura,

1088 454 1303 486 saecularium
1323 460 1352 487 et
1368 453 1556 497 quorumvis
1572 454 1728 487 Ordinum
1746 465 1841 495 regu-

1089 507 1217 547 larium,
1242 508 1452 551 ipsorumque
1474 507 1707 540 beneficiorum
1739 507 1844 540 distri-

1087 561 1277 594 ljnitionibus
1292 561 1500 605 quotidianis,
1518 561 1613 594 etiam
1637 561 1844 593 manualibus

1087 620 1117 646 et
1131 614 1209 647 alias
1220 615 1467 658 quomodolibet
1486 615 1696 658 nuncupatis,
1719 614 1842 647 etiamsi

1087 667 1245 701 beneficia
1266 669 1452 702 huiusmodi
1471 669 1714 711 quomodolibet
1738 669 1844 712 quali-

1088 721 1193 757 ficata,
1217 729 1245 755 et
1268 723 1504 767 cuiuscumque
1526 723 1624 755 annui
1647 722 1844 756 valorisillo-

1088 786 1159 807 rum
1177 776 1378 818 singulorum
1399 779 1532 816 fructus,
1551 777 1696 810 redditus
1717 782 1744 809 et
1767 787 1843 820 pro-

1087 835 1200 861 ventus
1233 830 1387 862 similium
1414 841 1599 864 mensarum
1627 837 1658 864 et
1682 837 1843 863 monaste-

1087 883 1210 915 riorum
1242 884 1448 927 aliorumque
1468 884 1701 917 beneficiorum
1730 896 1842 918 saecu-

1087 937 1202 969 larium
1225 944 1253 970 et
1286 938 1484 981 regularium
1520 938 1718 977 huiusmodi,
1747 938 1840 971 etiam

1087 991 1158 1023 loco
1185 991 1379 1034 pensionum
1411 1002 1606 1029 annuarum,
1645 992 1701 1025 sibi
1730 992 1841 1025 cadem

1086 1045 1262 1087 apostolica
1282 1046 1473 1079 auctoritate
1491 1052 1565 1079 tunc
1578 1052 1605 1079 et
1620 1057 1678 1089 pro
1697 1052 1843 1089 tempore

1087 1104 1262 1132 reservatas
1283 1105 1313 1132 et
1339 1100 1533 1143 assignatos,
1567 1112 1603 1133 ac
1634 1100 1844 1132 reservandas

1087 1158 1117 1185 et
1141 1153 1364 1196 assignandos,
1388 1165 1453 1187 non
1480 1160 1587 1187 tamen
1613 1154 1730 1187 dictam
1755 1165 1842 1186 sum-

1087 1217 1171 1239 mam
1187 1208 1404 1241 ducentorum
1415 1209 1609 1241 ducatorum
1620 1207 1773 1240 similium
1784 1218 1843 1251 pro

1087 1272 1285 1305 unoquoque
1307 1268 1337 1294 et
1358 1262 1485 1305 singulo
1503 1261 1609 1295 officio
1622 1261 1753 1294 militiae
1764 1262 1844 1294 Lau-

1087 1321 1217 1348 retanae
1241 1316 1443 1355 huiusmodi,
1468 1327 1526 1348 nec
1547 1315 1752 1348 medietatem
1776 1316 1842 1348 t'ru-

1087 1375 1210 1408 ctuum,
1231 1370 1433 1408 reddituum,
1454 1375 1684 1413 proventuum,
1710 1370 1842 1407 iurium,

1087 1423 1317 1456 obventionum
1344 1430 1375 1456 ct
1395 1424 1692 1457 emolumentorum
1719 1424 1842 1457 beneti-

1087 1477 1212 1509 ciorum
1239 1478 1426 1510 huiusmodi
1453 1478 1657 1517 excedentes,
1685 1477 1716 1510 in
1747 1489 1843 1521 quos-

1087 1542 1227 1575 cumque
1241 1531 1376 1565 clerieos
1393 1543 1451 1575 per
1466 1543 1520 1564 eos
1541 1532 1707 1574 eligendos
1727 1532 1774 1564 vel
1787 1543 1843 1564 uo-

1087 1585 1269 1622 minandos,
1292 1585 1388 1619 etiam
1401 1597 1640 1629 quaecumque,
1662 1585 1841 1628 quodcum-

1086 1650 1149 1682 que
1180 1646 1211 1673 et
1232 1640 1484 1684 (pialiacumquc
1505 1640 1661 1673 bcneticia
1689 1640 1840 1673 ecclesia-

1086 1693 1175 1731 stiea,
1207 1693 1314 1734 etiam,
1344 1699 1378 1726 ut
1411 1694 1605 1737 praefertur,
1641 1694 1838 1736 qualificata,

1085 1748 1278 1784 obtinentes,
1315 1758 1373 1780 nec
1405 1758 1469 1780 uon
1495 1748 1592 1780 etiam
1618 1758 1840 1790 quascumque

1086 1801 1257 1844 pensiones
1273 1812 1396 1834 annuas¹
1414 1807 1679 1845 etquoscui‘uque
1702 1802 1838 1839 fructus,

1085 1854 1473 1899 redditusetproventus,
1501 1855 1596 1888 etiam
1619 1856 1689 1887 loco
1711 1856 1839 1901 pensio-

1085 1920 1162 1941 num
1196 1919 1400 1950 aunuarum,
1430 1909 1660 1954 percipientes,
1693 1910 1839 1953 quando-

1085 1973 1238 2006 cumque,
1261 1963 1357 1995 etiam
1381 1974 1454 1995 eum
1476 1963 1617 2007 primum
1646 1963 1752 1995 officia
1780 1963 1838 1995 mi-

1084 2016 1171 2049 litiae
1194 2018 1392 2050 Lauretanae
1414 2017 1599 2050 huiusmodi
1629 2018 1765 2049 assecuti
1792 2019 1838 2050 t'o-

1084 2076 1167 2111 reut,
1191 2071 1286 2103 etiam
1305 2072 1395 2103 nullo
1412 2077 1578 2114 expectato
1595 2071 1733 2104 termino
1751 2071 1840 2104 bieu-

1083 2123 1126 2155 uii
1149 2124 1180 2156 iu
1203 2124 1367 2167 prioribus
1388 2125 1505 2157 nostris
1522 2124 1636 2156 litteris
1656 2125 1796 2168 expressi
1809 2130 1839 2157 et

1083 2178 1272 2220 specificati,
1298 2189 1332 2210 ae
1354 2179 1433 2210 alias
1453 2178 1548 2210 etiam
1573 2178 1603 2210 in
1630 2179 1743 2211 mortis
1764 2179 1840 2210 arti-

1083 2232 1167 2269 culo,
1192 2232 1287 2264 etiam
1316 2231 1518 2264 inmanibus
1549 2232 1667 2264 nostris
1695 2232 1741 2264 vel
1774 2232 1837 2265 Ro-

1084 2285 1169 2317 mani
1190 2285 1355 2317 Pontificis
1389 2296 1446 2328 pro
1476 2291 1620 2328 tempore
1654 2285 1836 2324 existentis,

1083 2349 1138 2371 seu
1160 2339 1298 2371 alicuius
1318 2350 1474 2383 personae
1497 2339 1527 2371 in
1553 2340 1707 2382 dignitate
1733 2341 1837 2374 eccle-

1083 2393 1209 2425 sinsin-a
1227 2393 1432 2432 constitutae,
1453 2399 1480 2425 et
1496 2394 1743 2427 coramuotario
1756 2394 1837 2426 laico

1082 2452 1111 2478 et
1125 2446 1253 2479 duobus
1274 2448 1320 2479 vel
1344 2447 1446 2480 tribus
1467 2447 1717 2485 testilms,etiaiu
1734 2448 1834 2486 laicis,

1082 2502 1109 2527 et
1134 2496 1165 2528 in
1187 2496 1329 2529 Romana
1343 2496 1438 2529 Curia
1459 2503 1485 2529 ct
1509 2497 1587 2530 alias
1608 2497 1729 2541 ubique
1751 2498 1837 2529 loco-

1082 2557 1153 2579 rum
1175 2548 1361 2584 transserre,
1392 2547 1432 2579 ita
1457 2548 1542 2591 quod
1565 2548 1640 2579 dicti
1663 2558 1721 2591 pro
1756 2554 1835 2580 tem-

1082 2607 1160 2638 pore
1181 2596 1351 2630 existentes
1371 2597 1507 2630 Romani
1529 2598 1701 2630 Pontifices
1722 2603 1749 2629 et
1765 2608 1836 2640 per-

285 2654 370 2681 rum,
393 2644 489 2676 etiam
512 2644 835 2687 metropolitanarum
852 2650 879 2677 et
903 2646 1038 2689 patriar-
1081 2655 1178 2677 sonae
1204 2646 1234 2677 iu
1261 2646 1416 2688 dignitate
1438 2646 1653 2680 ecclesiastiea
1679 2645 1835 2678 constitu--

285 2693 440 2731 chalium,
461 2704 495 2725 ac
518 2693 613 2725 etiam
634 2694 919 2733 monasteriorum,
943 2694 1037 2726 etiam
1084 2699 1131 2726 tae
1148 2695 1218 2727 illas
1239 2696 1410 2739 pensiones
1422 2707 1457 2729 ac
1479 2696 1639 2728 dictorum
1659 2697 1834 2734 fructuum,

1860 295 1911 321 An.
1928 294 1956 321 (ἶ.
1975 294 2042 321 1588
