2226 3070
75 250 129 285 A'n.
143 256 173 284 C.
194 254 261 285 1590

937 250 1041 277 SlXTUS
1064 252 1083 275 V
1107 251 1156 275 PP.

273 309 519 353 quiescentibus,
541 309 583 341 da
614 308 777 351 propitius
802 307 931 339 ventam
956 317 1023 338 om-

274 363 368 395 nium
385 366 601 406 peccatorum,
623 366 657 394 nt
683 372 702 393 ιι
731 361 854 393 eunetis
883 360 1025 393 reatibus

274 416 413 449 absoluti
436 420 538 448 tecum
565 415 637 448 sine
663 415 728 457 fine
761 414 934 447 laetentur.
961 413 1026 445 Per

273 470 417 502 eumdem
458 469 626 502 Christum
651 469 827 501 Dominum
864 471 1021 500 nostruin.

273 522 308 564 a).
332 523 447 555 Amen.
478 531 511 564 v.
534 522 687 565 Reqitz'em
716 526 895 554 aeternam.
919 519 954 561 ἡ.
981 520 1025 552 Et

273 577 330 610 lna*
351 581 518 620 perpetua.
548 575 581 617 ᾧ.
614 576 827 618 Reqtu't’seant
864 575 899 606 in
933 584 1022 616 pare.

274 629 309 672 ἡ.
325 631 440 663 Amen.
461 629 494 671 Ῡ.
513 629 654 662 Animae
669 629 813 671 ipsorum
829 632 857 660 et
878 627 1025 659 omm'mn

272 684 418 726 fidelium
438 683 662 725 defunctorum
686 692 743 724 per
767 680 1025 713 misericordi'mn

275 737 332 768 Det'
352 738 551 780 requiescant
573 735 607 767 in
625 745 713 778 pace.
737 733 772 775 ll·
800 734 915 766 Amen.

317 790 405 822 Tunc
430 788 617 832 praesidens
634 787 725 819 sinito
750 787 893 830 capitulo
918 786 1022 818 dicat:

270 844 321 876 Sit
350 854 468 876 nomen
496 843 632 875 Domini
664 841 876 874 benedictum.
908 839 1026 872 Omnes

271 897 502 941 respondeant:
530 897 583 929 Ex
605 896 661 928 hoe
686 906 773 928 nunt·
811 899 839 927 et
867 904 961 937 nsque
991 894 1025 925 in

270 952 441 984 saeculum.
463 951 581 983 Amen.

519 1085 563 1118 De
588 1084 649 1117 tevi
670 1084 774 1128 culpa.

563 1180 637 1213 Ciu).
660 1179 735 1211 XVI.

315 1256 404 1290 Levis
430 1256 527 1299 culpa
551 1261 598 1288 est
619 1255 643 1287 si
665 1265 728 1298 qua
749 1259 821 1297 post.
849 1253 960 1286 datum
982 1252 1024 1284 si-

272 1321 371 1354 gnum
398 1310 494 1343 nimis
524 1309 718 1342 immoretur
738 1319 770 1340 se
783 1318 910 1351 parare,
930 1312 966 1339 nt
986 1306 1024 1338 ad

273 1365 410 1397 chorum
436 1363 583 1397 ordinate
601 1368 632 1395 et
651 1361 830 1405 composite
856 1361 970 1394 veniat.

321 1418 353 1451 Si
374 1429 438 1462 qua
463 1417 558 1450 etiam
580 1423 648 1461 post
677 1422 828 1460 coeptum
856 1415 1023 1454 officium,

273 1472 409 1505 chorum
430 1471 643 1514 ingredietur,
676 1475 732 1502 ant
766 1470 849 1502 male
869 1470 952 1512 leget
977 1469 1026 1501 vel

273 1525 426 1565 cantabit,
448 1536 503 1558 seu
526 1525 551 1558 si
586 1524 717 1564 errabit,
739 1530 769 1556 et
794 1534 865 1556 mox
898 1533 963 1556 non
993 1534 1025 1555 se

272 1579 502 1620 humiliaverit,
536 1584 591 1612 aut
612 1583 794 1622 prosternet
818 1589 926 1611 coram
955 1588 1025 1609 oin·

272 1632 381 1666 nibus.

316 1686 348 1719 Si
369 1697 433 1729 qua
453 1685 603 1718 similiter
617 1686 788 1719 lectionem
810 1690 929 1718 statuto
946 1691 1025 1717 tein-

272 1750 349 1783 pore
370 1750 435 1772 non
456 1739 662 1783 praeviderit.

316 1793 430 1836 Siqua
450 1804 487 1825 ex
512 1793 706 1836 negligentia
728 1793 846 1826 librum
874 1803 939 1825 non
972 1793 1027 1825 lia-

271 1848 357 1887 beat,
379 1858 416 1879 ex
434 1857 499 1890 quo
520 1846 551 1879 in
573 1847 674 1880 clioro
696 1847 832 1880 recitare
858 1847 964 1880 debet.

315 1900 347 1934 Si
368 1912 432 1944 qua
450 1901 482 1933 in
503 1900 604 1934 choro
626 1901 744 1942 riserit,
763 1901 812 1934 vel
833 1900 912 1933 alias
932 1901 970 1933 ad
984 1901 1025 1933 ri-

270 1965 342 1987 sum
361 1954 506 1987 moverit.

315 2008 346 2042 Si
372 2020 436 2052 qua
461 2008 556 2042 etiam
577 2009 616 2041 ad
642 2019 693 2042 res
719 2008 842 2042 divinas
855 2009 903 2042 vel
924 2009 963 2042 ad
979 2010 1024 2042 la-

270 2062 365 2095 bores
383 2072 439 2095 seu
460 2062 585 2106 opifera
608 2063 699 2095 tarde
719 2062 893 2096 devenerit.

315 2116 347 2149 Si
364 2126 427 2159 qua
448 2122 616 2159 praeterea
636 2116 724 2160 parvi
746 2116 871 2157 fecerit,
893 2122 948 2149 aut
968 2117 1024 2150 de-

270 2170 335 2202 bite
359 2180 424 2202 non
449 2169 666 2203 observaverit
691 2170 937 2214 prostrationes,
975 2171 1024 2203 in-

271 2223 462 2257 clinationes
487 2224 631 2268 aliasque
656 2225 889 2258 caeremonias.

314 2278 377 2310 Aut
402 2277 426 2311 si
448 2278 556 2321 aliqua
581 2278 612 2310 in
635 2278 747 2319 choro,
766 2278 958 2311 dormitorio
976 2278 1024 2311 vel

271 2331 352 2364 cella
377 2331 530 2375 strepitus
559 2343 614 2365 seu
644 2332 888 2376 inquietudines
913 2331 1025 2365 fecerit

270 2390 326 2418 ant
345 2384 416 2418 aliis
437 2385 572 2418 molesta
593 2385 700 2419 suerit.

314 2438 346 2471 Si
367 2449 431 2482 qua
450 2438 588 2472 ulterius
609 2439 647 2471 ad
670 2439 864 2482 capitulum,
886 2440 1023 2472 resecto-

270 2492 356 2524 rium
391 2492 440 2525 vel
472 2492 639 2535 opificium
664 2493 744 2526 liora
779 2493 885 2526 debita
915 2493 1024 2526 venire

271 2545 455 2578 tardaverit.

315 2598 347 2632 Si
365 2610 429 2642 qua
446 2599 543 2632 etiam
569 2600 665 2634 verba
684 2600 785 2634 otiosa
806 2601 989 2645 protulerit.

315 2653 348 2687 Si
369 2664 434 2698 qua
454 2654 655 2698 negligenter
674 2655 868 2696 tractaverit,
894 2655 1025 2700 fregerit

1066 305 1114 337 vel
1148 303 1291 337 amiserit
1323 302 1490 346 quidpiam
1518 313 1645 338 eorum,
1672 311 1754 344 quae
1779 301 1818 333 ad

1067 363 1260 391 conventum
1279 357 1327 390 vel
1345 357 1415 389 eius
1432 366 1526 388 nsum
1550 355 1725 399 pertinent.

1111 411 1142 444 Si
1167 422 1230 454 qua
1252 410 1372 454 pariter
1396 409 1517 453 absque
1552 409 1681 442 licentia
1712 419 1819 442 come-

1067 464 1151 497 derit
1175 465 1221 497 vel
1247 464 1374 497 biberit.

1111 519 1176 551 Illis
1200 524 1399 561 autemquae
1415 518 1453 550 de
1475 516 1662 550 huiusmodi
1682 517 1730 549 vel
1749 516 1820 549 aliis

1067 572 1226 605 similibus
1246 572 1350 615 culpis
1371 577 1577 611 accusantur,
1602 571 1633 603 in
1655 570 1820 614 poeniten-

1068 626 1144 657 tiam
1167 626 1354 668 iniungatur
1374 626 1477 658 oratio
1493 625 1538 657 vel
1561 623 1820 657 orationesiuxta

1068 679 1238 722 culparum
1260 680 1461 723 qualitatem,
1489 679 1536 711 vel
1559 678 1691 722 aliquod
1716 677 1820 709 linini-

1068 733 1166 765 litatis
1185 733 1520 776 opusautsilentium,
1539 732 1728 776 praesertim
1746 743 1820 764 vero

1070 792 1201 829 propter
1221 787 1338 819 silviitii
1360 787 1389 819 in
1411 787 1524 819 ordine
1540 786 1702 830 praecepti
1725 785 1819 818 viola-

1070 839 1203 879 tionem,
1225 847 1280 873 aut
1297 841 1490 873 abstinentia
1506 841 1545 873 ab
1559 841 1667 884 aliquo
1683 840 1755 873 cibo
1774 839 1820 872 vel

1069 894 1256 933 resectione,
1283 899 1337 926 aut
1357 894 1452 926 etiam
1474 894 1596 937 integra
1609 894 1818 927 comestione.

1297 1006 1343 1039 De
1361 1006 1469 1039 media
1488 1006 1593 1050 eulpa.

1345 1090 1418 1123 Cri».
1451 1090 1541 1123 xvll.

1112 1167 1213 1200 Media
1234 1168 1330 1211 culpa
1351 1173 1394 1199 est
1425 1167 1448 1199 si
1470 1178 1533 1210 qua
1559 1168 1685 1210 expleto
1717 1168 1822 1212 primo

1068 1222 1192 1265 psalmo
1214 1221 1252 1254 ad
1282 1221 1418 1253 chorum
1441 1231 1505 1253 non
1527 1221 1665 1261 venerit,
1689 1227 1717 1254 et
1747 1227 1821 1254 tuns·

1068 1287 1141 1309 cum
1169 1276 1258 1308 tarde
1280 1275 1461 1318 ingreditur
1481 1275 1604 1308 humile
1629 1286 1661 1308 se
1683 1282 1822 1319 proster-

1068 1335 1134 1369 nat,
1153 1329 1233 1362 etita
1250 1329 1494 1371 maneatquoad
1508 1329 1659 1372 priorissa
1671 1340 1725 1362 seu
1738 1340 1819 1372 prze-

1068 1383 1177 1415 sidens
1199 1383 1243 1416 illi
1268 1383 1464 1415 mandaverit
1493 1389 1525 1415 ut
1552 1388 1672 1426 surgat.

1113 1436 1144 1469 Si
1166 1448 1230 1481 qua
1250 1437 1298 1469 vel
1331 1442 1461 1470 eantare
1492 1437 1539 1469 vel
1567 1437 1672 1480 legere
1694 1442 1821 1480 praeter

1068 1491 1197 1523 solitum
1221 1491 1352 1523 niodum
1376 1491 1643 1534 praesumpserit.

1113 1545 1144 1577 Si
1165 1556 1229 1588 qua
1249 1544 1356 1578 divino
1382 1544 1487 1577 officio
1507 1555 1571 1577 non
1598 1550 1718 1577 attenta
1747 1556 1822 1578 ocu-

1071 1598 1107 1630 lis
1133 1599 1263 1632 elevatis
1283 1598 1445 1631 levitatem
1475 1599 1591 1631 mentis
1617 1599 1819 1632 demonstra-

1067 1652 1160 1686 verit.

1113 1707 1144 1740 Si
1165 1717 1228 1749 qua
1249 1712 1440 1739 ornamenta
1469 1706 1578 1739 altaris
1607 1706 1821 1739 irreverenter

1069 1760 1264 1793 tractaverit.

1113 1814 1144 1847 Si
1169 1826 1232 1858 qua
1252 1814 1291 1847 ad
1307 1814 1499 1858 capitulum,
1516 1814 1563 1847 vel
1593 1814 1632 1846 ad
1659 1813 1820 1846 manualia

1069 1869 1234 1910 exercitia,
1258 1869 1306 1902 vel
1333 1870 1372 1902 ad
1391 1879 1574 1902 sermonem
1596 1879 1661 1901 non
1682 1869 1819 1906 venerit,

1067 1923 1132 1956 sive
1153 1923 1319 1956 communi
1341 1923 1509 1957 refectioni
1530 1934 1594 1956 non
1624 1923 1817 1956 interfuerit.

1111 1977 1142 2010 Si
1159 1988 1223 2021 qua
1243 1977 1384 2010 scienter
1403 1977 1491 2021 quod
1512 1977 1729 2010 communiter
1744 1987 1819 2021 pro-

1068 2030 1177 2064 ficitur
1197 2036 1303 2065 tacere
1324 2031 1482 2064 omiserit.

1111 2085 1143 2118 Si
1164 2096 1228 2129 qua
1248 2085 1279 2118 in
1302 2085 1409 2118 officio
1433 2084 1493 2117 sibi
1523 2084 1696 2118 commisso
1716 2085 1818 2129 negli-

1066 2149 1143 2182 gens
1164 2145 1290 2182 reperta
1305 2139 1413 2172 fuerit.

1111 2193 1142 2226 Si
1163 2204 1226 2236 qua
1247 2194 1278 2226 in
1309 2193 1452 2237 capitulo
1473 2193 1594 2236 absque
1614 2192 1746 2226 lieentia
1771 2193 1817 2226 lo-

1066 2252 1195 2290 quetur.

1111 2300 1143 2334 Si
1161 2311 1236 2344 qua,
1256 2301 1331 2333 dum
1353 2305 1537 2340 accusatur,
1555 2300 1619 2334 alta
1629 2311 1706 2334 voce
1718 2311 1751 2334 se
1764 2311 1816 2334 ex-

1067 2354 1212 2398 culpabit
1231 2365 1330 2397 super
1349 2354 1536 2387 huiusmodi
1557 2354 1775 2388 accusatione.

1110 2408 1140 2441 Si
1163 2420 1226 2452 qua
1250 2408 1346 2441 aliam
1372 2408 1516 2442 eiusdem
1534 2408 1679 2442 criminis
1699 2409 1732 2441 in
1752 2408 1817 2442 vin-

1066 2457 1185 2490 dictam
1207 2468 1358 2491 accusare
1384 2458 1650 2501 praesumpserit,
1684 2458 1722 2491 de
1752 2469 1817 2501 qno

1067 2507 1135 2550 ipsa
1160 2508 1274 2541 eodem
1295 2507 1345 2540 die
1364 2512 1514 2541 accusata
1535 2508 1643 2541 suerit.

1110 2557 1141 2590 Si
1163 2568 1227 2601 qua
1249 2557 1280 2589 in
1300 2557 1415 2590 vestitu
1432 2558 1481 2591 vel
1494 2557 1607 2601 capitis
1619 2557 1817 2590 ornamentis

1067 2605 1249 2640 inordinate
1269 2606 1446 2640 incesserit.

1112 2655 1144 2689 Si
1165 2667 1229 2700 qua
1255 2656 1410 2691 iuraverit
1443 2656 1491 2691 vel
1516 2661 1604 2691 extra
1624 2665 1691 2691 rem
1711 2655 1817 2689 locuta

1711 236 1776 270 ⁶223
1835 245 1887 272 An.
1907 243 2018 272 01590
