2226 3070
240 305 290 331 An.
308 304 336 331 C.
355 305 423 331 1590

287 1812 417 1833 obstantium

235 1845 350 1869 doing-unio.

481 292 545 326 ⁶2:30

1031 300 1047 321 Β
1054 296 1163 321 t'LLAm
1169 296 1209 319 mi
1231 295 1381 319 ttOMANUM

437 364 534 395 tores,
557 362 611 387 aut,
644 355 724 387 alios
741 364 946 397 quavumque
971 350 1119 383 t'aeultate
1144 348 1182 380 ad
1227 346 1369 383 indultis,
1393 352 1422 378 et
1447 346 1621 388 quibusvis,
1643 346 1737 377 etiam
1759 345 1977 387 ‹zlerogatoria-

437 410 467 443 id
498 409 658 447 suffultos,
676 408 932 440 ‹·‹›in-ederentur
952 415 1007 437 seu
1035 403 1184 436 restitue-

436 468 557 502 rentur,
579 467 633 494 aut
662 461 691 493 in
724 458 867 502 quemxis
887 458 987 490 alium
1014 463 1131 489 statum
1155 462 1184 489 et

435 517 571 550 sormam
593 520 795 547 maturentur
820 518 849 544 et
869 512 1103 554 redigerentur.

479 570 494 611 ξ
519 569 549 601 5.
577 569 764 601 praesentes
784 577 914 609 quoque
934 566 972 598 de
999 565 1181 608 subreptio-

334 645 352 657 ..ι
379 638 388 657 ii
410 650 419 654 -
436 623 484 655 nis
505 623 550 655 wt
573 620 774 664 obreptionis
797 620 884 657 vitio,
912 630 969 651 seu
997 617 1184 651 intentionis

244 675 294 719 *¹⁵⁰¹*
317 670 416 688 '''”‘'⁴'²¹⁶
435 681 562 709 nostrae
583 680 634 707 aut
654 673 807 718 quopiam
829 673 891 706 alio
912 673 1037 705 defectu
1063 671 1181 708 notari,

435 727 617 772 impugnari
638 733 691 760 aut
712 726 890 766 invalidari,
911 737 966 758 seu
981 725 1040 758 sub
1051 725 1183 768 quibus-

433 782 478 814 vis
501 782 657 814 similium
679 781 726 814 rel
746 779 951 813 dissimilium
972 784 1027 811 aut
1046 779 1182 811 aliarum

434 835 610 878 gratiarum
636 834 906 873 revocationilms,
924 833 1182 869 limitatiouilms,

434 889 676 921 reiluctiouiluis
706 893 760 920 aut
789 886 1062 920 declarationibus
1094 896 1182 919 rom-

435 942 590 986 prehendi
612 952 677 974 non
698 952 791 985 posse
812 947 865 974 aut
887 941 1016 977 debere,
1035 940 1089 973 sed
1102 950 1183 972 sein-

435 1006 491 1039 per
510 995 629 1028 validas
649 1001 677 1027 et
700 994 848 1027 efficaces
869 994 1016 1032 existere,
1048 998 1077 1025 et
1101 1004 1182 1036 quo-

433 1050 492 1081 ties
512 1049 583 1081 illae
605 1049 814 1088 emanalumt,
839 1048 930 1081 toties
953 1047 985 1079 iu
1010 1046 1181 1090 pristinum

433 1109 549 1136 statum
563 1102 737 1141 restitutaS,
753 1101 909 1145 repositas
929 1107 957 1134 et
970 1101 1183 1143 reintegratas

435 1158 500 1189 sore
518 1162 549 1189 et.
564 1167 644 1195 esse;
658 1157 769 1200 sicque
790 1161 820 1189 et
841 1166 905 1188 non
925 1155 1003 1188 alias
1019 1165 1183 1199 perquos-

432 1221 571 1254 rumque
599 1210 731 1250 iudices,
753 1209 934 1242 ordinarios
955 1215 982 1241 et
1005 1209 1179 1251 delegatos,

432 1265 527 1297 etiam
539 1266 692 1297 Gamerae
705 1263 905 1307 Apostolieae
927 1262 1062 1295 «teucos
1082 1269 1109 1295 et
1128 1262 1183 1295 Sa-

431 1318 477 1351 cri
499 1317 609 1350 Palatii
628 1317 803 1361 Apostoliei
825 1317 988 1349 auditores
1008 1327 1044 1348 ae
1065 1316 1178 1348 SRAE.

432 1371 624 1408 cardinales,
647 1371 769 1404 sublata
797 1371 843 1402 eis
863 1375 895 1403 et
915 1380 1028 1402 eorum
1050 1369 1179 1402 cuilibet

431 1425 543 1468 quavis
574 1425 667 1457 aliter
699 1425 862 1457 iudicandi
888 1430 916 1456 et
950 1422 1181 1467 interpretamli

434 1479 583 1511 facultate
597 1505 604 1513 ,
644 1477 780 1510 iudicari
815 1484 842 1510 et
877 1477 1009 1509 dilliniri
1037 1477 1154 1509 deluere
1174 1488 1179 1512 ·,

434 1532 560 1564 irritum
576 1542 705 1575 quoque
717 1537 747 1564 et
761 1531 855 1563 inane
871 1530 1075 1563 decernimus
1091 1530 1183 1572 quid-

431 1585 509 1629 quid
538 1596 630 1618 secus
657 1596 674 1617 a
700 1596 877 1629 quoquam,
905 1585 1015 1628 quavis
1041 1583 1182 1617 :uictori-

433 1644 507 1675 tate,
530 1640 669 1672 scienter
701 1639 747 1671 vel
784 1639 982 1681 ignoranter,
1014 1637 1184 1680 eontigerit

431 1692 592 1725 attentari.

476 1747 490 1789 ξ
516 1748 546 1779 e.
575 1747 643 1779 Non
665 1746 867 1779 obstantibus
887 1745 1071 1790 praemissis
1084 1756 1120 1777 ac
1131 1755 1184 1777 eo-

433 1800 582 1833 rumdem
603 1800 787 1833 osticiorum
817 1800 1011 1832 damnorum
1033 1800 1182 1831 datorum

434 1860 463 1887 et
483 1854 657 1886 cuiuslibet
676 1864 789 1886 eorum
811 1853 1040 1893 erectionibus,
1060 1852 1083 1885 si
1101 1864 1183 1895 quae

434 1907 508 1947 sint,
537 1907 813 1946 concessionibus,
844 1906 1030 1949 privilegiis,
1060 1905 1181 1949 gratiis,

436 1961 704 2001 inmiunitatibus,
717 1960 922 1993 facultatibus
938 1966 964 1992 et
988 1960 1134 2000 indultis3
1147 1971 1184 1991 ac

434 2026 716 2059 quarumcumque
737 2015 914 2055 civitatum,
939 2020 1111 2053 terrarum,
1135 2025 1185 2047 ca-

435 2075 576 2102 strorum
606 2075 637 2102 et
670 2069 830 2109 locorum,
866 2068 961 2101 etiam
991 2068 1184 2108 iuramento,

435 2123 683 2156 confirmatione
714 2122 891 2166 apostolica
916 2122 963 2154 rel
994 2122 1104 2165 quavis
1130 2121 1184 2154 fir-

437 2177 544 2210 mitate
565 2177 625 2209 alia
646 2176 816 2214 roboratis,
835 2176 971 2216 statutis,
983 2176 1186 2209 reformatio-

437 2230 542 2271 nibus,
570 2230 756 2273 privilegiis,
792 2230 922 2268 usibus,
945 2230 1032 2274 stylis
1053 2236 1081 2262 et
1108 2241 1185 2262 cou—

436 2284 674 2323 suetudiniluis;
705 2294 831 2317 necnon
860 2284 961 2317 l'elieis
992 2284 1187 2317 recordatio-

437 2338 485 2371 nis
504 2338 549 2371 Pii
567 2338 671 2381 Papae
691 2338 737 2378 IV,
755 2337 1010 2380 praedecessoris
1020 2338 1135 2378 nostri,
1147 2338 1186 2371 de

436 2391 547 2435 gratiis
567 2398 594 2424 et
617 2391 893 2431 concessionibus,
907 2391 1003 2424 etiam
1015 2391 1185 2424 minimum

436 2446 588 2479 Gamerae
600 2445 802 2487 Apostolicae
818 2445 867 2477 ius
883 2450 937 2477 aut
949 2445 1102 2478 interesse
1115 2456 1185 2478 con-

436 2494 645 2529 cernentibus
662 2494 693 2526 in
719 2494 831 2526 eadem
851 2494 985 2528 Camera
1009 2494 1091 2527 infra
1116 2506 1186 2528 cer-

436 2550 502 2577 tum
522 2543 602 2576 inibi
622 2553 807 2587 expressum
829 2543 1002 2577 terminum
1018 2544 1187 2577 insinuan-

437 2593 484 2626 dis
503 2598 534 2626 et
558 2591 778 2635 registrandis3
801 2597 830 2625 et
850 2592 1014 2635 quibusvis
1027 2593 1097 2626 aliis
1109 2604 1186 2626 con-

437 2641 657 2675 stitutionibus
677 2647 706 2674 et
722 2641 1184 2685 ordinationibusapostolicis,

437 2693 497 2725 sub
524 2691 691 2734 quibusvis
719 2690 975 2730 limitationibus,
996 2691 1133 2724 decretis
1157 2697 1187 2724 et

1226 411 1297 432 rum
1319 398 1543 441 ‹lerugz‘itoriis,
1573 398 1709 440 aliisque
1739 397 1976 430 efficacioribus

1226 458 1255 485 et
1273 453 1408 485 insolitis
1423 451 1588 492 clausulis,
1611 450 1876 492 irruentibusque
1896 456 1926 482 et
1945 460 1976 482 a·

1227 505 1278 539 liis
1295 505 1443 538 decretis.
1466 505 1588 544 Quibus
1607 504 1771 543 omnibus,
1793 503 1918 536 etiamsi
1938 503 1976 536 de

1227 559 1288 591 illis
1308 559 1505 602 illorumque
1532 557 1603 591 totis
1628 557 1794 590 tenoribus
1814 555 1974 600 specialis,

1226 612 1377 656 specifica
1397 618 1425 645 et
1447 622 1596 656 expressa
1609 611 1730 644 mentio
1741 610 1905 652 habenda,
1922 614 1978 642 aut

1993 290 2044 317 Ani
2062 290 2089 317 C.
2109 291 2176 319 1590

1225 667 1353 710 quaevis
1385 666 1481 699 etiam
1516 665 1673 708 exquisita
1703 665 1807 697 forma
1845 664 1884 697 ad
1915 663 1978 696 hoc
2023 678 2031 679 ff

1226 720 1380 752 servanda
1415 721 1492 752 t'oret
1509 746 1516 759 ,
1554 719 1685 751 illorum
1721 724 1868 757 tenores,
1891 728 1928 750 ac
1951 716 1975 750 si

1227 773 1450 816 praesentibus
1468 774 1506 806 dc
1531 773 1628 805 verbo
1650 772 1688 805 ad
1709 771 1842 804 verbum
1865 769 1976 804 inserti

1227 827 1343 865 forent,
1367 837 1425 870 pro
1437 827 1531 870 plene
1552 833 1578 859 et
1603 825 1803 858 sufficienter
1820 824 1978 869 expressis

1226 886 1255 913 et
1277 881 1404 913 insertis
1420 880 1593 916 habentes,
1616 880 1678 912 illis
1698 880 1777 912 alias
1796 879 1828 912 in
1849 889 1906 912 suo
1924 889 1976 912 ro-

1227 935 1304 966 bore
1334 933 1565 977 permansuris,
1603 933 1663 965 lrxc
1696 933 1764 966 vice
1798 933 1975 972 dumtaxat,

1225 987 1409 1031 specialiter
1436 993 1466 1020 et
1490 997 1638 1030 expresse
1661 986 1868 1029 derogamus,
1890 991 1976 1019 cete-

1225 1041 1334 1084 risque
1356 1041 1527 1074 contrariis
1547 1041 1819 1084 quibuscumque.

1269 1096 1381 1128 Datum
1403 1094 1523 1127 Romae
1546 1094 1577 1126 in
1598 1094 1702 1126 Monte
1722 1093 1893 1133 Quirinali,
1916 1093 1976 1132 sub

1224 1150 1345 1182 annulo
1367 1149 1549 1188 Piscatoris,
1572 1148 1623 1181 die
1639 1158 1678 1180 xv
1694 1147 1764 1180 iulii
1781 1157 1876 1188 noxe,
1901 1157 1978 1191 pon—

1226 1202 1363 1234 titieatus
1384 1202 1485 1234 nostri
1505 1212 1590 1234 anno
1609 1211 1651 1234 Vl.

1272 1261 1334 1290 Dat.
1355 1260 1402 1290 die
1426 1261 1458 1289 15
1474 1259 1539 1289 iulii
1559 1259 1646 1295 1500,
1669 1259 1773 1297 pontis.
1792 1268 1869 1288 anno
1888 1267 1928 1288 Vt.

1226 1506 1390 1539 Conci-ssia
1404 1506 1601 1539 diversorum
1612 1506 1857 1549 pririlcqiorimz
1867 1510 1895 1539 et
1903 1517 1978 1549 [lra-

1271 1561 1395 1593 [iarum
1415 1561 1555 1597 civitati,
1569 1561 1689 1592 civibus
1709 1564 1737 1593 et
1762 1560 1877 1593 incolis
1897 1560 1976 1593 civi-

1271 1615 1346 1647 tatis
1374 1614 1575 1647 Lazcreltmac
1596 1613 1620 1646 ¹.

1268 1694 1362 1724 sixtus
1373 1696 1443 1731 Papa
1455 1695 1484 1728 V.
1496 1696 1529 1724 ad
1537 1696 1701 1731 perpetuam
1713 1695 1756 1723 rei
1764 1695 1932 1724 memoriam.

1270 1767 1437 1810 Magnifica
1467 1767 1557 1801 Sedis
1581 1766 1784 1811 Apistolieae
1805 1767 1976 1811 providen-

1227 1820 1268 1853 tia
1289 1831 1354 1853 uon
1375 1821 1481 1853 solum
1502 1820 1644 1853 civitates
1674 1825 1703 1852 et
1723 1820 1794 1853 loca
1824 1831 1901 1853 suae
1928 1820 1977 1854 di-

1229 1873 1307 1906 tioni
1340 1874 1524 1906 innnediate
1558 1873 1702 1906 subiecta
1736 1873 1802 1906 suis
1840 1873 1981 1918 antiquis

1226 1927 1367 1970 gaudere
1389 1927 1546 1971 permittit
1577 1926 1772 1970 privilegiis,
1804 1927 1858 1960 sed
1883 1933 1977 1972 prout

1227 1982 1376 2023 dignum,
1409 1987 1594 2024 temporum
1615 1986 1645 2013 et
1674 1981 1822 2014 locorum
1849 1987 1981 2024 pensata

1227 2035 1394 2078 qualitate,
1418 2034 1548 2074 iudicat,
1567 2033 1730 2067 favoribus
1745 2034 1858 2077 gratiis
1867 2040 1897 2068 et
1913 2035 1980 2078 pri-

1227 2089 1349 2132 vilegiis
1369 2089 1583 2133 amplioribus
1602 2088 1822 2133 prosequitur.

1272 2144 1286 2187 ξ
1311 2143 1341 2175 ι1.
1362 2143 1441 2176 Cum
1463 2143 1561 2186 igitur
1580 2153 1650 2183 nos,
1669 2143 1910 2177 considerantes
1925 2154 1982 2188 op-

1229 2198 1339 2242 pidum
1360 2197 1437 2229 olim
1457 2198 1673 2230 Laureiamm
1695 2203 1932 2241 nuncupatum,
1948 2197 1980 2230 in

1229 2251 1394 2295 provincia
1414 2251 1522 2284 Piceni
1544 2251 1651 2291 situm,
1668 2251 1791 2287 nullius
1810 2251 1978 2291 dioecesis,

1229 2306 1302 2339 Scdi
1332 2306 1535 2349 Apostolieae
1568 2305 1754 2338 immediate
1784 2305 1977 2346 subiectum,

1230 2360 1262 2392 in
1283 2365 1349 2392 toto
1375 2359 1453 2391 orbe
1474 2359 1738 2399 celeberrimum,
1765 2364 1796 2392 et
1822 2359 1856 2392 in
1883 2369 1921 2392 eo
1941 2369 1978 2392 u-

1229 2424 1302 2446 nam
1324 2413 1483 2456 insignem
1509 2412 1710 2455 collegiatam
1732 2412 1900 2446 ecclesiam
1920 2412 1980 2446 sub

1231 2466 1431 2499 invocatione
1452 2465 1484 2498 Β.
1508 2466 1546 2498 Μ.
1570 2465 1603 2497 V.
1635 2465 1688 2499 Dei
1714 2465 1885 2499 Genitricis
1904 2466 1978 2498 fun—

1230 2520 1337 2552 datam
1358 2519 1505 2558 existere,
1529 2518 1560 2551 in
1582 2518 1675 2552 cuius
1695 2518 1802 2552 medio
1823 2519 1902 2552 illud
1927 2528 1978 2551 sa-

1230 2584 1320 2606 crum
1346 2573 1535 2606 cubiculum
1557 2572 1673 2605 divinis
1692 2572 1852 2617 mysteriis
1869 2582 1979 2606 conse—

1231 2633 1367 2668 cratum,
1390 2626 1422 2659 in
1448 2637 1512 2670 quo
1540 2626 1651 2659 eadm
1672 2625 1766 2669 Virgo
1786 2626 1884 2659 Maria
1903 2631 1979 2660 nata

1269 2702 1276 2724 t
1296 2699 1338 2726 Ex
1352 2699 1464 2733 Regest.
1486 2698 1516 2725 in
1534 2697 1640 2726 Secret.
1657 2698 1743 2726 Brov.

2019 1770 2142 1792 Prooemium

2022 2149 2105 2171 Lauri-li
2125 2157 2179 2178 qua—

1996 2181 2067 2202 litates
2082 2187 2178 2202 cumiue-

1995 2217 2061 2234 morat
2071 2212 2148 2239 Sinus,
2157 2217 2177 2234 et

1995 2249 2048 2271 quae
2064 2245 2109 2271 ipse
2119 2244 2179 2265 fece-

1995 2276 2021 2296 rit
2036 2275 2060 2295 ad
2076 2275 2132 2295 illins
2143 2277 2178 2296 de·

1995 2312 2066 2327 coi-em
2091 2313 2177 2334 promo-

1994 2339 2092 2359 vendam.
