2226 3070
115 252 167 279 An.
186 251 213 280 C.
231 250 299 279 1589

115 318 241 333 .›...12³snnn
251 317 299 333 oxe-
315 303 457 336 secunda
478 307 509 335 et
529 302 598 335 aliis
619 302 789 343 instantiis,
818 313 882 335 non
905 308 1012 336 autem
1035 303 1066 335 in

113 346 202 368 cutivas,
213 347 233 364 et
246 349 299 364 sum-

113 383 165 397 mam
189 378 298 396 scutorum

114 411 199 428 centum
211 413 252 426 non
264 412 298 426 ex-

112 440 297 465 codemesmmp
314 414 404 450 neat,
442 415 538 453 prout
567 410 723 443 hactenus
751 410 956 442 observatum
993 410 1063 449 suit,

113 477 145 490 ma
160 473 181 490 et
203 471 297 491 secunda
312 473 371 496 nec
392 463 499 506 quoad
521 473 633 495 causas
651 463 883 495 ecclesiasticas
908 474 944 495 ac
966 463 1002 495 ad
1022 464 1066 495 so—

111 502 214 522 instantia
256 502 295 521 nisi

111 533 197 553 oham„
230 533 295 552 ,Μο-
312 526 383 548 rum
396 516 648 550 ecclesiasticum
661 516 905 559 quomodolibet
919 521 1065 558 spectan-

112 570 155 584 '*‘¹¹¹¹
185 563 368 609 ''‘“⁵¹²³³³te5,
398 580 481 613 quae
508 569 541 601 in
566 569 671 612 prima
700 568 849 600 instantia
876 568 915 600 ad
942 568 1064 611 episco-

111 602 134 616 ι·
174 597 186 615 '1
207 601 212 614 ι
230 595 249 614 ἠ
265 601 294 614 a-

111 598 293 650 tiiswii¹¹i¹=i¹¹1⁵i⁵2
310 632 387 665 pum
417 623 663 655 Maceratensem
682 649 689 661 ‚
718 624 803 653 iuxta
831 621 906 653 dicti
932 621 1061 654 concilii

110 665 151 678 non
162 658 294 678 obstantibus·

110 691 171 709 ‚ii-:us
200 688 294 716 patae-
310 675 449 714 decreta,
471 674 664 718 pertineant,
682 674 713 706 in
735 674 875 707 secunda
897 685 971 706 vero
992 679 1063 706 eta-

109 721 293 746 ³‘³⁵·⁰⁰⁸'¹⁰³⁰³¹¹¹'
308 727 358 760 liis
378 727 538 760 instantiis
555 728 594 760 ad
613 729 697 771 ipsos
718 727 882 760 auditores
903 733 1058 771 spectent.

306 780 415 813 Totius
440 791 515 813 vero
536 780 718 823 provinciae
740 791 856 813 causae
881 791 1004 821 omnes,
1028 791 1060 813 e-

306 833 382 865 tiam
409 833 646 866 ecclesiasticae
668 838 699 866 et
719 833 757 866 ad
783 834 888 866 sorum
910 832 1063 866 ecclesia-

304 886 419 919 sticum
450 887 697 930 quomodolibet
727 887 926 930 pertinentes
951 888 1059 930 (dum-

303 940 399 972 modo
424 950 489 973 non
515 940 676 973 executive
702 946 816 983 agatur
836 940 866 972 in
894 941 1058 982 praeiudi-

303 993 389 1025 cium
412 994 603 1027 facultatum
625 993 782 1027 auditoris
798 994 951 1027 Gamerae
972 994 1057 1037 Apo-

303 1047 451 1090 stolicae)
482 1058 642 1080 summam
673 1052 703 1080 et
732 1047 989 1080 aestimationem
1012 1048 1056 1080 rei

304 1101 350 1133 vel
384 1100 457 1133 sacti
487 1106 653 1134 scutorum
681 1105 810 1134 centum
845 1102 1054 1142 excedenteS,

301 1159 375 1196 post
395 1153 534 1196 primam
555 1154 754 1194 instantiam,
778 1165 861 1196 quae
882 1154 968 1198 apud
982 1165 1057 1187 suos

302 1206 425 1240 iudices
452 1207 575 1251 pariter
607 1214 785 1247 remaneat,
807 1208 838 1240 in
860 1209 1000 1241 secunda
1027 1214 1054 1241 et

301 1259 372 1292 aliis
391 1260 554 1294 instantiis
574 1261 725 1304 cognosci
748 1262 886 1294 debeant
906 1272 924 1293 a
945 1272 1053 1305 supra-

300 1313 393 1347 dictis
418 1315 631 1355 auditoribus,
666 1326 739 1348 cum
767 1326 917 1358 expressa
948 1320 1053 1348 tamen

299 1367 516 1402 declaratione
532 1368 619 1412 quod
645 1374 817 1412 propterea
843 1379 908 1401 non
930 1369 969 1401 sit
995 1379 1054 1401 nec

300 1428 469 1455 censeatur
489 1433 557 1455 esse
586 1423 775 1465 derogatum
806 1434 863 1455 seu
888 1423 1052 1466 praeiudi-

299 1480 406 1508 catum
437 1475 611 1519 privilegiis
631 1487 687 1509 seu
708 1476 843 1509 indultis
866 1476 1053 1520 apostolicis

299 1528 427 1562 illarum
449 1529 611 1562 civitatum
633 1535 663 1562 et
680 1530 826 1562 locorum
844 1529 962 1572 quibus
977 1541 1052 1562 con-

299 1593 425 1615 cessum
456 1588 501 1616 est
524 1583 612 1626 quod
632 1594 748 1615 causae
780 1583 811 1615 in
839 1583 980 1615 secunda
1001 1583 1049 1615 in-

298 1636 414 1668 stantia
434 1641 673 1679 cognoscantur
689 1642 720 1669 et
739 1636 930 1669 decidantur
950 1637 989 1668 ab
1011 1636 1049 1668 il-

297 1690 403 1722 lorum
425 1689 588 1722 iudicibus
608 1701 663 1722 seu
696 1689 910 1733 praesidibus,
931 1701 989 1722 nec
1009 1690 1048 1722 ad

296 1743 357 1775 alia
395 1743 466 1776 loca
499 1743 580 1775 trahi
611 1743 745 1786 possint.
779 1743 933 1775 Volumus
961 1743 1046 1775 enim

294 1797 382 1840 quod
404 1802 479 1830 tunc
501 1797 606 1840 quoad
618 1797 793 1830 secundam
806 1796 990 1829 instantiam
1008 1798 1046 1830 sit

294 1849 325 1882 in
362 1855 521 1893 potestate
559 1855 587 1883 et
623 1851 789 1882 voluntate
834 1850 1045 1893 appellatium

293 1903 446 1947 prosequi
481 1903 583 1937 dictas
630 1914 742 1936 causas
789 1903 1043 1946 appellationum

293 1956 378 1988 iuxta
415 1956 500 1989 dicta
532 1957 654 1989 indulta
692 1967 801 1989 coram
836 1956 928 1989 dictis
964 1957 1046 1989 indi-

292 2009 382 2042 cibus
422 2011 470 2042 vel
506 2020 615 2043 coram
650 2010 735 2043 dicta
770 2010 861 2042 Rota.
891 2011 924 2042 ln
961 2011 1043 2043 ulte-

291 2063 431 2096 rioribus
447 2074 521 2096 vero
543 2063 702 2096 instantiis
724 2074 831 2096 coram
857 2063 941 2096 dicta
966 2064 1044 2096 Rota

291 2116 442 2160 privative
481 2118 588 2160 quoad
621 2118 699 2150 alios
728 2117 852 2150 iudices
891 2118 1042 2160 cognosci

291 2170 439 2209 debeant,
467 2181 530 2203 non
561 2171 761 2203 obstantibus
782 2171 886 2213 quoad
914 2171 1042 2214 praedi-

291 2228 341 2256 cta
361 2223 476 2256 debitis
496 2223 670 2267 privilegiis
691 2229 717 2257 et
741 2224 874 2256 indultis
889 2225 1042 2267 apostoli-

291 2276 347 2313 cis,
370 2277 483 2320 quavis
507 2277 677 2310 occasione
700 2277 958 2319 competentibus
973 2278 1043 2310 uni-

290 2329 494 2362 versitatibus
510 2335 540 2362 et
555 2329 835 2363 iurisdictionibus
847 2330 950 2363 dictae
970 2342 1043 2374 pro-

289 2381 410 2415 vinciae
430 2383 589 2415 Marcbiae
606 2383 763 2416 hactenus
785 2383 956 2424 concessis,
973 2390 1003 2417 et
1025 2396 1042 2416 a

289 2431 381 2464 nobis
406 2431 604 2464 confirmatis
625 2432 664 2464 de
690 2432 804 2475 primis
834 2438 863 2464 ct
894 2433 1042 2465 secundis

289 2480 459 2520 instantiis,
489 2481 607 2524 quibus
632 2492 689 2524 per
716 2486 918 2524 praesentem
942 2481 1041 2515 Rotae

287 2529 485 2562 erectionem
506 2535 677 2562 censeatur
692 2530 797 2572 quoad
810 2530 976 2573 praedicta
990 2531 1042 2563 de—

287 2583 446 2621 rogatum,
476 2589 512 2611 ac
541 2578 566 2611 si
595 2578 634 2611 de
659 2579 755 2611 verbo
784 2579 822 2611 ad
843 2579 975 2611 verbum
1003 2579 1040 2611 de

286 2627 349 2661 illis
369 2627 575 2672 particularis
597 2628 718 2661 mentio
738 2628 821 2661 sacta
849 2627 972 2669 fuisset,
1000 2628 1039 2660 ad

983 250 1086 274 stxrtts
1106 252 1123 274 V
1142 251 1190 274 ΡΡ.

314 355 429 400 prima,
461 367 542 399 quae
574 367 683 389 coram
704 356 770 389 suis
785 356 945 389 iudicibus
962 367 1066 389 rema·

1109 303 1260 335 effectum
1286 302 1473 335 devolvendi
1507 308 1630 336 tantum
1658 314 1771 337 causas
1804 318 1861 350 ap-

1109 355 1293 400 pellationis
1319 356 1359 388 ad
1392 355 1492 399 ipsam
1522 356 1653 397 Rotam,
1679 364 1707 390 et
1734 370 1798 391 non
1826 370 1860 391 a·

1108 409 1229 442 liunde.

1151 464 1165 506 ἓ
1191 464 1221 496 7.
1249 463 1393 496 Habeant
1421 463 1498 496 dicti
1527 463 1691 497 auditores
1729 465 1856 497 iurisdi-

1106 515 1245 549 ctionem
1258 522 1287 549 et
1301 522 1487 560 praestatem
1506 517 1718 560 procedendi,
1742 529 1860 561 cogno-

1106 570 1215 602 scendi
1238 576 1267 602 et
1295 570 1464 603 decidendi
1489 570 1591 603 dictas
1613 582 1735 611 causas,
1761 583 1797 604 ac
1827 573 1857 604 in

1106 621 1168 653 illis
1188 628 1268 663 vota,
1290 628 1386 666 prout
1407 623 1486 656 iuris
1499 634 1567 656 csse
1583 624 1753 664 videbitur,
1769 637 1860 669 prae-

1105 675 1220 715 standi,
1242 682 1374 720 excepto
1406 688 1443 709 eo
1473 688 1582 709 coram
1608 689 1672 721 quo
1705 680 1859 722 pendebit

1105 738 1213 768 causa,
1237 730 1292 772 qui
1320 730 1350 761 iu
1378 730 1484 763 causis
1511 741 1569 773 per
1602 731 1707 774 ipsum
1739 744 1857 777 propo-

1104 781 1217 813 nendis
1236 788 1342 814 votum
1361 794 1425 815 non
1446 784 1561 817 babeat
1583 784 1643 817 nisi
1666 792 1734 818 vota
1753 792 1858 819 essent

1103 835 1282 877 aequaliter
1314 836 1425 876 divisa,
1462 848 1527 879 quo
1559 849 1634 871 casu
1661 838 1773 872 debeat
1801 841 1855 873 uni

1102 887 1185 929 parti
1206 888 1373 928 accedere,
1397 894 1427 921 et
1447 889 1492 922 sic
1504 901 1632 934 semper
1643 892 1855 926 obtinetillud

1101 941 1187 982 quod
1209 942 1313 974 maior
1333 953 1407 986 pars
1431 942 1629 977 iudicaverit.

1145 994 1159 1036 ξ
1184 994 1214 1027 8.
1243 995 1426 1028 Sententiae
1438 1002 1545 1029 autem
1561 998 1699 1039 proferri
1714 1000 1853 1033 debeant

1100 1047 1139 1079 ab
1160 1048 1215 1080 illo
1234 1048 1381 1081 auditore
1398 1060 1506 1082 coram
1524 1061 1589 1092 quo
1601 1062 1772 1094 processus
1790 1055 1851 1086 l'or-

1100 1106 1205 1134 matus
1226 1103 1333 1143 suerit,
1357 1102 1387 1135 in
1414 1103 1533 1146 quibus
1554 1105 1754 1147 proferendis
1773 1107 1850 1141 illud

1099 1154 1286 1188 observetur
1299 1156 1386 1199 quod
1407 1156 1479 1188 illae
1500 1158 1688 1198 sententiae,
1709 1170 1792 1202 quae
1813 1161 1851 1193 de

1099 1209 1234 1242 consilio
1245 1215 1272 1241 et
1296 1220 1427 1242 assensu
1449 1210 1675 1244 coauditorum
1690 1213 1770 1245 latae
1785 1215 1850 1246 l'ue-

1099 1261 1170 1301 rint,
1192 1262 1350 1304 legantur,
1373 1268 1404 1296 et
1423 1263 1485 1296 alta
1506 1269 1536 1296 et
1557 1264 1751 1308 intelligibili
1773 1278 1850 1300 voce

1096 1315 1233 1358 proferri
1253 1315 1264 1338 ¹
1286 1322 1317 1349 et
1340 1327 1414 1349 mox
1428 1317 1555 1350 notario
1573 1329 1689 1351 causae
1707 1320 1849 1353 subscri-

1096 1374 1168 1412 ptae
1179 1369 1217 1401 ab
1230 1369 1295 1409 illo,
1311 1370 1367 1413 ,qui
1389 1381 1442 1402 eas
1454 1371 1636 1413 protulerit,
1652 1373 1733 1405 tradi
1750 1373 1848 1407 debe-

1095 1427 1161 1461 ant,
1190 1423 1268 1455 alias
1295 1423 1357 1455 sint
1384 1423 1452 1467 ipso
1483 1424 1554 1456 iure
1579 1425 1704 1465 nullae3
1734 1426 1775 1459 ita
1801 1432 1847 1459 ta-

1096 1486 1167 1508 men
1181 1476 1267 1519 quod
1282 1476 1532 1510 iudicesrotales
1547 1478 1704 1521 praedicti
1717 1479 1748 1511 in
1768 1492 1847 1523 qua-

1094 1530 1138 1562 vis
1156 1541 1264 1569 causa,
1294 1530 1390 1563 etiam
1416 1542 1433 1563 a
1459 1531 1540 1564 Sede
1560 1531 1744 1575 Apostolica
1762 1533 1848 1567 dele-

1093 1589 1175 1625 gata,
1197 1584 1337 1627 aliquam
1359 1584 1555 1617 definitivam
1573 1586 1765 1619 sententiam
1783 1599 1847 1621 non

1093 1638 1258 1680 proferant
1280 1637 1401 1681 absque
1422 1637 1491 1671 eius
1512 1639 1635 1671 lectura
1652 1645 1679 1672 et
1702 1640 1847 1683 publica-

1091 1690 1195 1727 tione;
1227 1697 1258 1723 et
1283 1692 1441 1724 sententia
1474 1692 1568 1724 aliter
1588 1693 1662 1733 lata,
1686 1694 1781 1726 ctiam
1808 1696 1845 1727 dt·

1091 1750 1251 1773 consensu
1278 1741 1439 1783 partium,
1471 1752 1536 1773 non
1563 1742 1665 1774 valeat
1692 1754 1749 1775 nec
1777 1743 1846 1776 iure

1090 1788 1253 1829 subsistat,
1276 1795 1331 1822 aut
1348 1789 1456 1832 aliquo
1474 1791 1570 1824 modo
1591 1792 1772 1824 executioni
1789 1793 1845 1825 de-

1089 1839 1235 1871 mandari
1259 1839 1368 1882 possit.

1132 1888 1146 1931 §
1171 1887 1202 1920 9.
1230 1888 1472 1932 Appellationes
1492 1900 1634 1932 quoque,
1649 1901 1737 1932 quer«
1754 1891 1844 1923 lacet

1088 1947 1253 1975 recursus,
1275 1937 1451 1977 nullitates,
1472 1938 1503 1970 in
1531 1938 1692 1981 integrum
1715 1940 1843 1972 restitu-

1088 1986 1190 2018 tiones
1203 1986 1234 2018 in
1254 1987 1426 2029 praedictis
1442 1987 1559 2027 causis,
1579 1988 1674 2020 etiam
1697 1994 1842 2032 tempore

1087 2034 1318 2078 publicationis
1339 2036 1559 2079 praesentium
1582 2043 1766 2070 nostrarum
1789 2038 1840 2070 lit-

1087 2089 1243 2119 terarum,
1275 2084 1520 2126 quomodolilnfft
1545 2087 1733 2129 pendentes,
1757 2088 1796 2119 ab
1815 2087 1840 2118 i-

1087 2132 1151 2174 psis
1175 2133 1377 2165 auditoribus
1395 2144 1450 2166 seu
1476 2134 1515 2165 ab
1537 2134 1605 2166 aliis
1627 2135 1840 2178 quibuscum-

1086 2192 1149 2224 que
1170 2182 1333 2214 imlicibus
1349 2182 1453 2215 dictae
1464 2183 1648 2227 provinciae
1668 2184 1838 2226 Marciiiae,

1086 2240 1212 2262 necnon
1238 2231 1334 2263 etiam
1363 2242 1378 2263 a
1408 2232 1647 2274 praedictarum
1674 2233 1838 2266 civitatum

1085 2278 1256 2322 episcopis,
1279 2291 1460 2323 eorumque
1486 2281 1613 2314 vicariis
1633 2294 1689 2314 seu
1717 2283 1837 2315 locate-

1086 2328 1247 2367 nenssbus,
1271 2340 1307 2361 ac
1328 2329 1424 2361 etiam
1449 2329 1489 2361 ab
1510 2330 1652 2363 arbitriis
1676 2343 1732 2364 seu
1753 2332 1838 2364 arbi-

1085 2377 1260 2409 tratoribus
1276 2377 1476 2410 coniunctim
1492 2379 1682 2418 veldivisim,
1696 2380 1838 2423 interpo-

1085 2426 1222 2466 nendae,
1241 2427 1470 2469 porrigendae,
1494 2429 1651 2471 petendae
1672 2440 1709 2462 ac
1731 2440 1837 2472 respe-

1085 2475 1165 2507 ctive
1191 2476 1436 2518 quomodolibet
1463 2478 1693 2520 proponendae
1724 2479 1836 2521 (privi-

1084 2525 1174 2568 legiis
1200 2532 1306 2558 [lunen
1327 2536 1381 2558 seu
1412 2525 1544 2558 indultis
1576 2527 1767 2569 praedictis,
1804 2533 1837 2559 ut

1083 2575 1278 2618 praefertur,
1297 2584 1426 2618 semper
1441 2574 1559 2618 salvis),
1587 2575 1625 2608 ad
1646 2586 1836 2618 quemcum-

1121 2638 1128 2663 1
1150 2636 1273 2664 Cherub.
1292 2636 1476 2671 proferantur
1492 2638 1520 2664 at
1538 2638 1576 2670 (R.
1593 2637 1642 2670 T.).

1879 251 1930 279 An.
1949 252 1979 279 C.
1999 254 2065 281 1589

1905 472 1955 492 Vota
1972 480 1991 492 ιιι
2009 480 2060 494 cau<

1876 505 1906 524 nis
1922 505 1995 524 danda.

1927 1013 2054 1034 sentcntiae

1867 1042 2023 1070 proferendae.

1873 1920 2045 1945 Appellationvs,

1858 1952 1896 1969 etc,
1907 1951 2035 1976 iate-sponna

1860 1982 1897 2001 dae
1913 1988 1925 2000 a
1940 1982 2043 2001 iudicibus

1858 2013 1991 2038 provini-iae,
2022 2016 2041 2031 et

1856 2043 1880 2063 ab
1897 2044 1948 2069 ipsis
1960 2045 2043 2063 audito—

1857 2074 1914 2095 ribus
1939 2076 1962 2094 ad
1996 2074 2041 2095 lto—

1856 2108 1897 2125 tam
1917 2105 1981 2126 salvis
2005 2106 2041 2125 ΙιιΝ

1857 2142 1929 2156 curum
1954 2138 2042 2162 privil&

1857 2168 1895 2191 tiis
1919 2168 2041 2188 devolvan-

1858 2200 1898 2218 tur.
