2226 3070
197 326 248 352 An*
267 325 294 352 C.
314 324 382 352 1590

439 298 505 344 610

396 372 498 405 autin
520 384 595 406 casu
616 383 682 416 quo
702 372 847 405 videatur
868 371 909 404 ita
930 370 1049 402 iustum
1070 379 1149 409 esse,

397 426 483 458 utin
505 425 678 470 praedictis
704 430 837 469 propter
865 424 1006 465 aliquam
1036 433 1148 455 neces-

396 478 512 511 sariam
533 473 580 512 vel
601 478 826 512 rationabilem
849 486 978 509 causam
991 475 1147 519 permitti,

397 538 427 564 et
453 537 529 564 111116
562 532 601 565 ab
637 532 699 564 illis
730 536 855 563 tantum
882 528 1040 573 personis,
1067 539 1149 571 quae

396 585 556 617 exercitiis
574 584 729 617 orationis
753 589 783 616 et
804 582 1062 615 consolationum
1084 582 1148 624 spi-

398 638 563 671 ritualium
595 637 696 680 magis
725 637 914 669 adiumento
958 635 1020 667 sint.
1051 645 1148 679 quam

398 691 615 729 recreationi;
645 690 740 733 idque
767 700 895 732 semper
917 689 1060 722 adbibita
1086 699 1150 720 uua

397 744 507 776 saltem
529 744 768 784 auscultatrice,
791 744 838 776 vel
858 743 925 786 ipsa
941 743 1037 775 ctiam
1059 742 1148 786 prio-

396 797 486 828 rissa.

439 849 548 882 Claves
567 850 717 883 locutorii
738 861 794 883 seu
815 850 951 883 cratium
970 850 1147 882 ferrearum

395 908 422 935 et
458 904 569 945 portae
605 904 793 936 monasterii
828 914 927 947 penes
961 902 1148 946 priorissam

395 955 631 995 custodiantur3
661 961 692 989 et
718 956 953 998 ingredientem
989 957 1149 988 consessa-

396 1008 493 1047 rium,
524 1009 685 1042 medicum
719 1014 749 1041 et
774 1009 978 1052 ehirurgum,
1004 1009 1050 1041 vel
1072 1009 1150 1040 alias

396 1068 550 1103 personas
567 1063 765 1095 necessarias
786 1073 914 1106 semper
931 1063 1013 1095 duae
1028 1062 1150 1094 monia-

396 1115 440 1146 les
460 1120 564 1148 aetate
586 1116 688 1158 11111613
713 1127 824 1158 graves
848 1116 886 1148 ad
912 1116 942 1148 id
978 1115 1149 1159 deljmtatae

395 1168 604 1200 comitentur.
637 1169 783 1212 Cuuique
805 1169 980 1201 monialem
1007 1169 1148 1211 aliquam

395 1221 558 1253 infirmam
579 1227 711 1265 peccata
721 1232 778 1254 sua
797 1222 944 1255 confiteri
966 1222 1147 1264 contigerit,

395 1274 503 1318 aliqua
525 1285 654 1318 semper
674 1275 705 1308 in
726 1282 901 1320 prospectu
923 1275 962 1307 sit
987 1275 1147 1315 monialis,

396 1328 438 1360 ita
454 1328 540 1371 quod
562 1329 795 1362 confessarium
813 1329 933 1367 videre,
956 1340 1021 1362 non
1043 1334 1149 1361 tamen

395 1391 503 1413 vocem
526 1381 651 1422 audire,
675 1382 785 1425 possit:
806 1382 910 1426 ipsum
928 1393 1003 1415 vero
1024 1382 1150 1414 conses-

396 1435 517 1467 sarium
538 1433 628 1468 nulla
654 1435 716 1468 alia
736 1441 865 1479 praeter
886 1435 1047 1469 infirmam
1070 1435 1150 1467 allo-

396 1494 534 1531 quatur3
557 1488 588 1521 in
609 1488 796 1521 huiusmodi
817 1499 893 1522 vero
911 1489 1070 1531 ingressu,
1088 1488 1149 1521 tin-

398 1540 542 1574 tinabulo
569 1542 696 1584 signum
725 1542 820 1575 detur
845 1541 1040 1575 monialibus
1067 1542 1150 1574 intra

397 1595 629 1628 monasterium
651 1600 791 1629 exteram
818 1606 991 1639 personam
1026 1596 1149 1635 adesse,

398 1652 431 1680 nt
449 1647 613 1681 secedant.

440 1701 484 1734 Ne.
505 1702 662 1735 moniales
687 1702 754 1735 ullo
776 1703 873 1736 modo
901 1703 940 1735 de
962 1702 1060 1746 septis
1081 1713 1151 1734 mo-

398 1755 529 1787 nasterii
551 1755 659 1798 egredi
676 1756 842 1798 contingat
862 1756 949 1788 iuxta
967 1756 1094 1789 decreta
1106 1766 1152 1787 sa-

398 1808 444 1840 cri
465 1809 625 1850 generalis
646 1808 775 1841 concilii
797 1808 976 1841 Tridentini
1007 1814 1037 1841 et
1064 1819 1151 1840 sum-

398 1872 525 1894 morum
545 1862 751 1903 Pontificum,
775 1863 964 1906 praesertim
986 1873 1061 1895 vero
1083 1873 1152 1895 san-

397 1920 466 1947 61116
483 1916 659 1948 memoriae
680 1916 724 1948 Pii
745 1916 850 1959 Papae
866 1916 888 1947 V
905 1916 1153 1948 constitutiones

397 1979 495 2011 super
520 1967 707 2001 huiusmodi
738 1969 1034 2001 sanctimonialium
1062 1970 1152 2001 clau-

398 2032 472 2054 sura
496 2022 608 2062 editas,
637 2023 682 2055 eis
708 2022 851 2055 districte
877 2022 1069 2066 prohibetur
1098 2033 1150 2063 ne,

398 2075 456 2106 sub
478 2075 622 2108 censuris
644 2080 674 2108 et
698 2076 812 2118 poenis
840 2075 871 2108 in
893 2075 1014 2108 eisdem
1041 2075 1153 2108 decre-

400 2127 436 2159 tis
458 2135 485 2160 et
514 2129 754 2162 constitutionis
780 2129 952 2169 contentis,
981 2129 1020 2161 ad
1049 2129 1153 2162 eccle-

399 2180 477 2213 siam
510 2182 555 2213 vel
583 2182 621 2214 ad
651 2182 837 2215 monasterii
866 2182 1073 2222 vestibulum,
1097 2193 1153 2214 seu

401 2240 526 2276 portam
552 2235 780 2279 principalem,
818 2235 913 2268 etiam
941 2245 1037 2267 causa
1066 2235 1152 2267 illam

402 2287 612 2328 recludendi,
645 2288 808 2321 ullatenus
836 2299 869 2322 se
906 2288 1072 2321 conserant
1100 2293 1154 2320 aut

400 2339 565 2379 accedant,
579 2340 634 2372 sed
655 2341 820 2374 sacristam
838 2341 994 2374 clericum
1009 2351 1064 2373 seu
1083 2351 1154 2383 pre-

401 2393 565 2435 sbyterum
578 2399 632 2426 aut
643 2393 796 2426 famulam
813 2394 954 2437 aliquam
966 2399 1054 2426 extra
1067 2394 1154 2426 clau-

399 2451 462 2477 stra
481 2445 630 2485 habeant,
651 2447 705 2489 qui
727 2458 847 2489 quaeve
866 2448 933 2479 tam
955 2452 1081 2490 portam
1104 2457 1154 2480 ec-

401 2495 517 2527 clesiae
542 2505 638 2537 quam
672 2495 768 2527 etiam
800 2496 986 2528 monasterii
1018 2507 1035 2528 a
1066 2502 1154 2539 parte

401 2543 551 2575 exteriori
570 2570 577 2582 ‚
612 2554 737 2575 necnon
772 2549 802 2576 et
835 2544 982 2576 vestibuli
1024 2555 1093 2576 sera
1124 2550 1152 2576 et

401 2593 488 2624 clave
504 2598 534 2624 et
553 2592 638 2624 ferro
654 2597 762 2624 vectae
778 2592 790 2613 ¹
805 2592 975 2634 diligenter
990 2592 1151 2625 occludat.

445 2640 631 2673 Saecularia
652 2640 779 2683 negotia
800 2651 859 2673 nec
881 2646 996 2673 curent
1016 2652 1075 2673 nec
1093 2647 1155 2673 tra-

440 2700 448 2724 t
468 2697 601 2734 Legimus
615 2698 706 2732 ferreo
721 2699 790 2726 vecte
809 2698 847 2731 (a.
863 2698 913 2732 1,).

1000 317 1181 342 BULLARIUM
1201 314 1354 340 ROMANUM

1192 373 1279 401 ctent
1299 364 1466 408 moniales,
1488 367 1548 400 nisi
1574 368 1655 400 forte
1682 368 1863 401 remedium
1885 368 1944 401 ali-

1192 421 1278 464 quod
1290 421 1346 461 eis,
1361 421 1467 464 quide
1489 421 1551 452 11113
1568 421 1760 463 loquuntur,
1782 421 1897 454 afferre
1913 421 1945 454 in

1192 474 1289 507 rebus
1309 474 1453 507 molestis
1470 474 1551 507 vitae
1571 474 1712 517 possint;
1733 474 1819 517 quod
1839 474 1865 506 si
1890 474 1946 507 ali-

1193 527 1285 560 euius
1303 528 1398 561 etiarn
1420 528 1544 560 fructus
1564 533 1592 560 et
1616 538 1688 571 spes
1713 527 1863 567 abstiterit,
1882 527 1945 560 cito

1192 580 1381 613 huiusmodi
1402 592 1568 614 sermones
1598 580 1782 613 terminent.
1812 581 1945 613 Multum

1193 633 1279 667 euim
1302 635 1401 667 refert
1422 640 1457 667 ut
1485 634 1606 678 aliquid
1633 634 1729 672 lucri,
1753 644 1816 666 non
1838 639 1945 666 autem

1192 688 1346 731 temporis
1376 689 1510 728 iactura,
1525 698 1560 720 ex
1580 687 1722 731 ipsarum
1755 687 1945 720 monialium

1192 740 1371 774 visitatione
1403 747 1600 785 reportetur.
1632 741 1665 773 ld
1703 740 1809 784 ipsum
1839 745 1946 773 autem

1192 793 1364 837 diligenter
1386 801 1479 827 curet.
1512 794 1735 835 auscultatrix,
1765 800 1793 827 61
1822 793 1948 837 quoties

1192 847 1253 879 hoc
1280 858 1345 880 non
1379 849 1614 887 observabitur,
1647 848 1677 880 id
1699 848 1873 891 priorissae
1904 846 1946 879 si-

1192 900 1336 942 gnificet,
1376 901 1462 945 quod
1492 902 1517 934 31
1552 912 1615 934 non
1651 901 1887 944 significaverit,
1915 901 1946 933 iu

1192 954 1338 986 eamdem
1365 965 1503 997 poenam
1526 960 1558 987 et
1588 954 1656 997 ipsa
1682 965 1755 986 cum
1783 959 1946 987 contrave-

1192 1006 1301 1039 niente
1322 1007 1454 1045 incidat;
1477 1008 1530 1040 sed
1562 1013 1639 1040 tunc
1660 1012 1779 1047 tamen,
1811 1007 1865 1039 ubi
1897 1017 1946 1039 36-

1193 1059 1255 1092 mel
1272 1065 1302 1093 et
1323 1059 1440 1093 iterum
1455 1061 1627 1093 monialem
1650 1061 1688 1093 de
1709 1071 1746 1093 eo
1766 1060 1946 1093 admonue-

1193 1113 1245 1153 rit,
1269 1113 1361 1146 tertia
1382 1124 1457 1147 1610
1478 1114 1560 1153 vice,
1597 1114 1620 1146 si
1643 1119 1815 1146 contumax
1836 1113 1945 1152 suerit,

1194 1178 1251 1209 per
1271 1178 1385 1200 novem
1409 1168 1476 1200 dies
1497 1168 1527 1199 in
1549 1178 1678 1200 carcere
1696 1173 1895 1210 permaneat,
1918 1173 1947 1199 et

1193 1220 1285 1252 tertio
1311 1231 1444 1264 quoque
1466 1221 1516 1253 die
1538 1221 1568 1252 in
1592 1220 1762 1253 refectorio
1778 1220 1948 1264 disciplina

1193 1273 1359 1316 puniatur,
1375 1285 1449 1307 eum
1467 1274 1498 1306 id
1516 1274 1646 1317 quidem
1665 1273 1843 1317 plurimum
1864 1273 1949 1307 Reli-

1193 1327 1280 1369 11101ιί
1302 1327 1440 1360 111161311.

1237 1381 1261 1412 A
1286 1391 1474 1414 sermonum
1497 1381 1680 1425 prolixitate
1701 1391 1774 1413 eum
1804 1381 1948 1424 parenti-

1193 1434 1252 1465 bus
1278 1434 1413 1476 aliisque
1440 1435 1585 1477 cognatis
1615 1445 1712 1478 quam
1748 1434 1817 1467 fieri
1844 1439 1947 1478 potest

1195 1488 1332 1520 maxime
1370 1489 1565 1527 abstineant3
1602 1499 1675 1521 nam
1720 1492 1947 1531 praeterquam

1193 1541 1281 1583 quod
1312 1547 1524 1584 cognatorum
1560 1541 1687 1583 negotia
1716 1541 1809 1573 valde
1840 1541 1949 1573 animo

1193 1595 1340 1634 haerent,
1371 1595 1599 1628 difficillimum
1625 1595 1686 1627 erit
1716 1594 1826 1637 aliqua
1852 1595 1948 1627 etiam

1194 1649 1373 1681 saecularia
1394 1648 1522 1691 negotia
1543 1658 1608 1681 non
1630 1648 1826 1681 immiscere.

1238 1700 1271 1733 Iu
1311 1702 1498 1734 universum
1542 1712 1618 1734 vero
1653 1711 1725 1733 cum
1771 1701 1946 1741 extraneis,

1194 1755 1340 1796 quamvis
1374 1747 1626 1797 consanguineis
1660 1755 1708 1787 vel
1739 1754 1947 1798 propinquis,

1195 1807 1290 1840 etiam
1311 1808 1402 1840 valde
1423 1808 1618 1847 coniunctis,
1653 1818 1750 1851 quam
1785 1808 1949 1840 rarissime

1195 1861 1264 1893 fieri
1286 1866 1402 1904 potest,
1426 1862 1668 1905 colloquantur,
1696 1861 1756 1893 nisi
1775 1861 1814 1893 de
1834 1860 1950 1893 divinis

1197 1913 1292 1947 rebus
1311 1914 1348 1947 sit
1371 1925 1490 1954 sermo,
1519 1920 1546 1947 et
1575 1920 1652 1948 tunc
1678 1924 1775 1957 quam
1796 1913 1949 1946 citissime

1196 1978 1228 2000 se
1248 1968 1429 2011 expediant..

1240 2020 1502 2053 Animadvertant
1537 2020 1709 2063 diligenter
1745 2020 1885 2053 vicarius
1920 2025 1948 2053 et

1196 2074 1438 2107 commissarius
1457 2074 1539 2106 sacri
1561 2073 1879 2106 conciliiTridentini
1896 2073 1951 2105 de-

1196 2127 1303 2167 cretis,
1323 2138 1359 2160 ae
1371 2127 1473 2160 felicis
1483 2127 1717 2160 recordationis
1726 2126 1871 2170 Gregorii
1883 2126 1949 2159 Xlll

1197 2180 1491 2221 constitutionibus,
1513 2181 1572 2213 sub
1602 2179 1951 2213 excommunicationis

1197 2234 1279 2266 latae
1296 2233 1473 2266 sententiae
1483 2233 1609 2277 poenis,
1625 2233 1794 2277 prohiberi
1810 2243 1851 2266 ne
1864 2232 1949 2276 quis,

1197 2287 1434 2330 cuiuscumque
1454 2287 1578 2327 aetatis,
1601 2292 1701 2320 status
1726 2293 1757 2320 et
1773 2286 1948 2330 qualitatis,

1197 2340 1292 2373 etiam
1321 2340 1456 2384 praelati
1483 2339 1748 2383 superioresque,
1772 2340 1805 2372 in
1825 2339 1951 2372 monia-

1197 2394 1275 2426 lium
1307 2393 1503 2426 monasteria
1538 2393 1786 2435 ingrediantur,
1821 2392 1882 2425 nisi
1913 2402 1950 2424 ex

1198 2456 1294 2479 causa
1314 2446 1495 2479 necessaria
1517 2451 1548 2478 et.
1572 2445 1714 2488 urgenti,
1737 2450 1769 2478 et
1799 2445 1837 2478 de
1854 2454 1948 2489 prae-

1198 2496 1251 2527 lati
1274 2495 1404 2528 licentia
1432 2506 1468 2527 ex
1489 2495 1676 2528 huiusmodi
1699 2505 1795 2527 eausa
1816 2494 1848 2526 in
1869 2494 1948 2527 scri-

1197 2545 1260 2587 ptis
1289 2544 1412 2583 da11da3
1440 2549 1622 2586 curentque
1648 2543 1794 2577 eiusdem
1820 2542 1948 2575 concilii

1197 2592 1325 2625 decreta
1346 2597 1376 2624 et
1396 2591 1641 2624 constitutiones
1655 2591 1836 2634 praedictas
1847 2590 1949 2622 adun-

1197 2651 1292 2683 guem
1313 2640 1489 2681 observari3
1506 2651 1635 2673 necnon
1656 2650 1785 2673 causam
1803 2649 1949 2672 necessa-

1197 2690 1277 2723 riam
1317 2695 1347 2722 et
1376 2694 1545 2732 urgentem
1578 2689 1741 2729 iudicent,
1781 2687 1843 2721 nisi
1878 2697 1947 2721 eam

1959 316 2011 344 An.
2029 316 2058 345 C.
2076 315 2145 345 1590
