2226 3070
209 283 257 312 An.
277 286 304 313 C.
326 287 390 313 ¹588

249 1635 381 1662 Stipendium

199 1672 281 1693 quoque
295 1666 382 1687 sentru-

199 1701 252 1718 rtuni
289 1703 380 1718 summae

198 1735 235 1753 per
252 1729 329 1750 nuttios
345 1735 381 1749 sn-

199 1761 254 1780 1111110
277 1762 376 1786 assigna-

197 1794 238 1811 tum

449 275 513 309 3⁹26

404 343 452 370 ter
481 338 566 371 vivos
592 349 738 381 erogare,
771 339 960 377 concedere,
993 349 1030 370 ae
1059 344 1155 370 testa-

403 397 528 429 menta,
557 392 781 436 dispositioncs
816 397 845 424 et
875 392 1101 424 concessiones
1130 393 1153 424 si

403 447 589 479 huiusmodi
610 446 715 478 0111110
750 445 980 482 obtinuissent,
1003 445 1103 479 libere
1125 453 1152 479 et

403 500 488 532 licite
505 500 574 533 tieri
594 500 748 539 valerent,
777 499 939 531 licentiam
966 505 996 532 et
1018 500 1154 533 faculta-

402 559 465 586 tem
478 554 572 586 etiam
588 553 820 588 concessimus:
833 563 868 585 ac
891 553 1054 586 voluimus
1069 556 1152 596 qnod

402 608 519 640 milites
536 607 705 639 Lauretani
728 607 876 650 praefati,
902 607 956 651 qui
985 618 1043 651 pro
1073 614 1153 641 tem-

401 672 480 704 pore
501 661 603 693 forent
630 661 667 693 de
689 671 803 694 eorum
838 661 954 694 officiis
983 672 1039 694 seu
1076 663 1154 696 locis

401 720 431 747 et
452 715 694 755 emolumentis,
714 726 797 758 quac
814 726 887 748 cum
908 716 1073 759 quibusvis
1083 717 1154 750 aliis

400 768 505 801 dietae
526 769 635 801 curiae
655 769 780 806 officiis,
805 780 861 802 seu
882 769 960 803 loeis
980 776 1011 803 ct
1031 772 1153 804 emolu-

401 822 516 855 mentis
527 823 746 866 compatibilia
760 823 977 863 existerent‚et
992 835 1050 868 per
1060 836 1154 868 quas-

399 887 539 919 cumque
566 877 687 909 nedum
720 888 833 914 uuum,
862 878 916 910 sed
937 878 1031 921 plura
1057 878 1152 912 simul

400 930 447 962 vel
468 931 658 967 successive,
682 931 777 964 etiam
807 932 891 964 ultra
921 931 1045 971 decem,
1067 933 1151 965 obti-

400 994 476 1016 nere
497 984 639 1018 valerent
659 985 842 1028 disponere,
871 991 899 1018 et
922 986 973 1018 illa
998 987 1029 1018 111
1049 987 1151 1019 mani-

398 1038 458 1071 bus
483 1039 600 1072 nostris
625 1050 661 1072 ac
681 1039 843 1072 «limorum
858 1050 1152 1073 511000550111111110-

399 1099 557 1129 sti-orum,
576 1094 706 1136 quando
729 1094 804 1137 ipsis
825 1093 1147 1137 militibusplaceret,

398 1152 427 1178 et
448 1147 479 1179 in
506 1148 645 1179 savorem
668 1158 880 1190 personarum
903 1158 961 1191 per
986 1148 1072 1191 ipsos
1096 1159 1151 1181 no-

398 1200 638 1235 minandarum,
649 1201 686 1233 ad
700 1201 799 1233 instar
812 1201 951 1234 aliorum
969 1202 1149 1234 officiorum

397 1254 501 1287 dictae
527 1255 657 1291 curiae,
695 1255 859 1297 resignare
885 1256 985 1288 libere
1011 1261 1039 1287 et
1067 1256 1150 1289 licite

397 1308 550 1345 valerent,
567 1320 603 1341 ae
625 1308 858 1351 resignatioues
873 1308 1059 1342 huiusmodi
1072 1310 1149 1342 vali-

397 1362 455 1394 dae
481 1367 510 1394 et
541 1362 689 1394 efficaces
720 1362 893 1395 existerent
923 1368 953 1395 et
975 1374 1049 1396 suos
1074 1364 1149 1396 effe-

398 1421 469 1448 ctus
488 1415 595 1448 sortiri
610 1416 776 1448 deberent.
791 1417 854 1449 Nee
869 1427 933 1448 non
950 1422 1035 1450 certa
1051 1418 1151 1460 ipsius

397 1469 523 1512 collegii
542 1470 674 1513 propria
702 1481 760 1513 per
776 1480 1044 1514 unumquemque
1066 1471 1150 1504 mili-

399 1529 461 1555 tem
472 1524 625 1565 gestanda
636 1523 771 1566 iusignia
793 1523 1035 1566 assignavimus.
1051 1526 1149 1558 Cum-

397 1588 459 1620 que
477 1576 629 1620 descripti
647 1577 762 1609 milites
777 1578 947 1611 Lauretani
962 1579 1149 1613 huiusmodi

397 1636 526 1663 centum
553 1631 653 1663 millia
674 1632 847 1663 seutaauri
869 1632 899 1664 iu
917 1643 996 1665 auro
1016 1644 1074 1677 pro
1090 1645 1149 1667 no-

397 1683 470 1717 stris
490 1690 519 1716 et.
540 1685 643 1717 dictat¹
660 1685 690 1717 S.
708 1685 743 1717 R.
760 1685 793 1716 E.
814 1686 1061 1719 necessitatibus
1077 1689 1151 1720 sub-

396 1738 570 1775 blevandis,
595 1744 623 1770 et
646 1750 704 1781 pro
730 1739 1010 1783 inl‘rasrriptorum
1038 1742 1083 1774 eis
1103 1754 1150 1775 as-

395 1791 593 1834 signatorum
624 1798 839 1835 proventuum
867 1794 972 1837 pretio
1003 1807 1059 1828 seu
1099 1808 1149 1829 re-

396 1856 587 1889 compensa,
620 1846 658 1878 de
695 1846 835 1889 propriis
862 1858 976 1880 eorum
1004 1851 1150 1892 pecuniis

395 1900 598 1935 obtulissent,
623 1911 662 1932 ne
680 1900 738 1943 ipsi
756 1906 809 1933 aut
827 1912 1029 1935 successores
1050 1903 1149 1937 iactu-

396 1964 462 1985 ram
478 1959 530 1985 aut
548 1954 780 1986 detrimentum
793 1955 1001 1993 sustinerent,
1024 1957 1062 1989 de
1074 1969 1150 1990 eou-

395 2007 465 2038 silio
486 2013 514 2039 et
542 2018 673 2040 assensu
699 2020 735 2040 ac
757 2009 913 2041 sententia
935 2011 1145 2053 supradietis,

395 2060 514 2093 eisdem
538 2061 693 2094 militibus
704 2062 902 2098 Lauretanis,
923 2074 1101 2107 eorumque
1117 2066 1147 2098 in

396 2114 507 2147 militia
542 2115 658 2147 officiis
685 2116 872 2148 huiusmodi
893 2119 1145 2159 successoribus,

397 2173 589 2211 perpetuum
620 2179 765 2201 annuum
798 2171 958 2203 redditum
981 2178 1146 2206 seutormn

395 2226 468 2253 octo
490 2222 626 2253 millium
649 2222 800 2255 similium
823 2224 887 2259 eis,
917 2235 975 2267 per
1002 2232 1145 2259 nostrum

395 2281 470 2308 tunc
492 2281 520 2308 et
543 2287 601 2318 pro
625 2282 767 2320 tempore
785 2278 1145 2313 existentemdatarium

395 2340 431 2360 ex
451 2328 615 2372 quibusvis
640 2330 785 2364 Datariae
806 2332 996 2371 redditibus,
1013 2345 1146 2377 proven-

395 2382 489 2419 tibus,
514 2382 650 2419 iuribus,
671 2384 921 2418 obventionibus
946 2388 1146 2422 emolumen-

394 2440 497 2484 tisque
522 2441 693 2474 ordinariis
718 2443 765 2474 vel
787 2445 1059 2486 extraordinariis,
1079 2447 1145 2479 sin-

393 2498 477 2541 gulis
498 2499 673 2536 mensibus,
692 2500 814 2543 integre
832 2508 861 2534 et
879 2503 946 2536 sine
972 2504 1078 2547 aliqua
1100 2517 1146 2539 re-

397 2556 537 2590 tentione
559 2557 797 2595 solvendorum,
822 2567 979 2604 perpetuo
999 2564 1144 2596 vendidi-

395 2625 476 2655 mus,
498 2616 701 2656 tradidimus,
720 2619 937 2653 concessimus
954 2627 982 2653 et
1006 2622 1145 2665 assigna-

394 2674 511 2716 vimus:
543 2675 751 2709 decernentes
777 2677 1006 2716 assignationes
1034 2681 1144 2714 liuius-

1004 285 1183 309 BULLARIUM
1203 286 1353 309 ROMANUM

1198 338 1284 371 modi
1306 339 1395 371 nullo
1417 345 1562 383 tempore
1588 342 1714 374 nullave
1735 354 1831 376 eausa
1849 344 1950 387 impe·

1197 392 1258 424 diri
1274 402 1368 435 posse
1386 393 1434 425 vel
1452 393 1581 427 debere.
1609 395 1644 427 Et
1664 395 1887 437 nihilominus,
1911 398 1950 431 ad

1197 446 1466 479 abundantiorem
1477 449 1648 487 cautelam,
1663 450 1798 492 collegio
1811 451 1948 484 militum

1196 499 1386 533 huiusmodi
1408 501 1516 534 onmia
1541 507 1571 534 et
1600 502 1726 545 singula
1753 504 1897 538 redditus
1919 511 1950 539 et

1196 553 1258 586 alia
1284 554 1504 588 emolumenta
1533 555 1677 588 eiusdem
1707 557 1855 590 Datariae
1889 569 1948 601 pro

1197 619 1305 641 annua
1322 619 1448 642 summa
1468 609 1632 653 praedicta
1653 612 1838 650 specialiter
1853 618 1884 645 et
1899 623 1950 646 ex-

1196 673 1305 705 presse
1339 662 1554 706 obligavimus
1582 670 1612 697 et
1645 664 1945 708 hypotlieeavimus,

1198 716 1337 748 volentes
1356 717 1443 760 quod
1466 718 1684 751 emolumenta
1715 719 1870 762 praefata,
1902 720 1948 753 ei-

1195 769 1268 802 dem
1289 770 1424 813 collegio
1449 776 1483 803 111
1509 772 1693 814 praefertur
1727 773 1903 816 assignata,
1931 787 1948 808 a

1196 823 1340 856 kalendis
1362 824 1481 857 mensis
1501 824 1570 857 iulii
1592 836 1627 858 ex
1648 830 1725 859 tune
1738 827 1882 870 proxime
1898 828 1948 860 fu-

1196 877 1259 909 turi
1281 877 1478 921 incipiendo,
1507 879 1591 912 inter
1616 879 1733 913 milites
1752 881 1950 916 Lauretanos

1194 932 1380 964 huiusmodi
1402 942 1460 975 per
1479 943 1550 972 nos,
1572 939 1604 966 111
1631 934 1826 976 praefertur,
1847 936 1949 969 nomi-

1194 985 1318 1018 nandos
1338 985 1571 1026 dividerentur,
1600 992 1631 1019 et
1650 987 1683 1020 in
1704 988 1850 1021 futurum
1873 1001 1949 1023 con-

1190 1039 1352 1071 »1111111111110
1369 1039 1457 1072 iuxta
1468 1050 1579 1073 earum
1601 1041 1822 1075 ordinationes
1843 1043 1950 1077 distri-

1194 1093 1386 1131 buerentur,
1414 1095 1510 1126 certis
1540 1095 1634 1127 etiam
1669 1096 1740 1128 aliis
1770 1096 1801 1128 in
1832 1108 1946 1131 eorum

1194 1147 1332 1179 savorem
1351 1147 1538 1191 privilegiis,
1565 1159 1623 1181 uec
1650 1160 1713 1181 uon
1741 1149 1942 1193 obligationi-

1193 1200 1271 1239 bus,
1313 1201 1466 1238 cautelis,
1505 1201 1696 1246 hypothecis
1730 1209 1757 1236 et
1794 1205 1947 1238 clausulis

1193 1254 1336 1295 adiectis,
1356 1260 1454 1298 prout
1478 1255 1510 1287 iu
1535 1255 1654 1289 eisdem
1687 1257 1804 1290 11051115
1831 1258 1946 1291 litteris

1193 1307 1321 1351 plenius
1351 1309 1547 1341 continetur.
1577 1310 1612 1342 Et
1634 1310 1772 1350 deinde,
1803 1322 1862 1355 per
1887 1323 1945 1345 nos

1192 1367 1326 1405 accepto
1361 1363 1534 1395 nonnullas
1568 1363 1787 1397 dubitationes
1821 1372 1947 1400 exortas

1194 1415 1290 1448 t'uisse
1307 1415 1392 1447 cirea
1418 1427 1466 1453 ea,
1485 1427 1566 1459 quae
1588 1428 1686 1460 super
1701 1419 1865 1452 erectione
1883 1421 1946 1453 col-

1194 1468 1266 1510 legii
1284 1469 1470 1502 huiusmodi
1485 1475 1600 1502 statuta
1615 1476 1643 1503 et
1656 1472 1801 1504 ordinata
1820 1483 1947 1506 necnon

1194 1522 1353 1555 militibus
1378 1523 1567 1556 Laurctanis
1595 1524 1768 1568 praedietis
1793 1537 1948 1560 concessa

1193 1587 1250 1619 per
1271 1587 1328 1609 1105
1344 1577 1482 1612 fuerant,
1506 1583 1537 1609 et
1550 1577 1637 1610 circa
1651 1578 1713 1611 alia
1731 1579 1762 1612 111
1781 1579 1874 1613 1110115
1890 1591 1949 1614 110-

1193 1629 1265 1662 stris
1284 1629 1398 1663 litteris
1419 1636 1583 1670 contenta,
1610 1643 1693 1675 quae
1715 1633 1823 1667 minus
1856 1635 1947 1668 suffi-

1193 1684 1314 1716 cienter
1325 1695 1473 1728 expressa
1494 1690 1521 1717 et
1543 1686 1726 1728 specificata
1743 1687 1945 1729 videbantur,

1193 1738 1369 1771 nonnullos
1389 1739 1484 1771 etiam
1503 1740 1659 1783 conqueri
1679 1741 1765 1784 quod
1791 1742 1949 1776 conditio-

1192 1802 1248 1824 nes
1269 1792 1362 1825 dietis
1380 1793 1538 1826 militibus
1564 1795 1752 1828 Lauretanis
1777 1795 1947 1840 impositae

1193 1845 1328 1878 nimium
1343 1856 1498 1879 onerosae
1519 1847 1709 1887 existet-enm
1728 1860 1798 1889 uos,
1817 1851 1857 1883 ad
1876 1861 1946 1883 om-

1193 1909 1264 1931 nem
1297 1900 1438 1943 desuper
1468 1901 1635 1933 dubitandi
1667 1902 1872 1936 occasionem
1907 1905 1946 1937 de

1193 1952 1298 1985 medio
1320 1953 1511 1993 tollendum,
1535 1965 1592 1997 per
1612 1954 1689 1987 alias
1715 1962 1839 1989 nostras
1859 1957 1944 1990 litte-

1193 2016 1254 2041 ras,
1279 2012 1380 2044 motu,
1404 2007 1536 2040 scientia
1557 2014 1584 2041 et
1614 2010 1782 2051 potestatis
1802 2011 1943 2054 plenitu-

1191 2059 1264 2092 diue
1282 2060 1455 2101 similibus,
1476 2062 1709 2095 declaravimus
1734 2063 1816 2096 inter
1838 2070 1944 2098 cetera

1191 2118 1318 2146 nostrae
1341 2115 1513 2147 voluntatis
1538 2121 1568 2148 et
1589 2116 1779 2150 intentionis
1796 2117 1893 2151 fuisse
1914 2124 1942 2151 et

1191 2178 1270 2207 esse,
1298 2169 1463 2212 perpetuis
1489 2169 1603 2202 suturis
1631 2171 1833 2213 temporibus
1865 2183 1941 2205 eon·

1190 2221 1321 2254 cessisse
1347 2228 1377 2254 et
1403 2223 1581 2256 concedere
1607 2224 1766 2257 militibus
1790 2225 1942 2259 Laureta-

1189 2275 1238 2307 uis
1259 2276 1411 2318 praefatis
1432 2282 1507 2309 tunc
1521 2283 1549 2309 et
1570 2288 1628 2320 pro
1644 2283 1791 2321 tempore
1807 2279 1942 2313 existen-

1190 2328 1285 2368 tibus,
1307 2329 1398 2363 laicis
1414 2336 1441 2363 ct
1460 2331 1598 2367 clericis,
1618 2332 1753 2376 aliisque
1765 2333 1820 2377 qui
1833 2334 1943 2377 aliqua

1189 2382 1350 2416 dictorum
1372 2384 1554 2417 officiorum
1576 2385 1713 2418 militum
1744 2387 1942 2421 Lauretano-

1188 2448 1260 2469 rum
1282 2436 1448 2470 obtineant
1468 2443 1497 2470 et
1521 2438 1732 2475 obtinuerint.
1754 2441 1841 2483 quod
1867 2442 1940 2485 qui—

1188 2486 1263 2518 libet
1280 2486 1419 2519 militum
1436 2487 1691 2521 Lauretanorum
1706 2489 1938 2532 praefatorum,

1187 2541 1251 2568 tam
1272 2535 1430 2568 laicorum
1452 2548 1547 2578 quam
1577 2538 1792 2577 clericorum,
1815 2550 1941 2573 omnes-

1187 2595 1249 2628 que
1270 2590 1299 2617 et
1326 2584 1444 2627 singuli
1465 2586 1518 2618 alii
1540 2586 1646 2619 officia
1668 2587 1800 2620 militiae
1820 2587 1939 2621 Laure-

1188 2639 1279 2666 tanae
1300 2634 1501 2675 huiusmodi,
1530 2635 1626 2668 etiam
1648 2647 1749 2679 usque
1763 2636 1804 2668 ad
1824 2646 1939 2670 nume-

1187 2693 1258 2715 rum
1271 2683 1382 2726 viginti
1399 2694 1458 2727 pro
1469 2689 1616 2729 tempore
1627 2685 1820 2726 obtinentes,
1841 2696 1938 2720 unam

1964 290 2016 318 An.
2034 290 2062 317 C.
2080 291 2148 318 1588

2012 1322 2150 1344 [tentatatio-

1962 1359 2011 1374 nem
2028 1354 2106 1375 deinde
2117 1355 2148 1375 tn-

1962 1387 2018 1404 0111111
2026 1390 2091 1412 super
2099 1392 2151 1412 peti-

1962 1415 2059 1436 sionibus
2074 1416 2151 1443 quibus

1962 1447 2041 1467 mititeu
2099 1448 2146 1468 latei

1962 1477 2002 1498 trui
2018 1481 2113 1504 possent,
