2226 3070
212 290 262 316 An.
279 290 307 316 (l.
332 290 393 316 1591

253 666 329 686 Eurum
347 672 396 685 vcro

213 693 266 711 Ιιιιιιι
293 700 311 712 ιιι
340 692 396 712 bulla

213 719 243 739 Pii
255 720 270 739 Υ
286 726 326 739 tion
341 724 396 738 roni*

213 747 323 771 ιϊαΙιι-ιιιῖι.

230 983 300 1004 smus
317 982 332 1002 Υ
348 988 397 1002 con=

213 1011 248 1029 iiw
298 1016 316 1029 ιιι
347 1010 396 1029 atb-

213 1096 252 1108 111111

444 281 508 314 478

411 339 614 373 investiturae
636 340 758 373 licuerit
786 340 1034 373 tideicommisso
1060 340 1154 382 eique

411 392 553 426 subiecta
568 393 696 433 suerint,
709 404 805 437 quam
818 393 1016 426 allodialium
1031 398 1059 425 et
1075 392 1153 426 alio-

411 456 483 477 rum
512 445 599 479 iuxta
630 446 787 479 dictarum
809 446 1074 479 constitutionum
1107 452 1153 479 te-

412 508 536 536 norem,
568 510 662 542 quem
693 499 743 531 liic
773 509 831 542 pro
861 509 1010 542 expresso
1042 499 1152 531 baberi

412 552 569 587 volumus,
584 551 834 594 compraehendi
850 551 1080 594 intelligantur,
1096 563 1153 584 nec

412 614 477 636 non
497 605 580 637 bona
598 605 786 637 eorumdem
804 610 1022 647 grassatorum
1044 611 1072 638 et
1103 606 1151 638 la-

414 663 541 689 tronum
564 663 592 689 et
618 667 730 689 eorum
756 658 917 690 fautorum
946 669 981 691 ae
1012 664 1155 702 recepta-

415 715 530 749 torum,
554 709 596 741 sic
629 715 660 741 ut
683 710 862 753 praefertur
882 711 1069 751 confiscata,
1093 712 1152 744 de-

413 762 578 794 clarationi
598 762 741 804 Gregorii
775 769 803 796 ct
828 764 904 797 Sixti
938 764 1151 801 inhaerentes.

412 814 593 857 supradicta
614 816 842 850 constitutione
860 817 905 850 Pii
927 817 949 849 V
982 828 1046 850 non
1067 828 1155 851 eom-

412 868 588 911 praebendi
606 870 818 904 declaramus.

457 923 473 963 ξ
494 921 524 954 5.
548 922 583 955 Et
602 923 768 965 quoniam,
792 925 831 957 ad
853 925 1008 958 maiorem
1028 925 1152 959 sucino-

412 984 560 1007 rosorum
579 975 747 1009 hominum
764 983 792 1010 et
806 984 1023 1019 grassatorum
1046 979 1156 1012 liuius-

333 1068 338 1080 ἱ
391 1028 500 1071 ¹modi
527 1039 705 1073 eorumque
734 1037 970 1075 receptatorum
993 1038 1020 1065 et
1051 1033 1154 1065 fauto-

261 1123 278 1135 Η.
290 1095 323 1132 Q.
343 1069 395 1135 iifssi
412 1092 483 1113 rum
497 1087 664 1123 terrorem,
680 1083 764 1116 idem
777 1084 881 1118 Sixtus
898 1085 993 1118 etiam
1012 1086 1043 1118 in
1064 1097 1156 1129 prae-

412 1134 567 1168 iudicium
586 1136 740 1175 liliorum,
755 1138 1018 1172 descendentium
1037 1146 1065 1173 et
1078 1140 1155 1173 alio-

412 1199 483 1222 rum
505 1200 786 1235 quorumcumque
804 1199 994 1235 agnatorum
1018 1194 1048 1226 in
1067 1194 1154 1227 inve-

411 1242 541 1283 stituris,
561 1244 822 1278 concessionibus
847 1257 903 1279 seu
923 1247 993 1279 aliis
1013 1247 1151 1291 disposi-

413 1295 552 1329 tionibus
594 1298 923 1341 compraehensorum
939 1327 946 1336 ,
992 1301 1155 1344 praedicta

413 1349 497 1381 bona
534 1350 672 1383 feudalia
709 1352 904 1393 confiscavit,
943 1359 972 1386 et
1005 1354 1155 1388 Gamerae

412 1402 593 1445 praedictae.
631 1404 800 1447 applicavit
844 1412 871 1439 et
917 1407 1152 1451 incorporavit:

413 1456 653 1493 t›0n;1ve1·o,in
687 1458 803 1501 quibus
835 1460 1042 1503 reperiuntur
1075 1462 1155 1495 sacta

412 1509 672 1547 fideicommissa,
689 1522 762 1544 cum
782 1512 812 1544 in
834 1523 870 1545 ea
888 1520 978 1557 parte
995 1515 1098 1549 Sixtus
1117 1517 1155 1549 de

412 1562 615 1596 allodialibus
637 1570 758 1597 tantum
781 1566 925 1603 senserit.
941 1574 1035 1610 prout
1054 1574 1082 1601 et
1098 1580 1155 1602 nos

412 1615 455 1648 ita
475 1616 609 1649 sensisse
631 1617 847 1659 declaramus,
871 1630 908 1652 ea
929 1621 1064 1654 durante
1085 1628 1155 1655 tan-

414 1675 479 1700 tum
500 1669 563 1702 vita
584 1671 721 1703 naturali
744 1671 1000 1715 delinquentium
1022 1675 1151 1718 praedi-

413 1729 481 1755 ctae
501 1723 651 1756 Gamerae
672 1724 852 1767 applicavit,
874 1737 945 1759 cum
968 1727 999 1760 in
1020 1728 1069 1761 liis
1091 1729 1152 1761 mi-

412 1787 472 1808 nus
491 1776 551 1809 sibi
568 1776 665 1810 licere
683 1778 817 1811 voluerit
839 1790 935 1822 qnam
962 1780 993 1814 in
1015 1782 1153 1815 feudali-

414 1829 483 1866 bus,
507 1840 589 1872 quae
614 1830 653 1862 ab
684 1830 751 1874 ipsa
780 1831 934 1875 principis
966 1833 1155 1870 liberalitate

414 1883 673 1926 proficiscuntur.

459 1936 523 1978 ξῧ.
555 1937 628 1973 Nos,
653 1937 795 1972 videntes
822 1939 916 1973 huius
937 1942 1056 1974 saeculi
1083 1953 1152 1976 ma-

335 2022 397 2037 ΜΗ,
414 1990 480 2022 litia
501 1991 644 2033 quotidie
671 1998 793 2035 pestem
825 1993 907 2027 bane
939 2002 1154 2037 grassatorum

324 2052 366 2064 *¹¹¹¹*
378 2056 397 2065 ι-
414 2043 646 2077 incrementum
661 2046 835 2089 suscipere,
852 2058 970 2091 eosque
988 2049 1095 2091 teg-um
1108 2062 1156 2083 se-

415 2097 544 2131 veritate
565 2109 713 2132 coercere
734 2106 763 2133 et
777 2107 932 2143 quantum
953 2102 984 2134 in
1005 2103 1099 2136 nobis
1110 2111 1154 2137 est

414 2152 539 2194 penitus
560 2152 689 2185 abolere
710 2153 885 2197 cupientes,
902 2155 1106 2189 decernimus
1126 2164 1155 2190 et

414 2204 614 2238 declaramus
635 2212 666 2238 ut
701 2206 732 2239 in
765 2207 995 2242 descendentes
1027 2220 1156 2253 quoque

415 2257 599 2291 huiusmodi
620 2259 781 2291 latronum
800 2266 829 2292 et
850 2267 1078 2302 grassatorum,
1103 2273 1156 2296 eo-

415 2322 551 2354 rumque
572 2312 731 2344 l‘autorum
747 2318 775 2344 et
798 2319 1034 2356 receptatorun]
1053 2326 1156 2359 poena

415 2364 586 2403 derivetur,
604 2364 647 2397 ita
665 2370 696 2397 ut
718 2365 867 2399 omnibus
887 2366 981 2400 bonis
1001 2368 1158 2401 allodiali-

416 2417 474 2450 bus
502 2417 678 2460 priventur,
702 2428 767 2451 non
799 2419 1000 2454 obstantibus
1025 2421 1157 2464 quibus-

416 2480 554 2513 cumque
574 2469 832 2503 fideicommissis
857 2477 886 2504 et
917 2473 1155 2507 substitutioni-

416 2524 475 2556 bus
494 2524 553 2556 sub
576 2523 832 2568 quibuscumque
853 2526 1025 2559 verborum
1048 2528 1158 2561 formis

416 2584 444 2610 ct
464 2578 629 2611 tenoribus
649 2578 811 2621 conceptis
824 2585 853 2611 et
872 2581 1041 2617 contentis,
1057 2587 1159 2614 trans-

416 2632 591 2665 versalibus
619 2632 694 2665 solis
723 2633 770 2665 ius
796 2633 949 2666 intactum
981 2645 1016 2667 ex
1048 2635 1158 2669 huius-

418 2685 505 2719 modi
526 2684 783 2719 fideicommissis
803 2691 874 2730 post
903 2686 1026 2720 obitum
1059 2688 1159 2721 delin-

996 292 1179 316 BULLARIUM
1196 291 1350 328 RQMANUM

1187 339 1355 382 quentiuni
1377 345 1405 372 et
1427 340 1689 373 descendentium
1718 347 1926 383 reservantes,

1188 398 1220 425 nt
1243 393 1301 436 ipsi
1330 393 1500 426 facinorosi
1532 393 1690 431 homines,
1714 405 1810 437 quam
1841 395 1872 427 in
1897 406 1930 428 se

1188 455 1326 488 poenam
1347 451 1482 479 naturae
1502 446 1627 479 scritate
1652 452 1874 487 contemnunt,
1898 447 1930 480 in

1188 498 1271 531 tilios
1288 499 1435 542 proprios
1454 499 1598 532 derivare.
1619 500 1766 533 debeant.
1788 501 1850 533 llas
1868 512 1927 533 au-

1189 558 1252 585 tem
1273 563 1385 586 omnes
1406 554 1638 587 declarationes
1649 560 1785 594 nostras,
1800 561 1931 598 excepta

1188 605 1372 639 extensione
1393 617 1516 650 poenae
1536 606 1774 640 confiscationis
1791 607 1928 640 allodia-

1189 657 1279 697 lium,
1294 658 1326 690 in
1343 659 1577 702 praeiudicium
1596 659 1858 693 descendentium
1869 671 1932 693 ve-

1188 722 1239 743 ras
1257 722 1325 745 esse
1355 712 1601 753 declarationes;
1625 719 1654 746 et
1686 723 1777 746 casus
1805 723 1929 754 omnes,

1191 769 1253 796 tam
1285 766 1474 808 praeteritos
1504 777 1600 810 quam
1630 767 1754 800 futuros
1784 777 1932 810 compre-

1189 817 1331 851 hendere
1352 819 1508 853 volumus.

1233 871 1298 914 37.
1332 872 1447 915 Sicque
1475 883 1531 917 per
1557 884 1779 918 quoscumque
1810 874 1932 907 indices

1189 923 1369 957 ordinarios
1389 932 1419 958 et
1448 926 1622 968 delegatos,
1646 927 1741 960 etiam
1762 938 1931 961 causarum

1189 977 1300 1010 Palatii
1321 979 1496 1022 Apostolici
1525 980 1699 1020 auditores,
1713 987 1716 990 '
1732 987 1763 1014 et
1781 982 1933 1014 Gamerae

1189 1032 1391 1074 Apostolicae
1412 1033 1546 1066 clericos
1566 1040 1758 1078 sanctaeque
1770 1035 1933 1068 Romanae

1190 1085 1349 1118 Ecclesiae
1363 1086 1552 1127 cardinales
1566 1088 1692 1120 sublata
1709 1088 1754 1121 eis
1771 1093 1801 1121 et
1821 1098 1933 1121 eorum

1190 1138 1319 1171 cuilibet
1339 1139 1449 1182 quavis
1470 1140 1562 1173 aliter
1581 1140 1746 1174 iudicandi
1777 1147 1807 1174 et
1834 1141 1934 1174 inter-

1190 1192 1337 1234 pretandi
1360 1193 1509 1226 facultate
1530 1200 1558 1227 et
1580 1194 1782 1234 auctoritate,
1799 1194 1934 1228 indicari

1190 1250 1218 1278 et
1241 1245 1371 1278 diffiniri
1400 1247 1534 1282 debere:
1559 1247 1751 1292 irritumque
1782 1254 1812 1282 et
1841 1248 1935 1282 inane

1190 1299 1348 1343 quidquid
1378 1311 1469 1333 secus
1499 1311 1598 1344 super
1631 1301 1679 1335 his
1707 1313 1724 1334 a
1756 1313 1932 1346 quoquam,

1191 1353 1301 1396 quavis
1322 1353 1526 1393 auctoritate,
1550 1355 1688 1388 scienter
1706 1356 1754 1388 vel
1776 1355 1932 1398 ignoran-

1191 1411 1248 1446 ter,
1273 1406 1439 1448 contigerit
1461 1408 1619 1441 attentari.

1235 1460 1297 1503 38.
1321 1460 1390 1493 Non
1421 1461 1621 1495 obstantibus
1647 1462 1747 1495 felicis
1777 1463 1932 1496 reeorda-

1191 1513 1286 1546 tionis
1305 1513 1352 1546 Pii
1373 1514 1477 1558 Papae
1496 1515 1545 1554 lv,
1562 1515 1658 1548 etiam
1678 1516 1935 1559 praedecessoris

1190 1567 1301 1604 nostri,
1326 1568 1365 1600 de
1397 1567 1606 1610 registrandis
1634 1568 1667 1601 in
1687 1569 1818 1602 Camera
1848 1571 1935 1614 Apo-

1190 1620 1301 1653 stolica
1322 1621 1436 1654 litteris
1457 1621 1540 1654 illius
1560 1621 1715 1655 interesse
1739 1634 1936 1657 concernen—

1191 1674 1285 1711 tibus,
1310 1674 1353 1707 ita
1381 1680 1417 1707 ut
1436 1681 1631 1718 praesentes,
1655 1676 1713 1709 etsi
1734 1677 1823 1710 nullo
1854 1682 1935 1710 tem-

1190 1737 1268 1770 pore
1290 1727 1320 1759 in
1342 1727 1408 1771 ipsa
1429 1727 1559 1760 Camera
1580 1728 1802 1771 registrentur,
1818 1729 1935 1764 nibilo-

1191 1780 1297 1812 minus
1317 1781 1442 1813 valeant
1471 1791 1631 1824 suumque
1659 1782 1840 1825 plenarium
1865 1793 1935 1816 sor-

1191 1834 1310 1866 tiantur
1321 1834 1468 1866 effectum
1483 1845 1490 1873 ;
1504 1834 1639 1878 aliisque
1653 1835 1936 1870 constitutionibus

1191 1893 1219 1920 et
1241 1887 1498 1920 ordinationibus
1519 1888 1714 1931 apostolicis,
1738 1890 1936 1934 caeterisque

1191 1940 1360 1973 contrariis
1380 1940 1649 1984 quiluiseumqne.

1236 1994 1294 2036 {9-
1310 1994 1347 2027 [t
1367 1999 1473 2027 autem
1492 2001 1676 2037 praesentes
1688 1995 1812 2030 litterae
1833 1997 1936 2030 omni-

1190 2047 1249 2079 bus
1270 2047 1481 2083 innotescant,
1505 2046 1653 2081 iubemus
1674 2048 1802 2081 illarum
1831 2060 1936 2083 exem-

1191 2100 1261 2143 plar
1281 2100 1320 2133 ad
1337 2100 1442 2133 valvas
1463 2100 1613 2134 basilicae
1630 2101 1788 2146 Principis
1799 2103 1935 2147 Aposto-

1192 2155 1297 2187 lorum
1319 2160 1347 2186 et
1368 2154 1582 2187 Cancellariae
1602 2155 1805 2198 Apostolicae
1836 2167 1873 2190 ae
1903 2157 1936 2190 in

1190 2208 1258 2240 acie
1278 2208 1387 2251 Campi
1418 2208 1529 2241 Florae
1559 2208 1729 2252 publicari,
1759 2219 1937 2254 earumque

1191 2261 1409 2304 transumptis„
1434 2261 1528 2294 etiam
1550 2261 1726 2305 impressis,
1750 2273 1848 2296 manu
1877 2263 1936 2296 ali-

1192 2314 1282 2347 cuius
1313 2313 1430 2347 notarii
1455 2314 1576 2357 publici
1605 2315 1805 2359 subscriptis,
1837 2322 1869 2350 et
1895 2316 1938 2350 si-

1191 2368 1268 2410 gillo
1290 2367 1424 2400 alicuius
1441 2378 1599 2411 personae
1616 2369 1649 2401 in
1663 2369 1817 2412 dignitate
1837 2371 1938 2404 ecele-

1191 2412 1318 2445 siastica
1329 2412 1520 2445 constitutae
1533 2413 1676 2453 munitis,
1687 2415 1833 2447 eamdem
1845 2425 1936 2458 pror-

1192 2468 1244 2490 sus
1265 2456 1362 2489 fidem
1392 2456 1423 2488 in
1458 2457 1576 2490 iudicio
1597 2463 1627 2491 et
1659 2464 1747 2491 extra
1775 2459 1934 2500 adhiberi,

1193 2512 1274 2545 quae
1295 2501 1436 2544 ipsismet
1463 2502 1685 2545 praesentibus
1714 2502 1934 2537 adhiberetur.

1236 2555 1350 2587 Datum
1380 2555 1501 2588 Romae
1526 2555 1611 2598 apud
1635 2555 1665 2589 S.
1694 2556 1846 2596 Marcum,
1876 2557 1935 2589 sub

1193 2599 1312 2632 annulo
1324 2599 1503 2636 Piscatoris,
1528 2599 1579 2632 die
1603 2610 1623 2633 x
1651 2600 1808 2643 septemb.
1824 2610 1934 2640 nnxcl,

1193 2643 1397 2687 pontificatus
1418 2643 1516 2676 nostri
1537 2641 1621 2677 a‘nno
1641 2654 1662 2677 1.

1228 2696 1286 2724 Dat.
1304 2697 1347 2724 die
1365 2697 1396 2724 10
1410 2697 1544 2732 septemb.
1563 2697 1640 2731 1591,
1657 2701 1731 2733 pont.
1748 2703 1820 2724 an.t.

1943 294 1991 320 An.
2009 273 2037 320 e.
2058 293 2124 321 1591

1965 885 2077 906 Clausulae
2093 890 2131 909 pro

1948 911 2083 933 observantia
2094 911 2132 931 bu-

1947 938 2039 960 iusmo-li
2062 937 2132 958 decla-

1948 965 2042 986 rationis.

2001 1469 2134 1490 (instantium

1951 1496 2068 1522 derogatio.

1985 2002 2134 2028 Trausnmpto-

1951 2034 1996 2049 rum
2012 2029 2070 2050 tides.
