2226 3070
274 305 322 332 Αιι.
340 306 368 332 C,
394 305 455 332 1591

273 2205 383 2225 [Il-insulae
396 2212 456 2231 prar-

273 2234 399 2252 servatiiac.

506 295 571 328 454

470 358 605 386 stentem
644 353 719 386 dicti
763 351 966 390 monasterii3
1010 350 1118 393 illique
1157 361 1212 382 seu

471 406 727 449 viee-protectori
754 406 801 437 vel
822 405 860 436 ab
892 404 936 436 cis
963 403 1154 446 deputando
1175 402 1211 434 li-

471 460 572 492 cuisse
593 465 623 491 et
643 459 737 491 licere
758 457 910 489 mulieres
931 456 1147 488 monacandas
1164 466 1213 488 re-

471 513 586 556 cipere,
609 517 750 554 receptas
764 511 912 554 probare,
929 510 1079 552 probatas
1093 509 1211 541 exami-

470 576 557 603 nare,
582 564 775 597 examinatas
805 563 835 594 in
866 562 1021 595 moniales
1043 562 1211 594 admittere

470 618 517 649 vel
534 617 688 653 reiicere,
712 615 858 647 admissis
887 614 1031 647 habitum
1062 615 1211 647 exhibere

470 677 498 703 et
519 671 559 703 ad
580 669 790 713 professiones
815 669 1002 705 admittere:
1030 670 1151 712 puellas
1171 670 1211 702 ad

470 723 692 755 educationem
713 722 868 765 recipcre,
889 727 1034 765 receptas
1052 722 1211 755 intromit-

470 780 534 807 tere
556 780 584 807 et
605 774 753 813 retinere,
770 781 909 807 retentas
922 775 987 807 suis
1007 775 1078 807 loco
1092 780 1120 807 et
1135 780 1212 807 tem-

470 838 547 870 pore
569 827 744 867 dimittere;
769 827 908 871 ipsisque
926 833 953 860 et
976 828 1045 860 aliis
1065 828 1212 871 personis

468 881 588 913 dictum
611 881 840 913 monasterium
862 881 987 922 ingredi
1008 882 1208 919 volentibus,

470 945 527 977 pro
547 935 644 968 rebus
665 946 701 968 ac
722 935 864 977 negociis
895 935 1083 968 necessariis
1112 935 1211 968 licen-

469 987 543 1020 tiam
565 988 758 1025 concedere,
782 988 993 1021 confessarios
1014 994 1043 1021 ct
1062 988 1141 1021 alios
1154 989 1213 1021 mi-

469 1040 584 1073 nistros
605 1042 768 1084 deputare,
782 1046 809 1073 et
823 1042 953 1074 demum
975 1041 1083 1073 onmia
1100 1047 1127 1074 ct
1147 1041 1211 1074 sin-

468 1094 542 1135 gula
570 1094 654 1127 circa
683 1094 876 1136 gubernium
905 1100 935 1127 et
965 1094 1109 1136 regimen
1137 1095 1211 1127 dicti

469 1147 653 1179 monasterii
668 1149 782 1185 facere,
793 1158 905 1189 gerere
917 1153 947 1180 et
961 1148 1119 1187 exercere,
1130 1159 1212 1190 quae

470 1200 501 1232 in
515 1201 700 1233 monasterii
714 1201 903 1233 monialium
926 1211 1056 1234 suarum
1083 1201 1211 1234 dioece-

469 1265 539 1285 sum
555 1254 714 1287 Ordinarii
733 1255 894 1294 locorum,
911 1260 974 1287 tam
997 1255 1027 1286 in
1048 1254 1111 1286 vim
1136 1254 1212 1287 iuris

469 1307 751 1350 conimunisquam
760 1307 834 1340 dicti
847 1307 973 1340 concilii
982 1307 1212 1350 etapprobatae

469 1360 721 1399 consuetudinis,
754 1361 785 1392 in
815 1360 898 1393 dicta
924 1361 1008 1393 Urbe
1038 1361 1212 1403 respective

470 1414 572 1445 tacere
594 1413 676 1446 soliti
698 1420 768 1446 sunt
783 1441 790 1451 ,
815 1419 1047 1446 consueverunt
1078 1419 1108 1446 et
1138 1424 1212 1456 pos-

471 1472 555 1503 sunt,
577 1472 737 1499 reservata
758 1467 875 1499 dilecto
901 1467 967 1499 tilio
1000 1472 1109 1499 nostro
1139 1467 1212 1499 llic-

469 1529 604 1562 ronymo
636 1519 717 1552 tituli
749 1519 779 1552 S.
814 1520 998 1556 Susannae,
1027 1519 1212 1563 presbytero

470 1572 624 1604 cardinali
652 1573 835 1605 Rusticucio
863 1578 1070 1616 nuncupato,
1094 1578 1123 1605 et
1155 1583 1213 1616 pro

471 1630 614 1668 tempore
635 1625 778 1658 existenti
800 1625 916 1658 vicario
936 1631 1046 1658 nostro
1078 1626 1109 1657 in
1130 1625 1213 1658 dicta

469 1678 553 1710 Urbe
574 1683 602 1710 ct
623 1678 690 1710 eius
711 1678 855 1710 districtu
876 1678 1029 1720 generali,
1055 1678 1129 1711 dieti
1143 1689 1212 1711 mo-

470 1731 598 1763 nasterii
637 1731 826 1769 visitatione,
862 1737 890 1763 et
929 1731 971 1764 ita
1009 1732 1048 1764 (le
1087 1737 1212 1765 caetero

470 1783 538 1815 fieri
558 1789 585 1815 et
610 1783 769 1816 observari
793 1784 940 1816 volumus
956 1790 985 1817 et
1008 1785 1208 1816 mandamus.

470 1836 599 1868 Necnon
629 1842 844 1879 protectorem
870 1842 899 1869 et
929 1837 1211 1878 congregationem

470 1888 649 1931 praedictos
670 1889 709 1921 ad
730 1889 897 1932 antiquum
918 1899 1030 1922 eorum
1052 1895 1168 1922 statum
1183 1896 1210 1922 et

470 1941 703 1974 observantiam
743 1947 773 1974 et
811 1943 1014 1977 facultatem,
1055 1948 1211 1985 quatenus

469 2004 549 2037 opus
568 1994 617 2033 sit,
641 1995 836 2027 restituimus
864 2001 894 2027 et
924 1995 1067 2038 plenarie
1095 1996 1212 2029 reinte-

469 2058 609 2089 gramus,
626 2058 662 2080 ac.
682 2048 843 2080 restitutos
864 2053 894 2080 et
913 2048 1124 2090 reintegratos
1144 2060 1211 2082 esse

470 2100 637 2133 statuimus
658 2107 685 2133 et
708 2101 905 2134 ordinamus.

516 2153 580 2196 {8
602 2154 732 2187 Necnon
763 2160 945 2197 praesentes
974 2154 1093 2187 litteras
1120 2160 1150 2187 et
1180 2155 1212 2187 in

472 2205 515 2238 eis
536 2212 684 2239 contenta
696 2217 919 2250 quaecumque
935 2207 1038 2240 valida
1056 2212 1086 2240 et
1106 2208 1212 2240 effica-

472 2258 520 2290 cia
543 2259 628 2297 sore,
650 2269 787 2302 suosque
819 2260 980 2302 plenarios
1012 2266 1042 2292 et
1069 2260 1213 2302 integros

472 2311 601 2343 effectus
621 2312 727 2344 sortiri
747 2318 775 2344 et
796 2312 1022 2345 iuviolabiliter
1051 2313 1213 2346 observari

472 2365 600 2404 debere,
624 2376 681 2397 nec
700 2366 738 2397 tle
759 2366 974 2409 subreptionis
987 2367 1035 2399 vcl
1053 2367 1214 2410 obreptio-

471 2417 520 2450 nis
539 2423 594 2450 aut
610 2418 762 2451 nullitatis
781 2418 856 2451 vitio
877 2430 932 2451 seu
953 2419 1137 2452 intentionis
1157 2430 1214 2452 no-

472 2476 555 2503 strae
587 2471 727 2510 tlesccm,
763 2471 874 2513 quovis
903 2471 1047 2514 quaesito
1082 2472 1209 2512 colore,

472 2529 635 2566 praetextu
656 2524 703 2556 vel
730 2523 872 2565 ingenio,
897 2524 999 2556 notari
1027 2525 1075 2556 vel
1106 2524 1212 2567 impu-

473 2576 575 2618 gnari,
591 2587 649 2609 nec
663 2587 720 2620 per
736 2587 794 2609 nos
807 2577 854 2609 vel
868 2577 982 2610 Sedem
997 2577 1212 2620 Apostolicam

473 2630 539 2663 ullo
559 2640 714 2673 umquam
732 2636 875 2674 tempore
895 2631 1049 2671 revocari,
1066 2637 1120 2664 aut
1137 2631 1213 2664 alias

475 2683 535 2716 illis
556 2683 703 2726 derogari
723 2693 814 2728 posse
822 2695 830 2724 3
854 2688 885 2716 et
904 2684 1027 2728 quoties
1048 2684 1101 2718 illa
1120 2695 1212 2717 revo-

1058 303 1240 327 BULLAmtJM
1256 302 1409 326 ROMANUM

1247 350 1312 383 cari
1333 355 1387 383 aut
1407 349 1484 382 alias
1505 349 1549 382 illi
1568 349 1716 392 derogari
1737 350 1916 392 eontigerit,
1941 357 1988 384 to-

1247 403 1304 436 ties
1336 403 1366 435 in
1398 402 1568 446 pristinum
1597 407 1714 435 statum
1743 403 1876 442 restitui,
1901 409 1931 436 et
1950 404 1990 436 de

1246 466 1328 488 novo
1353 461 1383 488 et
1413 455 1508 487 ctiam
1539 455 1597 488 sub
1633 455 1801 498 posteriori
1831 456 1904 488 data
1933 467 1991 499 per

1246 509 1331 552 ipsos
1348 514 1563 552 protectorem
1585 514 1613 541 et
1635 508 1917 551 congregationem
1931 509 1989 542 eli-

1245 563 1349 604 genda
1370 572 1520 594 concessa
1540 568 1568 595 et
1589 562 1727 595 stabilita
1747 573 1826 595 esse.

1290 616 1304 658 ξ
1325 616 1355 648 ἱ).
1373 615 1488 659 Sicque
1508 626 1565 659 per
1585 626 1808 659 quoscumque
1822 615 1944 648 iudices
1959 620 1990 648 et

1246 668 1483 701 commissarios
1497 696 1504 707 ,
1539 668 1634 701 etiam
1671 679 1841 701 causarum
1876 668 1988 700 Palatii

1246 721 1419 764 Apostolici
1440 721 1602 754 auditores
1623 727 1651 754 et
1672 722 1703 754 S.
1727 722 1762 754 R.
1786 722 1820 754 E.
1845 721 1990 754 cardina-

1247 774 1301 811 les,
1325 774 1449 807 sublata
1470 774 1514 806 eis
1535 779 1565 806 ct
1594 784 1706 806 eorum
1727 773 1858 807 cuilibet
1881 774 1990 817 quavis

1247 826 1338 859 aliter
1358 827 1520 860 iudicandi
1542 833 1572 859 et
1592 827 1822 870 interpretandi
1842 827 1990 860 facultate

1247 884 1275 911 ct
1296 879 1494 919 auctoritate,
1519 880 1638 923 ubique
1658 879 1793 913 iudicari
1815 885 1846 912 et
1858 879 1990 912 diffiniri

1247 933 1379 968 debere:
1403 943 1529 965 necnon
1550 933 1675 966 irritum
1697 938 1727 966 ct
1755 933 1849 966 inane
1881 933 1991 966 decer-

1247 986 1352 1018 nimus
1379 986 1404 1019 si
1434 997 1524 1019 secus
1549 997 1645 1030 super
1673 986 1723 1019 his
1754 997 1772 1019 a
1800 996 1986 1029 quoquam,

1247 1039 1357 1082 quavis
1370 1040 1568 1080 auctoritate,
1579 1039 1716 1072 scienter
1727 1040 1775 1072 vel
1789 1039 1986 1082 ignoranter,

1247 1093 1417 1134 contigerit
1437 1092 1596 1126 attentari.

1292 1145 1381 1187 gio.
1411 1146 1481 1178 Non
1515 1145 1715 1178 obstantibus
1747 1145 1929 1189 praemissis
1961 1151 1991 1178 et

1247 1198 1527 1231 constitutionibus
1564 1204 1594 1231 et
1624 1197 1881 1231 ordinationibus
1911 1208 1989 1241 apo-

1247 1251 1376 1288 stolicis,
1408 1257 1439 1283 et
1475 1251 1599 1283 statutis
1637 1256 1667 1283 et
1705 1250 1990 1283 consuetudinibus

1247 1303 1322 1336 dicti
1352 1303 1557 1343 monasterii,
1582 1303 1786 1343 iuramento,
1814 1304 1989 1336 confirma-

1248 1356 1333 1388 tione
1354 1356 1529 1399 apostolica
1548 1357 1597 1389 vel
1617 1356 1728 1399 quavis
1748 1356 1899 1389 firmitate
1929 1356 1991 1390 alia

1247 1409 1425 1447 roboratis',
1448 1409 1621 1452 privilegiis
1642 1419 1782 1452 quoque,
1799 1409 1931 1442 indultis
1960 1415 1992 1443 et

1248 1461 1359 1494 litteris
1390 1461 1593 1505 apostolicis,
1628 1461 1792 1505 quibusvis
1826 1462 1991 1496 Romanae

1247 1515 1358 1547 Curiae
1383 1515 1616 1554 tribunalibus,
1644 1515 1761 1555 curiis,
1795 1515 1990 1557 magistrati-

1247 1567 1317 1604 bus,
1342 1567 1519 1607 iudicibus,
1543 1567 1732 1611 praesertim
1758 1567 1843 1600 dicto
1873 1567 1991 1602 vicario

1248 1626 1277 1653 et
1297 1620 1366 1652 aliis
1387 1620 1550 1663 quibusvis
1570 1620 1726 1664 personis,
1743 1621 1802 1653 sub
1824 1621 1990 1664 quibusvis

1248 1674 1411 1706 tenoribus
1442 1679 1473 1706 et
1502 1673 1633 1714 formis,
1657 1684 1693 1706 ac
1720 1684 1793 1706 cum
1825 1674 1990 1717 quibusvis

1247 1726 1408 1765 clausulis,
1425 1726 1569 1759 formulis
1583 1732 1613 1759 et
1627 1726 1773 1767 decretis,
1791 1726 1887 1760 etiam
1900 1732 1990 1761 motu

1246 1781 1342 1813 simili
1361 1787 1391 1813 et
1408 1781 1669 1814 consistorialiter
1689 1781 1858 1822 concessis,
1875 1792 1991 1826 appro-

1246 1835 1326 1867 batis
1344 1840 1375 1867 et
1395 1835 1572 1875 innovatis,
1597 1835 1714 1878 quibus
1743 1835 1893 1868 omnibus
1906 1863 1913 1875 ,
1934 1846 1990 1869 eo-

1246 1899 1317 1920 rum
1340 1894 1465 1921 tenores
1494 1888 1716 1931 praesentibus
1746 1899 1804 1931 pro
1834 1889 1990 1932 expressis

1246 1940 1410 1977 habentes,
1427 1940 1489 1973 illis
1502 1941 1579 1973 alias
1593 1940 1623 1972 in
1637 1951 1694 1973 suo
1708 1941 1825 1974 robore
1838 1951 1989 1984 perman—

1246 1994 1346 2031 suris,
1371 1994 1429 2026 hac
1455 1993 1523 2026 vice
1553 1995 1735 2034 dumtaxat,
1761 1994 1941 2037 specialiter
1960 2001 1992 2028 et

1246 2057 1393 2091 expresse
1414 2047 1617 2089 derogamus,
1641 2047 1841 2091 caeterisque
1861 2053 1989 2081 contra-

1247 2100 1301 2133 riis
1321 2100 1588 2143 quibuscumque.

1290 2154 1404 2186 Datum
1423 2153 1544 2186 Romae
1565 2153 1597 2185 in
1618 2153 1722 2186 Monte
1742 2153 1909 2194 Quirinali,
1930 2155 1989 2187 sub

1247 2208 1365 2239 annulo
1386 2206 1575 2247 Piscatoris,
1600 2206 1650 2239 die
1678 2218 1756 2241 xvni
1781 2207 1848 2240 iulii
1868 2218 1986 2249 iunxcl,

1247 2260 1452 2304 pontificatus
1471 2260 1571 2293 nostri
1589 2270 1673 2293 anno
1695 2271 1716 2293 1.

1284 2322 1341 2349 Dat.
1359 2322 1401 2349 die
1423 2322 1454 2350 18
1469 2321 1525 2348 iulii
1542 2322 1619 2356 1591,
1640 2326 1716 2357 pont.
1731 2330 1774 2349 an.
1791 2329 1808 2349 1.

1557 2437 1676 2470 XXXII.

1250 2498 1396 2541 Capituli
1420 2497 1666 2541 Autrerpiensis·
1688 2498 1867 2541 privilegyia
1897 2497 1990 2540 infir-

1293 2546 1360 2573 mat
1392 2542 1427 2574 in
1458 2542 1498 2574 iis
1511 2569 1520 2581 ‚
1544 2552 1627 2585 quae
1646 2543 1879 2586 exemptionem
1899 2552 1919 2574 a
1939 2542 1990 2573 iu-

1295 2585 1484 2619 risdictione
1525 2587 1665 2630 epis-copi
1706 2586 1873 2619 ordinarii
1909 2595 1986 2618 con-

1292 2634 1427 2662 cernunt
1449 2630 1467 2662 ¹.

1283 2693 1295 2719 1
1318 2692 1355 2719 Ex
1371 2692 1479 2728 Regest.
1494 2692 1521 2719 iu
1536 2692 1641 2720 Sec-ret.
1662 2692 1797 2719 Brevium.

2002 302 2051 329 An.
2069 301 2097 329 C.
2119 301 2184 329 1591

2031 627 2129 649 Clausula
2140 627 2188 647 sub-

2005 656 2054 679 lata,
2070 657 2109 675 etc.

2018 1156 2132 1185 Dei-ugano
2143 1162 2191 1176 cou-

2006 1184 2124 1203 trau-torum.
