2226 3070
517 228 558 261 ⁴102
1066 239 1245 263 Bt'LLAntUM
1264 239 1415 264 ROMANUM

473 291 527 323 sed
551 292 614 325 Deo
635 292 727 325 aliter
751 292 953 336 disponente,
976 303 1039 325 non
1066 293 1219 335 martyrio
1262 298 1342 331 crat,
1368 292 1407 324 ad
1419 293 1574 336 oppidum
1596 294 1627 327 S.
1650 294 1755 328 Lucae
1774 296 1814 329 de
1833 297 2009 331 Barameda

273 237 327 265 An.
344 237 373 265 C.
391 237 457 265 1588
2026 244 2079 272 An·
2096 244 2126 273 C.
2145 245 2211 274 1588

287 1010 394 1030 ›iim-uu,
404 1015 457 1036 que-

276 1048 319 1061 rum
339 1042 409 1068 aliqua
425 1041 457 1061 hic

274 1072 395 1093 referuntur
411 1073 456 1092 dum

273 1104 332 1129 viiii,
350 1104 442 1124 emicuit.

473 344 599 378 animus
619 352 647 379 et
666 347 822 385 voluntas,
843 346 899 379 sed
923 346 1078 378 voluntati
1101 350 1219 388 marty-

474 399 557 431 rium
583 399 696 439 del'uit;
723 406 754 432 et
775 405 860 432 certe
890 399 991 441 gloria
1016 409 1081 431 uon
1106 398 1218 438 defuit,

474 463 547 484 cum
569 452 734 495 praeclare
754 463 772 485 a
792 453 887 485 beato
913 457 1051 495 martyre
1071 450 1221 494 Cipriano

473 505 629 549 scriptum
651 506 702 546 sit,
724 506 762 538 ad
784 515 937 539 coronam
956 504 1011 537 Dei
1032 515 1221 548 promeren-

473 560 545 592 dam
567 559 668 603 ipsius
693 559 911 592 testimonium
933 558 1037 591 solum
1059 558 1219 599 sufficere,

473 613 527 656 qui
556 612 758 646 iudicaturus
783 619 840 650 est,
872 611 926 655 qui
961 622 1079 645 arcana
1112 623 1221 645 rerum

473 672 635 699 scrutatur
649 693 656 706 ‚
695 672 725 698 et.
757 666 864 698 cordis
899 665 1044 699 intuetur
1081 667 1218 700 occulta.

472 721 554 763 Ergo
580 725 609 753 ct
620 730 820 763 purpuream
841 719 879 752 de
899 720 1048 763 passione
1069 731 1222 754 coronam

472 773 581 816 aliquo
611 773 707 806 modo
727 773 862 816 aceepit,
883 779 910 806 et
932 774 1049 806 multas
1073 774 1111 807 de
1130 774 1223 807 bonis

473 827 626 870 operibus
651 826 804 859 candidas
832 827 1017 870 reportavit,
1044 833 1223 861 reservatus

473 891 490 912 a
509 879 573 913 Deo
594 885 630 913 ut
648 880 767 913 multos
791 880 917 913 Christo
942 880 1158 914 lucrifaceret.

517 932 605 976 ιξ’Ῑζιι.
639 933 704 966 Iam
726 933 811 967 enim
838 934 869 966 in
897 934 1045 968 universa
1069 935 1223 979 Hispania

474 987 689 1020 clarissimum
700 993 768 1027 erat
783 987 868 1021 beati
879 988 987 1022 Didaci
1008 999 1140 1027 nomen,
1155 1000 1222 1022 ma-

473 1052 635 1085 gnamque
673 1042 759 1085 apud
785 1052 896 1075 omncs
925 1048 956 1076 et
985 1043 1222 1076 venerationem

473 1104 501 1131 et
524 1097 771 1131 admirationem
781 1098 931 1139 habebat,
948 1104 978 1131 et
989 1104 1153 1143 tamquam
1169 1110 1223 1132 an-

473 1153 581 1195 gelum
595 1153 768 1196 quemdam
783 1152 917 1186 interris
929 1159 1075 1196 agentem
1089 1153 1133 1187 sic
1149 1165 1222 1187 eum

473 1205 621 1239 homines
650 1206 872 1247 intuebantur;
895 1206 977 1239 nihil
1014 1207 1068 1239 illo
1103 1207 1221 1247 lenius,

473 1259 554 1292 nihil
585 1259 796 1299 mansuetius,
819 1260 867 1292 lac
898 1264 929 1292 et
948 1260 1010 1292 mel
1035 1259 1095 1292 sub
1115 1260 1223 1303 lingua

474 1313 554 1354 eius,
585 1319 615 1346 ct
648 1324 704 1346 eor
738 1313 807 1346 eius
837 1313 994 1345 mundum
1025 1319 1054 1346 et
1089 1314 1224 1358 simplex

474 1366 648 1400 christiana
673 1367 845 1400 dulcedine
878 1367 1090 1407 1·edundabat;
1117 1367 1225 1400 onmia

474 1421 506 1453 in
526 1421 644 1454 bonam
682 1425 806 1464 partem
837 1420 997 1464 accipere,
1032 1421 1070 1453 de
1096 1420 1224 1453 nemine

476 1475 558 1507 male
582 1474 737 1514 iudicare,
758 1474 885 1507 nullum
911 1474 1064 1507 adversus
1084 1474 1224 1517 aliquem

475 1528 609 1561 verbum
650 1528 798 1561 acerbius
836 1527 1020 1561 immittere.
1062 1528 1094 1561 Si
1129 1539 1224 1572 quem

476 1593 551 1615 vcro
571 1587 685 1615 contra
705 1582 809 1625 legem
834 1581 889 1614 Dei
917 1588 948 1615 et
968 1582 1151 1624 regularem
1176 1581 1225 1615 di-

476 1636 647 1680 sciplinam
659 1641 847 1680 peccantem
863 1635 1142 1676 animadverteret,
1158 1637 1225 1669 zelo

476 1690 531 1723 Dci
544 1690 705 1727 incensus,
723 1689 824 1723 libere
841 1689 1046 1732 obiurgabat,
1069 1690 1158 1723 nulla
1178 1696 1225 1723 ta-

476 1754 551 1777 men
567 1743 599 1776 in
624 1754 659 1777 re
680 1742 815 1786 gloriam
837 1754 941 1782 suam,
964 1744 1018 1776 sed
1043 1743 1098 1777 Dei
1122 1744 1226 1776 hono-

476 1808 545 1830 rem
569 1803 600 1830 et
629 1798 806 1830 fraternam
837 1796 1007 1829 utilitatem
1037 1797 1224 1839 quaerebat.

477 1850 581 1894 Signis
601 1850 710 1891 etiam,
733 1855 763 1883 et
784 1850 950 1883 miraculis
970 1850 1128 1883 viventem
1163 1862 1228 1884 ser-

476 1915 550 1937 vum
564 1903 947 1944 suumillustravitDeus,
970 1904 1102 1948 eiusque
1123 1906 1227 1938 excel—

478 1958 594 1990 lentem
616 1958 714 1990 fidem
739 1958 835 1990 rebus
860 1957 1064 1991 mirabilibus
1084 1958 1227 1992 afficien-

478 2011 526 2044 dis
560 2011 785 2054 multipliciter
818 2011 979 2055 patefecit.
1015 2012 1171 2046 Eluccbat
1196 2013 1228 2045 in

478 2075 516 2097 eo
552 2064 724 2108 singularis
750 2065 850 2107 gratia
880 2065 1108 2107 curationum,
1132 2066 1175 2099 ita
1196 2073 1227 2099 ut

480 2118 623 2163 undique
643 2119 768 2151 adeum
788 2119 857 2151 eius
881 2119 927 2152 rei
943 2130 1039 2153 causa
1058 2121 1228 2164 quamplu-

481 2173 554 2206 rimi
579 2172 791 2212 contlucrent3
819 2173 873 2206 ille
889 2183 962 2206 vero
983 2174 1056 2214 fide,
1079 2185 1231 2218 quaeper

480 2228 534 2262 Dei
560 2228 766 2261 dilectionem
788 2228 924 2261 mirifica
944 2235 1110 2272 operatur,
1124 2229 1156 2262 in
1168 2230 1229 2263 Do-

482 2284 569 2317 mino
586 2284 769 2323 roboratus,
792 2295 865 2316 cum
894 2283 1031 2326 digitum
1059 2284 1089 2316 in
1111 2284 1231 2328 lampa-

481 2339 567 2379 dem,
589 2349 670 2381 quae
687 2343 760 2371 ante
780 2348 903 2371 sarram
934 2338 1141 2372 Beatissimae
1161 2339 1230 2371 vir-

481 2392 748 2436 ginisimagincm
770 2392 959 2432 collucebat,
985 2393 1175 2433 demisisset,
1195 2403 1231 2425 ex

482 2442 552 2476 eius
572 2443 644 2475 oleo
662 2447 810 2483 aegrotos
822 2441 913 2485 signo
930 2442 1036 2475 crucis
1047 2442 1231 2485 obsignatos

482 2492 695 2536 perungebat,
712 2492 955 2534 multorumque
975 2491 1079 2524 varios
1095 2492 1231 2533 languo-

483 2552 534 2574 res
552 2545 582 2573 et
601 2541 732 2574 morbos
751 2540 893 2573 eiusdem
915 2540 1022 2573 crucis
1041 2540 1173 2581 virtute,
1200 2541 1232 2573 in

483 2600 547 2633 qua
560 2590 626 2623 sola
640 2588 849 2632 gloriabatur,
871 2589 1061 2622 mirabiliter
1085 2590 1227 2622 sanabat.

482 2639 608 2676 Accidit
631 2638 804 2683 aliquando
829 2644 864 2672 ut
881 2649 898 2672 e
923 2638 1090 2680 coenobio,
1113 2639 1146 2672 in
1166 2650 1231 2683 quo

1263 345 1535 388 proficisceretur,
1562 347 1659 380 fratre
1685 358 1750 380 uno
1770 349 1900 390 comite;
1923 361 2013 384 eum-

1262 409 1337 442 que,
1360 399 1456 432 nullis
1476 400 1605 433 cibariis
1625 401 1850 445 acceptis,iam
1863 405 2013 438 sumendi

1263 451 1325 484 cibi
1351 457 1477 496 tempus
1504 453 1696 495 advenisset,
1719 461 1749 488 et
1769 466 1806 488 ex
1826 455 1942 490 itinere
1961 458 2014 491 de-

1263 506 1337 538 fessi
1358 512 1475 546 essent,
1502 517 1561 540 nec
1589 507 1621 540 in
1651 508 1800 551 proximo
1824 508 1894 543 vico
1918 511 2013 554 quid-

1263 570 1371 603 quam,
1394 571 1458 603 quo
1483 571 1520 594 cx
1540 561 1644 594 aliena
1665 562 1886 596 misericordia
1903 564 2014 598 refice-

1264 618 1388 655 rentur,
1404 611 1478 647 'Dco
1495 614 1539 648 ita
1563 615 1765 659 disponente,
1788 617 1931 660 reperire
1960 628 2015 662 po-

1264 667 1410 708 tuissent,
1437 668 1476 700 ad
1502 669 1652 702 comitem
1686 680 1800 703 sereno
1821 671 1911 704 vultu
1936 682 2014 704 con-

1264 731 1373 754 versus
1392 721 1506 755 beatus
1529 722 1678 756 Didacus:
1703 723 1780 764 Eia,
1800 723 1916 767 inquit,
1943 725 2011 766 sra-

1266 779 1321 814 trr,
1343 775 1378 807 in
1397 775 1537 808 Domino
1561 776 1772 819 confidamus,
1794 778 1861 821 ipse
1885 789 1942 811 nos
1955 789 2016 821 pa-

1263 833 1338 862 scet:
1373 839 1447 862 cum
1479 829 1539 861 iter
1567 836 1698 863 strenue
1724 837 2013 874 prosequerentur,

1265 892 1339 914 ecce
1360 881 1392 914 in
1412 883 1578 926 perampla
1590 882 1724 926 planitie
1740 883 1911 917 candidam
1923 895 2015 929 map-

1265 947 1351 979 pam,
1374 936 1459 969 inter
1477 936 1594 969 herbas
1629 947 1731 980 prope
1761 937 1844 970 viam
1878 938 2015 982 positam

1264 989 1381 1029 vident,
1401 989 1619 1034 propriusmie
1634 990 1826 1024 accedentes
1838 992 1949 1025 album
1960 1004 2016 1038 pa-

1264 1054 1351 1089 nem,
1374 1044 1478 1088 pisces
1502 1050 1650 1078 recenter
1674 1050 1794 1084 coctos,
1815 1051 1846 1079 et
1865 1045 1930 1079 vini
1950 1057 2018 1079 vas-

1266 1100 1376 1132 culum
1404 1098 1584 1135 inveniunt;
1606 1098 1760 1132 insistunt
1785 1100 1867 1133 servi
1886 1100 1955 1142 Dei,
1986 1106 2018 1134 et

1266 1153 1295 1185 in
1318 1153 1473 1185 latissimo
1494 1163 1609 1196 eampo
1631 1153 1758 1186 undein
1779 1164 1891 1187 omnes
1910 1160 2018 1199 partes

1266 1207 1347 1240 liber
1367 1212 1435 1240 erat
1454 1213 1657 1250 prospectus,
1679 1207 1788 1240 onmia
1808 1208 1912 1241 oculis
1945 1219 2017 1252 per-

1266 1261 1437 1293 lustrantes
1457 1260 1738 1304 circumspieiunt,
1753 1261 1778 1293 si
1790 1261 1862 1305 quis
1878 1262 1960 1295 sorte
1980 1272 2018 1295 eo

1265 1314 1298 1346 iu
1319 1314 1390 1346 1000
1411 1314 1583 1357 prandium
1608 1314 1804 1358 reliquissem
1828 1314 1967 1359 denique
1985 1315 2018 1348 id

1266 1367 1353 1411 quod
1378 1373 1447 1401 erat
1467 1367 1537 1408 rati,
1565 1367 1603 1401 ad
1624 1378 1769 1401 mensam
1790 1368 1849 1401 sibi
1870 1369 1964 1403 aDeo
1984 1368 2017 1402 in

1267 1422 1393 1454 deserto
1428 1427 1572 1465 paratam
1610 1422 1677 1455 veri
1697 1422 1859 1456 Israelitae
1885 1433 2016 1456 accum-

1266 1475 1358 1511 bunt,
1391 1486 1428 1508 ae
1456 1475 1529 1508 cibo
1564 1481 1594 1508 et
1623 1476 1755 1519 potione
1786 1475 1838 1508 siti
1867 1475 2017 1521 fameque

1268 1529 1413 1573 depulsa,
1424 1529 1511 1572 quod
1524 1529 1686 1573 superfuit
1700 1529 1820 1563 ibidem
1837 1529 2016 1574 liquerunt,

1267 1582 1330 1615 Deo
1351 1582 1435 1614 Patri
1460 1581 1758 1616 misericordiarum
1782 1582 1901 1626 gratias
1919 1593 2018 1627 agen-

1268 1642 1335 1676 tes,
1373 1636 1428 1679 qui
1458 1635 1554 1669 servis
1588 1636 1654 1670 suis
1679 1636 1711 1669 in
1741 1636 1786 1670 Eo
1815 1637 2019 1681 sperantibus

1268 1701 1374 1723 escam
1413 1690 1545 1723 dederat.
1576 1690 1608 1722 in
1633 1696 1780 1735 tempore
1818 1697 2015 1734 opportuno.

1268 1744 1363 1785 Quid,
1403 1743 1484 1777 illud
1523 1744 1610 1787 quod
1648 1743 1770 1788 Hispali
1806 1749 1933 1787 gestum
1958 1749 2016 1784 est,

1268 1808 1366 1841 quam
1404 1807 1539 1841 magnae
1563 1797 1638 1831 fidei
1681 1802 1727 1830 est
1764 1798 2019 1841 argumentum?

1267 1851 1346 1884 Nam
1364 1862 1438 1884 cum
1459 1851 1623 1894 septennis
1642 1861 1736 1895 puer,
1751 1850 1806 1894 qui
1819 1862 1837 1884 a
1855 1856 1956 1885 matre
1966 1862 2019 1884 va-

1270 1905 1382 1948 pulare
1402 1904 1516 1938 solitus
1531 1910 1610 1946 erat,
1623 1905 1655 1937 in
1667 1905 1775 1945 furno,
1793 1904 1826 1938 in
1839 1915 1937 1948 quem
1951 1905 2020 1939 eius

1271 1959 1473 1992 iracundiam
1500 1959 1625 2002 fugiens
1655 1970 1687 1992 se
1718 1959 1885 1992 abdiderat
1903 1959 2021 1992 obdor-

1271 2012 1392 2053 misset,
1414 2019 1445 2046 et
1456 2013 1551 2046 furno
1563 2013 1602 2045 ab
1614 2012 1725 2055 ignara
1738 2018 1840 2046 matre
1852 2023 2020 2054 succenso,

1271 2067 1513 2110 expergefactus
1533 2067 1698 2107 clamaret,
1720 2066 1767 2099 vir
1786 2067 1840 2100 Dei
1861 2067 2022 2100 exanima-

1272 2126 1335 2152 tam
1357 2127 1504 2161 matrem,
1525 2120 1649 2154 eiulatu
1669 2120 1778 2153 onmia
1789 2121 2021 2164 complentem,

1272 2184 1332 2207 nee
1351 2184 1416 2217 quo
1441 2184 1474 2207 se
1504 2178 1642 2207 verteret
1671 2173 1837 2214 scientem,
1858 2174 1898 2207 ad
1922 2173 2023 2207 maio-

1272 2238 1340 2260 rem
1361 2227 1529 2260 ecclesiam
1559 2227 1606 2261 ire
1630 2227 1739 2271 ibique
1769 2233 1905 2261 matrem
1929 2227 2023 2261 mise-

1273 2282 1488 2315 ricordiarum
1517 2282 1629 2316 devote
1648 2292 1742 2316 orare
1762 2281 1873 2315 iussit:
1891 2282 1971 2327 Ipsa
1995 2287 2023 2317 te

1273 2336 1388 2380 inquit,
1409 2347 1425 2369 0
1462 2336 1597 2377 witelier,
1630 2336 1810 2377 adiztvabi13
1845 2347 1920 2370 cum
1945 2337 2020 2378 illa,

1272 2390 1364 2434 quasi
1390 2390 1445 2423 Dei
1469 2390 1626 2423 nuncium
1653 2389 1836 2431 audivisset,
1859 2395 2020 2434 pergeret,

1274 2439 1342 2483 ipse
1379 2440 1418 2472 ad
1454 2440 1585 2473 furnum
1621 2439 1778 2473 accedens
1806 2449 1946 2483 puerum
1984 2450 2020 2473 ex

1274 2488 1413 2522 maximo
1430 2488 1577 2532 periculo
1591 2493 1768 2522 extractum
1785 2489 1882 2532 paulo
1893 2493 1965 2532 post
1982 2489 2023 2522 ad

1273 2538 1358 2572 idem
1397 2538 1552 2582 templum
1591 2537 1733 2578 adduxit,
1770 2537 1930 2581 matrique
1945 2548 2024 2572 suae

1273 2588 1395 2620 salvum
1416 2593 1448 2620 et
1467 2587 1654 2620 incolumen
1681 2587 1830 2620 reddidit.
1857 2585 2020 2629 Ceterum,

1272 2648 1346 2671 cum
1364 2637 1468 2671 iustus
1487 2636 1584 2670 iudex
1603 2636 1686 2671 Deus
1706 2635 1859 2670 athletam
1870 2646 1966 2676 suum
1976 2640 2024 2677 tot
