2226 3070
846 302 942 324 txnizx
964 302 1069 324 nnnrn
1633 289 1696 322 (58¹.)

191 360 460 393 Yicecauierarius
482 360 528 392 ius
549 361 684 394 obtinuit
708 373 724 394 a
746 362 831 393 sixto
855 362 873 394 Υ
896 362 1109 404 cogitosi-endi
1137 372 1247 393 causas
1273 360 1524 404 appellationum
1547 361 1738 392 damnorum

278 414 426 446 datorum
454 414 484 446 in
511 420 576 447 1010
601 415 689 447 Statu
716 415 936 448 Eri-lisiastiro
968 416 1050 448 ultra
1075 426 1233 447 summani
1261 415 1371 447 decem
1397 420 1583 454 scutorum,
1613 413 1675 445 2⁴28
1708 425 1737 445 ιι,

280 468 402 507 Postea,
427 478 523 510 quam
550 474 691 501 mentem
725 469 873 501 babuerit
903 468 934 500 in
964 468 1148 501 huiusmodi
1180 468 1386 501 concessione
1418 467 1572 510 explicat,
1602 466 1679 498 ibid.
1710 467 1737 498 b.

278 521 395 554 Causae
417 520 503 564 ipsae
524 521 605 553 infra
626 521 842 565 supradictam
860 532 1031 561 summam,
1055 521 1207 565 privative
1228 522 1268 554 ad
1288 520 1604 560 vice-camerariuin3
1625 520 1738 563 appel-

278 573 413 606 lationes
434 580 541 606 autem
560 585 729 607 causarum
753 575 836 607 ultra
862 575 980 607 dictam
1001 585 1161 607 summam
1183 574 1372 607 auctoritate
1394 573 1556 606 ordinaria
1577 573 1617 605 ad
1636 573 1739 615 ipsum

277 632 432 669 spectant,
456 627 520 659 -2-29
541 638 570 660 u.
596 628 786 661 Huiusmodi
807 627 1050 661 concessionem
1069 634 1258 672 perpetuam
1273 628 1340 661 fore
1362 628 1514 668 declarat,
1530 626 1609 659 ibid.
1627 626 1659 660 b:
1684 636 1740 657 nec

279 680 309 711 in
331 680 465 712 dubium
487 692 579 724 posse
600 681 756 721 revocari,
780 680 843 714 230
864 692 894 714 a.

190 733 322 765 Victoris
343 734 402 773 (S.)
424 734 651 767 Monasterium
666 762 673 773 ,
697 734 824 768 Ordinis
844 734 874 767 S.
901 735 1084 773 Benedicti,
1109 734 1246 767 militum
1278 735 1515 767 incursionibus
1536 734 1713 778 expositum
1732 760 1738 771 ‚

278 786 341 819 sitit)
368 787 398 823 b,·
421 788 655 821 monasterium
675 794 782 821 autem
804 787 994 821 monialium
1015 788 1045 821 S.
1069 788 1241 821 Salvatoris
1265 788 1333 821 sinc
1358 788 1506 821 clausura
1526 793 1609 823 erat,
1634 787 1741 829 iltiqtu¹

276 840 448 882 collegium
469 852 528 884 pro
543 841 710 874 iuvenibus
731 841 926 874 instruendis
943 841 1022 883 erigi
1041 841 1175 884 petitur,
1201 842 1279 873 [bid.
1307 841 1507 874 Massiliensis
1528 840 1742 873 coniu‘iunitas

278 893 337 926 lioc
357 893 460 936 ipsum
486 905 504 926 a
521 894 653 927 Summo
674 895 828 927 Pontitire
849 895 943 938 petit,
969 893 1031 926 570
1051 906 1081 927 u.
1106 895 1250 927 Clemens
1272 894 1369 936 igitur
1390 895 1452 927 Ylll
1480 894 1605 927 titulum
1632 893 1738 934 digni-

277 946 348 979 tatis
369 947 538 979 abbatialis
557 947 588 980 in
602 958 640 980 co
658 948 840 991 supprimit,
866 947 963 986 ibid:
986 947 1141 980 moniales
1155 948 1195 980 ad
1216 947 1303 980 aliud
1322 948 1553 980 monasterium
1572 958 1629 991 per
1649 946 1741 979 Ordi-

276 1000 401 1032 narium
429 1001 591 1033 transferri
618 1001 759 1041 mandat,
776 1001 954 1034 redditibus
973 1001 1157 1034 monasterii
1177 1001 1353 1033 stium-is
1371 1001 1604 1039 sustentandas,
1618 1000 1696 1032 ibid.
1711 1000 1737 1032 b.

276 1053 451 1095 Collegium
470 1053 501 1085 in
515 1065 687 1097 suppresso
708 1054 904 1087 monasterio
925 1054 1018 1096 erigit
1042 1054 1081 1086 ab
1103 1055 1218 1087 abbate
1238 1056 1268 1087 S.
1282 1054 1415 1087 Yictoris
1435 1054 1624 1096 regendum,
1643 1053 1739 1089 ibid„-

276 1107 363 1149 quod
384 1107 488 1139 eidem
511 1107 707 1140 monasterio
728 1108 798 1140 unit
815 1118 878 1140 una
896 1118 969 1140 cum
990 1108 1186 1151 prioratibus
1208 1108 1246 1140 de
1267 1107 1409 1146 Assicelo,
1431 1108 1470 1140 de
1484 1107 1635 1140 Articello
1655 1113 1683 1139 ct
1703 1107 1741 1138 de

277 1158 457 1199 Grimaldo,
482 1161 560 1193 ibid.
596 1161 673 1193 Illuc
703 1161 854 1204 reliquias
883 1167 913 1193 et
942 1161 1056 1194 iocalia
1077 1161 1263 1194 monasterii
1284 1162 1314 1194 S.
1338 1161 1529 1197 Salvatoris,
1554 1160 1742 1192 imminente

277 1213 385 1257 aliquo
405 1214 561 1257 periculo,
583 1214 749 1247 transferri
772 1214 869 1254 iubet,
894 1214 952 1246 571
974 1226 1004 1247 a.
1030 1215 1228 1248 Prioratibus
1253 1215 1349 1247 unitis
1374 1225 1432 1258 per
1456 1214 1677 1258 praesbyteros
1702 1214 1741 1246 ab

277 1266 391 1299 abbate
411 1266 594 1308 seligendos
616 1267 761 1300 inserviri
782 1268 952 1311 praecipit,
977 1268 1056 1301 ibid.
1092 1268 1230 1302 Huiusce
1263 1268 1499 1301 constitutionis
1529 1273 1741 1312 exequutores

280 1319 428 1362 deputat,
451 1319 531 1352 ibid.
557 1320 584 1352 b.
610 1320 714 1353 Onera
735 1321 937 1364 prioratuum
955 1321 1181 1365 adimplenda,
1205 1321 1269 1354 572
1291 1322 1319 1354 b.

188 1373 286 1405 Villae
312 1373 417 1405 t'tcose
443 1373 565 1416 capella
585 1384 642 1417 per
667 1374 782 1407 ducem
808 1375 997 1417 Bragantiae
1025 1375 1177 1415 fundata,
1211 1381 1306 1419 atque
1333 1375 1512 1408 redditibus
1537 1376 1658 1411 dotata,
1683 1385 1741 1407 nec

275 1436 339 1459 non
361 1426 534 1470 capellanis
555 1432 585 1459 et
605 1426 758 1460 ministris
780 1428 949 1467 instructa,
973 1427 1037 1461 585
1056 1439 1077 1460 a
1097 1434 1126 1461 et
1144 1429 1172 1461 b.
1196 1429 1341 1462 Clemens
1361 1429 1424 1461 t'ltt
1446 1429 1619 1472 capellanis
1640 1434 1668 1460 et
1684 1428 1742 1460 mi-

276 1479 383 1512 nistris
408 1480 541 1513 huiusce
562 1481 704 1524 capellae
725 1481 894 1519 concedit,
918 1487 950 1514 ut
972 1481 1030 1525 ipsi
1062 1482 1169 1514 divina
1194 1482 1298 1515 officia
1324 1482 1522 1515 celebrantes
1547 1482 1578 1514 in
1599 1482 1738 1525 qualibet

276 1533 337 1565 alia
358 1532 508 1573 ecclesia,
532 1533 588 1565 ubi
613 1533 680 1577 ipse
701 1534 764 1567 dux
784 1545 935 1578 praesens
953 1535 1048 1568 suerit
1068 1535 1115 1568 vel
1134 1535 1248 1568 absens
1266 1535 1477 1573 mandaverit,
1501 1535 1742 1567 distributiones

274 1586 342 1619 dari
356 1586 465 1619 solitas
482 1586 746 1620 interessentibus
763 1588 795 1620 in
810 1588 895 1621 dicta
908 1589 1030 1632 capella
1046 1594 1111 1621 tuta
1124 1588 1319 1621 conscientia
1332 1588 1449 1621 lucrari
1464 1589 1596 1632 possint,
1616 1588 1693 1620 ibid.
1711 1589 1737 1620 b.

188 1640 342 1672 Vincentii
364 1639 424 1683 (S.)
445 1640 683 1673 Monasterium.
708 1641 852 1675 Clemens
873 1642 939 1675 vtll
960 1648 1177 1675 reservaverat
1199 1642 1400 1686 dispositioni
1431 1642 1520 1675 Sedis
1540 1642 1741 1686 Apostolicae

275 1693 384 1726 onmia
406 1693 600 1726 monasteria
610 1694 845 1728 Canonicorum
860 1695 1068 1737 Regularium
1089 1695 1216 1729 Ordinis
1236 1696 1342 1729 Sancti
1364 1696 1531 1737 Augustini
1554 1695 1583 1728 in
1604 1696 1742 1728 nonnul-

276 1747 313 1779 lis
333 1746 504 1790 Hispaniae
524 1747 613 1787 locis,
637 1747 701 1780 609
722 1748 749 1781 b.
774 1748 1001 1781 Monasterium
1022 1749 1052 1782 S.
1079 1749 1234 1781 Vincentii
1257 1749 1366 1793 oppidi
1388 1749 1427 1781 de
1440 1749 1596 1787 Cardena,
1621 1750 1739 1781 ducum

275 1800 439 1833 Cardonae
472 1800 754 1844 iurispatronatus,
780 1802 811 1834 in
839 1802 1006 1835 ecclesiam
1033 1802 1235 1844 collegiatam
1268 1813 1340 1835 cum
1369 1802 1544 1839 canonicis,
1569 1802 1623 1845 qui
1646 1802 1677 1834 in
1706 1813 1743 1835 ca

277 1853 463 1893 inserviant,
488 1853 582 1896 erigit
601 1854 686 1887 idem
708 1866 801 1898 papa,
825 1855 905 1888 ibid.
929 1856 991 1888 Dos
1009 1855 1036 1888 ei
1057 1855 1273 1895 constituitur,
1292 1856 1370 1888 ibid.
1395 1855 1570 1888 Abbatibus
1591 1856 1741 1888 concedi-

276 1913 327 1939 tur
354 1906 543 1940 nominandi
564 1908 604 1940 ad
625 1908 832 1941 canonicatus
854 1909 1017 1942 mensibus
1038 1920 1102 1942 non
1125 1909 1307 1948 reservatis,
1332 1908 1390 1941 611
1416 1920 1446 1941 a.
1477 1909 1645 1951 Privilegia
1672 1920 1742 1942 cae-

275 1959 350 1992 teris
368 1960 544 2002 collegiatis
558 1961 774 2004 competentia
787 1961 862 1994 huic
880 1962 1113 2002 conceduntur,
1131 1963 1211 1995 ibid.
1233 1963 1260 1995 b.
1278 1962 1459 2005 Capitulum
1473 1968 1589 1995 statuta
1602 1962 1741 1995 condere

274 2018 389 2057 potest,
413 2013 491 2046 ibid.
519 2014 659 2047 Ducibus
680 2014 845 2048 Cardonac
871 2015 1060 2048 conceditur
1085 2015 1132 2048 ius
1158 2015 1348 2048 nominandi
1368 2015 1529 2055 abbatem,
1553 2026 1618 2048 non
1644 2016 1740 2049 modo

275 2066 334 2098 hac
352 2066 456 2109 prima
473 2066 541 2100 vice
561 2067 616 2100 sed
638 2067 734 2100 etiam
755 2068 919 2112 deinceps,
944 2068 1008 2102 (512
1029 2080 1059 2101 a.

187 2118 330 2151 Visitatio
350 2119 590 2162 provinciarum
611 2120 707 2154 totius
727 2121 832 2154 Status
853 2121 1065 2155 Ecclesiastici
1092 2133 1110 2155 a
1129 2122 1214 2155 Sixto
1237 2123 1258 2154 V
1285 2122 1442 2155 ordinata.
1473 2123 1504 2155 t'.
1526 2123 1693 2156 Caesenae.

187 2171 329 2205 Visitatio
351 2172 503 2205 indicitur
523 2184 540 2205 a
560 2174 721 2207 Clemente
752 2174 815 2207 Vlll
836 2175 982 2207 omnium
1004 2175 1212 2208 ecclesiarum
1238 2182 1268 2209 ct
1299 2177 1443 2209 locorum
1478 2177 1605 2220 piorum
1638 2178 1740 2210 almae

276 2225 379 2265 Urbis,
404 2225 468 2258 564
487 2237 518 2259 a.
542 2227 694 2260 Hortatur
714 2238 826 2261 omnes
856 2234 912 2269 nt,
940 2229 1069 2272 praevia
1095 2239 1223 2262 morum
1247 2230 1492 2268 reformatione,
1525 2231 1740 2263 visitationem

274 2278 491 2323 praeveniant,
515 2279 594 2312 ibid.
616 2281 644 2313 b.
668 2281 768 2314 lussio
790 2281 974 2314 celebrandi
996 2282 1176 2315 orationem
1198 2283 1413 2325 Quadraginta
1439 2284 1598 2316 Horarum
1619 2285 1659 2316 ad
1681 2283 1740 2315 iin-

275 2332 469 2375 plorandum
489 2332 633 2366 divinum
654 2334 807 2367 auxilium
828 2345 886 2378 pro
904 2335 990 2368 bona
1008 2335 1184 2368 directione
1203 2335 1402 2377 visitationis,
1424 2337 1502 2369 ibid.
1526 2337 1742 2377 Indulgentia-

275 2396 346 2418 rum
368 2385 545 2424 concessio,
572 2385 636 2420 565
652 2398 683 2420 a.

382 2778 458 2806 Ruit.
478 2780 560 2808 Rom.
584 2781 642 2807 1'01.
661 2780 709 2807 IX.
1034 2780 1065 2807 87
