2226 3070
48 234 100 262 An.
116 231 146 259 C.
164 230 232 259 1588

74 1094 96 1113 m
114 1095 190 1113 lterum
206 1093 229 1112 ad

48 1126 169 1146 instantiam
193 1130 230 1144 re-

45 1157 76 1181 gis
113 1157 230 1183 requisitus

45 1186 67 1207 B.
88 1187 186 1207 Did-*cum
208 1186 221 1206 S

46 1218 229 1244 pronunciatum

45 1249 188 1269 canonizavit.

907 225 1011 250 SIXTUS
1030 226 1049 249 V
1069 226 1117 249 PP.

248 281 340 315 cuius
359 281 514 314 nimirum
535 280 655 314 auxilio
677 280 786 313 hostes
805 279 998 318 teterrimos,

249 345 392 375 earnem,
416 334 574 367 mundum
597 339 628 367 et
647 333 813 366 diabolum
826 332 997 375 superarit.

248 388 305 421 Hic
322 399 380 421 nos
396 388 426 421 in
442 388 581 421 maxima
601 387 704 420 fidelis
720 385 830 430 populi
840 385 1000 427 totiusque

249 442 402 474 adstantis
435 441 512 474 cleri
540 440 745 483 frequentia,
779 439 927 471 coelestis
963 438 1000 470 il-

251 494 311 527 lius
337 499 367 527 et
383 525 385 527 ,
401 493 631 537 triumphantis
656 493 831 525 Ierusalem
861 491 998 533 ct‘ligiem

249 548 422 592 quamdam
443 547 537 580 nobis
557 551 629 578 ante
650 545 762 577 oculos
784 549 1000 587 proponentes

249 608 279 634 et
302 606 460 644 quantum
482 600 515 632 in
541 600 601 631 hac
621 599 836 641 lacrymarum
863 597 943 629 valle
965 596 1001 627 li-

249 661 312 694 cet,
342 655 516 693 intuentes,
549 651 733 685 conscensis
766 651 933 693 gradibus,
969 653 998 684 in

247 712 398 749 suggestu
430 711 503 739 ante
533 706 632 738 altare
657 704 831 744 oravimus,
865 716 936 737 mox
968 705 999 737 in

248 760 380 793 sublimi
409 759 587 804 apostolico
622 759 740 790 throno
779 758 997 797 considentes,

246 814 361 846 fratres
386 819 512 846 nostros
532 811 647 845 S.R.E.
679 810 859 844 cardinales
880 816 911 843 et
931 811 999 854 epi-

245 878 360 910 scopos
389 877 502 900 omnes
521 865 620 899 sacris
641 864 782 897 vestibus
810 870 941 897 ornatos
971 871 997 897 et

246 926 387 965 paratOS,
408 921 501 953 nobis
520 919 736 953 obedientiam
756 919 795 951 de
809 929 1000 962 moreprae-

247 980 368 1008 stantes
391 974 590 1018 excepimus.

291 1029 306 1071 ξ
329 1028 384 1062 28.
411 1028 491 1060 Tum
513 1028 649 1060 dilectus
664 1026 872 1059 siliusnoster
888 1026 1001 1059 Petrus

248 1082 331 1116 tituli
344 1082 374 1115 S.
390 1080 577 1125 Hieronymi
593 1080 795 1124 Illyricorum
813 1081 998 1124 presbyter,

247 1135 420 1169 cardinalis
441 1136 522 1168 Deza
549 1134 723 1178 Hispanus,
744 1134 895 1166 catholici
917 1133 1001 1176 regis

245 1188 387 1232 Philippi
405 1188 569 1231 totiusque
586 1187 758 1230 Hispaniae
780 1187 924 1227 nomine,
950 1198 999 1220 se-

246 1243 321 1282 mel,
337 1242 454 1274 iterum
470 1247 499 1274 et
516 1241 610 1274 tertio
625 1241 818 1285 suppliciter
833 1246 865 1273 ct
882 1241 1001 1273 instan-

246 1295 366 1329 tissime
383 1306 400 1327 a
420 1295 514 1328 nohis
529 1294 623 1338 petiit
642 1300 678 1327 ut
698 1295 829 1327 beatum
845 1294 998 1326 Didacum

245 1350 277 1382 in
302 1349 496 1382 Sanctorum
526 1359 700 1381 numerum
721 1348 998 1386 adsci'ibei·emus;

246 1413 368 1446 nosque
392 1403 432 1436 ad
456 1402 600 1445 singulas
616 1402 686 1435 eius
708 1397 1001 1445 petitionosjregis

246 1457 363 1501 pietate
388 1462 418 1489 et
437 1457 522 1489 beati
555 1456 614 1488 viri
646 1455 770 1487 meritis
796 1455 998 1495 collaudatis,

247 1521 376 1554 semper
392 1516 498 1542 tamen
508 1509 729 1553 perdistincta
743 1509 906 1541 intervalla
923 1536 929 1549 ,
946 1520 1001 1542 no-

246 1569 327 1596 stras
351 1564 515 1606 totiusque
536 1562 614 1596 cleri
634 1568 661 1595 et
684 1562 796 1605 populi
823 1563 997 1600 orationes,

248 1617 374 1650 litanias
395 1622 423 1649 et
447 1627 556 1649 sac-res
577 1617 713 1660 hymnos
733 1615 997 1659 interposuimus.

248 1673 394 1712 Demum,
418 1682 492 1704 cum
520 1671 582 1704 iam
605 1670 686 1703 nihil
712 1670 844 1703 omnino
870 1681 906 1702 ex
936 1671 998 1707 his,

246 1736 330 1768 quae
350 1736 368 1757 a
385 1724 563 1757 maioribus
583 1724 635 1767 pie
656 1729 829 1767 sancteque
849 1730 921 1756 sunt
939 1724 1001 1756 hoc

246 1779 285 1812 de
304 1789 422 1821 genere
440 1778 598 1817 instituta,
621 1782 702 1810 esset,
720 1777 998 1821 praetermissum,

247 1833 345 1865 immo
359 1831 464 1876 potius
475 1836 600 1864 matura
613 1831 846 1863 deliberatione
856 1842 1002 1864 summa-

245 1885 713 1929 quediligentiaabundantius
729 1884 885 1924 adhibita,
910 1885 999 1917 inro-

245 1945 317 1972 cato
342 1944 452 1971 sancto
472 1938 623 1971 Creatore
650 1937 782 1981 Spiritu,
806 1938 897 1970 cuius
921 1949 1000 1970 con-

245 1993 317 2026 sitio
342 1998 373 2026 et
396 1993 555 2036 sapientia
583 1998 694 2025 sancta
722 1992 876 2032 Ecclesia,
908 1993 1000 2025 colu—

247 2057 322 2079 mna
342 2051 373 2079 et
392 2046 635 2079 firmamentum
651 2045 804 2085 veritatis,
824 2045 957 2089 regitur,
970 2058 1000 2078 e-

246 2100 361 2144 iusque
385 2110 507 2133 numen
531 2110 627 2144 saepe
657 2110 674 2132 a
695 2099 786 2131 nobis
818 2110 854 2131 ex
885 2099 1000 2132 intimo

247 2154 344 2187 corde
365 2153 474 2187 multis
494 2153 590 2186 etiam
608 2153 758 2197 lacrymis
775 2152 997 2196 imploratum,

249 2218 400 2250 praesens
428 2207 541 2240 adesse
566 2217 631 2239 non
652 2206 854 2245 dubitantes3
876 2206 916 2239 ad
942 2207 1000 2240 ho-

249 2270 362 2292 norem
387 2266 517 2293 sanctae
549 2265 580 2292 et
608 2259 791 2292 individuae
821 2259 998 2299 Trinitatis,

249 2313 351 2346 Patris
371 2318 402 2345 et
417 2313 490 2346 Filii
510 2319 541 2345 et
560 2312 698 2356 Spiritus
718 2312 837 2352 Sancti,
857 2313 895 2345 ad
914 2313 1002 2345 exul-

250 2367 402 2401 tationem
438 2376 598 2409 supernae
629 2370 660 2398 et
694 2365 924 2409 triumphantis
953 2365 1000 2398 Ie-

249 2417 388 2450 rusalem
410 2415 522 2449 matris
549 2420 688 2455 nostrae,
710 2414 749 2447 ad
774 2414 999 2448 exaltationem

247 2465 426 2499 catholicae
454 2465 539 2506 fidei,
565 2470 596 2498 et
622 2464 816 2497 christianae
836 2464 1001 2506 religionis

246 2520 471 2558 augmentum,
493 2513 684 2547 auctoritate
709 2513 854 2547 eiusdem
866 2512 1001 2546 Sanctae

246 2563 422 2604 Trinitatis,
440 2563 611 2597 beatorum
631 2563 852 2606 apostolorum
869 2562 953 2594 Petri
971 2568 998 2595 et

246 2613 339 2650 Pauli
357 2623 396 2647 ac
416 2618 538 2654 nostra,
556 2613 596 2646 de
616 2611 851 2647 venerabilium
864 2611 1000 2647 fratrum

1709 214 1751 247 19

1044 283 1229 310 nostrorum
1251 276 1364 309 S.R.E.
1395 276 1609 309 cardinalium
1631 276 1794 308 omnium-

1043 342 1105 374 que
1128 330 1398 374 patriarcharum,
1422 329 1744 372 archiepisc0p‹j›rum
1767 334 1797 361 et

1044 383 1467 427 episccipol·uiii{i11Romana
1479 382 1573 415 Curia
1590 382 1794 414 existentium

1044 437 1180 470 consilio
1215 442 1243 470 et
1275 436 1421 469 unanimi
1454 446 1630 475 consensu,
1666 436 1794 467 beatum

1044 490 1342 523 t'ratremDidacum
1368 490 1406 522 de
1428 489 1545 522 Sancto
1566 489 1696 521 Nil-ulae
1721 500 1795 532 pro-

1043 543 1163 575 vinciae
1185 543 1335 576 Bethicae
1357 543 1547 586 Hispanum,
1571 542 1723 575 Ordinem
1745 543 1797 575 Mi-

1043 607 1158 628 norum
1181 596 1288 629 Sancti
1314 596 1475 629 Francisci
1504 608 1652 640 expresse
1674 597 1796 639 profes-

1043 660 1126 688 sum,
1154 651 1383 693 sepultumque
1408 650 1569 693 Compluti
1599 649 1630 681 in
1661 650 1796 682 ecclesia

1043 703 1177 734 l'ratrum
1200 703 1343 735 eiusdem
1365 703 1506 742 Ordinis,
1534 704 1572 736 de
1603 703 1696 735 cuius
1722 703 1794 735 lidei

1043 755 1195 797 puritate,
1219 756 1407 789 excellentia
1422 757 1502 790 vitae
1518 763 1545 789 et
1562 757 1795 789 mintentorum

1043 808 1075 840 in
1096 809 1157 841 rita
1179 814 1209 841 et
1222 815 1440 852 postmortem
1459 811 1602 843 claritate
1620 810 1712 843 nohis
1728 811 1796 854 ple-

1043 872 1174 894 nissime
1200 868 1337 902 constat,
1362 863 1393 895 in
1411 870 1597 895 sanctorum
1629 864 1797 897 Cont'esso-

1043 919 1115 948 rtun
1146 926 1319 948 numerum
1347 922 1375 948 et
1403 916 1583 959 catalogum
1609 918 1797 950 adscriben—

1043 969 1120 1001 dum
1156 980 1225 1002 esse
1259 963 1520 1002 decrevin‘ius'ct
1553 970 1796 1013 adscripsimus,

1043 1028 1139 1066 prout
1160 1034 1217 1066 per
1244 1028 1428 1067 praesentes
1457 1023 1665 1056 decernimus
1690 1030 1717 1056 ct
1745 1026 1798 1056 ad-

1042 1077 1224 1115 srribimus,
1246 1088 1387 1120 eumque
1409 1082 1441 1109 ut
1459 1077 1613 1110 Sanctum
1635 1078 1674 1109 ab
1696 1078 1798 1110 omni-

1043 1131 1102 1162 bus
1119 1130 1341 1163 venerandum
1363 1141 1432 1163 esse
1454 1131 1657 1163 mandamus.

1086 1184 1101 1226 ξ
1125 1183 1178 1217 29.
1207 1184 1392 1217 Statuentes
1413 1190 1445 1216 ut
1475 1185 1514 1216 ab
1542 1184 1712 1217 universali
1740 1186 1798 1218 Ec-

1043 1238 1139 1270 clesia
1165 1248 1250 1270 anno
1272 1238 1430 1280 quolibet,
1452 1238 1503 1270 die
1529 1238 1721 1270 duodecima
1743 1249 1798 1271 no-

1043 1291 1194 1331 vembris,
1218 1293 1334 1324 festum
1358 1291 1458 1334 ipsius
1479 1297 1507 1324 et
1535 1291 1679 1324 osticium
1705 1292 1799 1325 sicuti

1043 1356 1102 1389 pro
1125 1355 1190 1378 uno
1215 1351 1326 1378 sancto
1358 1345 1548 1377 Cont'essore
1580 1351 1727 1385 tantum,
1759 1347 1797 1378 ad

1043 1400 1083 1431 soi
1095 1409 1178 1431 mam
1190 1398 1221 1431 in
1239 1397 1377 1431 rubricis
1389 1398 1524 1430 Romani
1538 1398 1689 1431 Hreriarii
1710 1411 1800 1443 prae—

1043 1452 1209 1496 scriptam,
1232 1452 1345 1484 dex'ote
1367 1452 1570 1489 ‹:-·1›tet·1·0uu·;
1599 1453 1751 1495 quodque
1768 1453 1799 1485 in

1043 1506 1112 1539 eius
1133 1506 1290 1539 honorem
1311 1506 1468 1538 ecclesiae
1487 1512 1514 1538 et
1536 1506 1659 1543 altaria,
1678 1507 1708 1539 in
1730 1508 1800 1550 qui-

1044 1560 1103 1591 bus
1119 1560 1183 1592 Deo
1196 1559 1353 1592 sacriticia
1366 1561 1558 1600 eliciantur,
1581 1560 1659 1602 cri-gi
1682 1567 1712 1593 et
1729 1562 1800 1593 l'un-

1042 1613 1110 1645 dari
1132 1613 1268 1656 possint,
1283 1613 1462 1656 eademque
1475 1613 1675 1653 ancisa-tinto,
1697 1614 1799 1646 onmi-

1043 1667 1103 1699 hus
1123 1677 1195 1699 vere
1217 1667 1460 1711 poenitentibus
1489 1673 1519 1699 et
1548 1668 1714 1703 confessis.
1744 1668 1798 1711 qui

1043 1721 1178 1763 singulis
1204 1721 1297 1753 annis
1326 1721 1439 1754 eodem
1472 1720 1523 1753 die
1545 1721 1626 1753 sesto
1652 1722 1800 1764 supradi-

1043 1780 1126 1807 ctam
1148 1774 1318 1807 ecclesiam
1340 1774 1452 1818 oppidi
1479 1775 1719 1817 Coml‘ilutensis
1743 1776 1799 1807 To—

1043 1829 1167 1861 letanae
1189 1827 1358 1867 dioecesis,
1382 1828 1437 1859 ubi
1468 1827 1568 1870 ipsius
1598 1838 1717 1871 corpus
1748 1840 1797 1861 re-

1043 1882 1192 1924 quiescit,
1216 1891 1340 1914 necnon
1362 1880 1474 1913 altaria
1488 1886 1517 1913 et
1535 1881 1700 1919 ecclesias,
1715 1893 1797 1924 quae

1043 1936 1074 1967 in
1104 1935 1174 1967 eius
1198 1935 1358 1967 honorem
1380 1940 1584 1967 constructae
1610 1941 1718 1975 erunt,
1741 1936 1796 1968 (lc-

1043 1995 1113 2022 x'ote
1153 1989 1362 2027 visitaverint,
1403 1988 1531 2020 easdem
1567 1988 1796 2030 indutgmuias,

1044 2042 1209 2086 privilegia
1229 2049 1259 2075 et
1283 2041 1403 2085 gratias
1429 2041 1650 2074 concessimus
1670 2047 1696 2073 et
1714 2042 1796 2074 elar-

1043 2096 1099 2139 giti
1127 2107 1252 2135 sumus,
1276 2095 1551 2138 quemadmodum
1587 2096 1798 2127 concedimus

1043 2155 1073 2183 et
1098 2149 1287 2192 elargimur,
1311 2159 1394 2191 quae
1424 2148 1541 2180 ceteris
1567 2147 1644 2180 dit-ti
1670 2148 1798 2181 Ordinis

1043 2205 1235 2237 Sanctorum
1253 2202 1398 2235 ecclesiis
1419 2213 1590 2235 concessae
1612 2207 1695 2234 sunt.

1087 2258 1102 2300 ξ
1127 2257 1181 2290 30.
1200 2256 1322 2295 Quibus
1342 2256 1505 2297 omnibus,
1527 2266 1610 2299 quae
1631 2256 1669 2288 ad
1696 2257 1728 2288 S.
1749 2256 1797 2288 Di-

1043 2311 1114 2343 daei
1136 2310 1413 2343 canonizationem
1428 2309 1644 2353 pertun-bant,
1667 2310 1796 2341 absolu-

1044 2365 1094 2403 tis,
1117 2375 1153 2397 ac
1180 2363 1283 2396 laudis
1313 2369 1343 2396 et
1373 2363 1549 2406 gratiarum
1579 2363 1716 2395 actionis
1745 2364 1798 2407 hy-

1045 2425 1119 2447 nmo
1140 2414 1204 2447 Deo
1234 2414 1415 2452 decantato,
1441 2412 1574 2456 eiusque
1601 2412 1720 2445 auxilio
1740 2423 1798 2456 per

1044 2463 1075 2496 S.
1094 2462 1202 2495 Didaci
1224 2473 1337 2506 preces
1353 2461 1510 2505 peculiari
1528 2461 1684 2499 oratione,
1701 2473 1796 2505 quam

1044 2522 1102 2545 nos
1135 2512 1221 2544 clara
1246 2522 1322 2544 voce
1349 2510 1651 2555 pronunciavimus,
1685 2510 1797 2553 implo-

1044 2565 1125 2601 rato,
1149 2561 1278 2593 tandem
1299 2560 1412 2593 eodem
1426 2560 1459 2592 in
1474 2560 1545 2592 loco
1567 2563 1595 2592 et
1616 2558 1707 2590 altari
1724 2558 1798 2589 niis-

1044 2620 1110 2643 sam
1123 2610 1302 2644 soleinnem
1318 2609 1357 2643 de
1369 2607 1574 2643 Beatissimae
1586 2618 1713 2651 semper
1728 2606 1797 2644 Vir--

1816 223 1868 250 An.
1886 223 1997 251 (21588

1842 1192 1925 1211 Festum
1953 1194 1999 1212 eius

1815 1224 1847 1243 die
1864 1229 1892 1243 xii
1910 1230 2000 1243 unveni-

1813 1253 1857 1273 biis
1895 1254 1999 1274 ceptum

1815 1286 1884 1305 int-il.

1827 2267 1909 2287 Elissam
1921 2271 1998 2293 postea

1813 2298 1948 2321 celebrarit,
1978 2302 1999 2319 et

1814 2330 1946 2350 assistentib.
1964 2331 1999 2349 in*

1814 2361 1933 2385 dulgentias
1946 2366 1998 2379 ron-

1814 2393 1887 2412 cohil.
