2226 3070
67 301 120 328 An.
139 298 165 327 C.
184 300 254 328 ¹590

935 294 1038 318 slx'rUS
1056 294 1073 317 V
1095 294 1143 317 PP.

1715 283 1772 316 161

266 351 380 379 natore
398 347 571 386 Caesenae,
586 358 661 381 cum
674 348 858 381 interventu
870 347 1021 386 aliorum,
1039 352 1045 382 1
1064 345 1243 379 remedium
1265 345 1428 385 afferatur,
1458 344 1491 385 ii,
1518 345 1573 387 qui
1607 356 1706 388 super
1738 345 1822 379 mala

265 410 331 433 non
350 400 539 441 duodecim,
559 406 594 434 ut
605 400 716 442 hodie,
734 411 800 434 non
821 400 889 433 sine
905 410 1022 443 magna

265 453 457 487 confusione
476 459 507 488 et
518 454 622 487 litium
640 454 706 487 sere
719 453 954 487 immortalium
976 453 1022 486 so-

265 513 386 549 mento‚
404 507 454 548 sit,
469 507 524 541 sed
536 512 678 551 quatuor
694 512 820 540 tantum
834 507 1019 546 hominum,

265 560 362 594 unius
390 560 514 594 seilicet
546 571 606 605 pro
627 561 756 604 singulo
781 561 960 604 quarterio,
988 561 1020 593 in

265 614 448 657 praesentia
458 613 536 647 dicti
548 613 670 647 domini
683 613 911 656 gubernatoris
929 614 1022 647 annis

264 667 400 710 singulis
420 667 656 710 eligendorum,
684 667 739 710 qui
769 678 828 711 pro
860 667 1021 701 riscontro

265 719 421 753 inservire
446 720 585 753 debeant
608 720 695 753 iuxta
717 720 854 753 sormam
874 720 1021 764 supradi-

264 778 390 806 ctorum
401 773 619 817 capitulorum
633 784 670 807 ex
688 773 802 807 ordine
818 773 923 806 Sacrce
937 773 1019 806 Con-

262 826 366 859 sultae
401 826 672 870 compilatorum:
708 837 849 871 quorum
880 832 1021 870 quatuor

262 879 309 912 sic
330 879 557 922 eligendorum
583 880 720 914 facultas
741 881 780 913 ad
801 880 890 913 aliud
908 890 973 913 non
987 891 1021 913 se

263 933 425 973 extendat,
448 944 546 976 quam
567 934 606 967 ad
627 934 822 968 revisionem
848 940 1020 978 computo-

263 997 335 1019 rum
357 986 612 1030 praedictorum.

307 1040 356 1074 IV.
401 1040 651 1085 Teneanturque
690 1047 832 1084 quatuor
865 1041 1022 1075 reviseres

262 1093 462 1135 huiusmodi,
483 1094 568 1128 intra
588 1094 774 1139 quindecim
796 1095 864 1128 dies
877 1106 894 1128 a
908 1095 959 1128 die
970 1106 1022 1128 co-

263 1157 337 1180 rum
369 1147 591 1191 deputationis
626 1149 877 1192 computandos,
900 1159 959 1192 per
988 1159 1021 1181 se

264 1200 352 1244 ipsos
377 1202 603 1245 personaliter,
631 1212 696 1235 non
722 1208 833 1236 autem
860 1213 920 1246 per
947 1213 1021 1246 pro-

264 1261 431 1289 curatores
442 1256 491 1288 vel
507 1256 710 1295 substitutos,
722 1256 868 1290 revidere
880 1256 1021 1290 rationes

263 1313 295 1341 et
319 1315 473 1353 computa
501 1314 565 1342 tam
592 1309 883 1343 administrationis
909 1320 1022 1354 regen-

265 1361 347 1395 tium
357 1367 388 1395 et
396 1362 560 1406 priorum,
573 1374 671 1406 quam
683 1363 842 1397 exactoris
849 1363 1020 1407 generalis,

263 1420 300 1448 ut
336 1416 463 1459 possint
501 1426 698 1460 cognoscere
735 1416 814 1461 quid
853 1422 1018 1457 exactum,

263 1468 378 1512 quidve
404 1474 435 1503 et
453 1470 620 1513 quomodo
641 1481 818 1514 expensum
850 1470 958 1511 suerin
992 1476 1022 1504 et

263 1522 425 1567 quidquid
446 1523 533 1557 circa
548 1530 702 1568 computa
714 1530 745 1557 et
756 1524 898 1557 rationes
909 1524 1022 1558 huius-

264 1576 365 1618 modi,
388 1576 466 1609 dum
492 1588 529 1610 ea
558 1577 717 1619 revident,
748 1578 923 1611 dicendum
959 1578 1022 1611 illis

264 1629 458 1670 occurrerit,
498 1630 642 1674 generali
677 1630 814 1664 consilio
847 1631 1022 1665 comitatus

263 1683 348 1716 intra
367 1683 472 1717 dictos
483 1684 672 1728 quindecim
691 1685 759 1718 dies
780 1685 937 1725 referant,
956 1696 1021 1729 quo

264 1737 357 1777 facto,
373 1747 487 1770 eorum
500 1737 638 1771 facultas
654 1737 789 1782 expiret,
807 1748 868 1772 nee
884 1739 1022 1772 ulterius

262 1800 296 1823 se
316 1800 415 1834 super
434 1790 485 1824 his
505 1790 655 1834 ingerere
676 1792 812 1835 possint,
835 1792 894 1825 sub
917 1803 1021 1836 poena

262 1848 394 1877 eentum
419 1843 615 1878 ducatorum
636 1844 790 1879 Gamerae
815 1846 1021 1890 Apostolicae

261 1907 321 1941 pro
341 1897 447 1939 tertia,
471 1898 639 1932 comitatui
660 1909 720 1942 pro
741 1899 816 1940 alia,
843 1906 874 1932 et
890 1910 1021 1933 accusa-

263 1950 324 1983 tori
344 1961 404 1995 pro
421 1951 485 1985 alia
505 1951 598 1985 tertia
618 1952 901 1996 applicandorum.

306 2004 341 2038 V.
368 2005 406 2037 Et
426 2004 451 2039 si
472 2005 505 2038 in
517 2005 699 2040 redditione
716 2012 947 2050 computorum
959 2007 1020 2040 llu-

263 2057 402 2092 iusmodi
424 2058 606 2093 discordiae
631 2059 791 2101 orientur,
819 2071 872 2094 eas
894 2060 1019 2100 audire,

264 2111 437 2146 terminare
472 2118 504 2146 et
532 2113 684 2147 decidere
714 2113 831 2147 debeat
869 2114 1022 2147 dominus

265 2175 393 2208 praeses
412 2166 598 2209 provinciae
619 2166 703 2200 intra
728 2167 809 2200 alios
833 2167 1018 2211 quindecim

264 2216 345 2258 dies,
354 2220 543 2254 omnimodo
554 2231 652 2254 manu
664 2221 753 2264 regia
762 2226 792 2255 et
803 2222 1021 2265 appellatione

265 2277 398 2305 remota.

307 2324 354 2358 VI.
377 2326 414 2359 Et
433 2326 589 2370 quoniam
606 2327 829 2371 experimento
843 2328 1021 2372 deprehen-

262 2388 334 2411 sum
360 2384 408 2412 est
428 2380 548 2413 multos
569 2390 627 2423 pro
657 2378 817 2414 revisione
847 2387 1020 2425 computo-

263 2442 349 2473 rum,
372 2438 407 2465 ut
440 2433 634 2476 praefertur,
661 2432 781 2466 electos
805 2433 949 2467 indebite
973 2445 1021 2468 re-

262 2480 414 2524 gentibus
423 2481 589 2514 molestias
601 2481 757 2523 intulisse‚
771 2483 955 2527 multosque
970 2495 1020 2518 re—

262 2529 505 2573 gentesiudicia
522 2530 577 2564 diu
593 2530 753 2564 sustinere
773 2532 939 2566 affectasse
957 2543 1021 2566 non

262 2578 403 2623 propriis
432 2579 600 2623 expensis,
631 2580 686 2613 sed
715 2580 909 2620 comitatus,
946 2592 1020 2615 cum

262 2628 356 2661 cuius
373 2628 497 2661 iactura
517 2628 650 2673 utrique
680 2630 873 2674 locupletari
903 2641 1021 2674 procu-

264 2683 391 2717 ra1·unt;
423 2677 558 2718 idcirco,
589 2684 625 2711 ut
657 2678 733 2713 huic
768 2680 853 2713 malo
887 2679 1021 2723 posthac

344 2725 422 2758 Ball.
447 2726 525 2758 Rom.
552 2726 607 2757 vol.
632 2726 675 2758 IX
902 2728 937 2759 21

127 1106 248 1128 Huiusmodi

64 1141 154 1165 quatuor
165 1140 246 1159 revisu-

66 1175 101 1189 res
117 1175 159 1190 uon
176 1175 214 1197 per
229 1176 249 1190 a-

65 1200 120 1226 lios,
146 1202 183 1221 sed
212 1206 250 1225 rer

65 1233 149 1258 seipsus
164 1238 249 1258 compu-

64 1267 86 1283 ta
127 1263 249 1283 examinare

65 1297 187 1315 teneantur.

92 2065 141 2086 Stin
150 2066 186 2087 tati
194 2072 250 2088 com-

69 2100 166 2124 potorum
182 2098 250 2119 reddi·

66 2129 251 2150 tionedtscordine

66 2161 198 2185 exoriantur,
213 2160 250 2181 has

66 2192 184 2212 discordias
206 2197 250 2212 ex-

65 2222 146 2249 pendet
161 2228 251 2249 praeses

64 2253 223 2276 nomanaiotao.

90 2387 130 2414 Qui
146 2386 249 2413 appelta-

65 2419 122 2440 verit
135 2425 147 2438 u
170 2419 249 2439 iudicio

64 2450 168 2476 regentis,
184 2450 249 2471 debet

64 2484 114 2502 ante
149 2481 248 2502 iudicium

63 2513 184 2534 cautionem
191 2513 250 2539 duro,

64 2544 85 2563 tn
101 2549 150 2564 casu
166 2546 212 2565 etc.

1063 399 1342 432 administratione
1362 399 1409 432 vel
1428 408 1492 431 non
1518 398 1662 440 legitima
1683 409 1822 442 compu-

1064 459 1170 486 torum
1206 453 1386 487 redditione
1418 452 1571 485 adversus
1596 458 1745 495 regentes
1765 464 1820 486 seu

1063 509 1292 546 procuratores
1328 502 1449 536 iudicia
1483 512 1611 535 movere
1646 503 1820 542 voluerint,

1063 561 1236 590 teneantur
1254 556 1417 600 inprimis
1437 566 1550 589 cavere
1576 555 1691 588 idonee
1713 555 1751 589 de
1775 567 1822 589 re-

1063 609 1211 642 ficiendis
1232 610 1272 643 de
1292 620 1404 643 eorum
1427 609 1561 653 proprio
1587 609 1748 652 expensis,
1764 610 1820 642 da-

1063 662 1148 695 mnis
1169 669 1200 696 et
1224 663 1378 696 interesse
1404 663 1436 695 in
1465 673 1574 695 casum
1605 663 1821 696 succumben-

1063 715 1125 748 tiae
1147 721 1210 748 tam
1233 716 1442 756 universitati,
1472 727 1555 759 quae
1584 721 1751 760 sumptum
1774 716 1819 749 se-

1063 768 1156 809 cerit,
1178 780 1274 812 quam
1297 770 1493 813 regentibus,
1515 769 1572 813 qui
1587 769 1707 803 fuerint
1728 769 1818 803 inde-

1063 821 1129 855 bite
1150 823 1322 856 molestati.

1108 875 1169 908 VII.
1193 876 1216 908 E
1237 887 1391 909 converso
1412 887 1486 909 vero
1508 882 1667 919 regentes,
1700 887 1818 920 procu-

1064 934 1188 962 ratores
1222 935 1252 962 et
1282 929 1349 969 alii,
1387 930 1443 972 qui
1475 929 1506 962 in
1538 929 1695 962 iudicium
1727 930 1819 963 tracti

1063 982 1196 1023 suerint,
1218 983 1289 1016 lites
1303 983 1450 1026 expensis
1470 982 1642 1016 comitatus
1660 983 1820 1016 sustinere

1063 1042 1240 1079 nequeant,
1263 1037 1317 1070 sed
1343 1047 1401 1080 pro
1421 1036 1561 1080 propriis
1586 1041 1616 1069 et
1643 1037 1820 1080 particula-

1064 1094 1206 1135 ribus,in
1220 1105 1331 1128 casum
1344 1095 1510 1134 victoriae,
1528 1105 1545 1127 a
1562 1093 1822 1127 molestatoribus

1063 1143 1119 1186 qui
1140 1144 1385 1184 succubuerint,
1400 1143 1642 1188 recuperandis.

1107 1192 1183 1224 VIII.
1215 1192 1400 1237 Debeatque
1428 1193 1534 1226 dictus
1561 1203 1691 1236 praeses
1724 1192 1823 1225 victos

1064 1241 1241 1274 victoribus
1255 1241 1474 1275 condemnare
1490 1241 1610 1274 nedum
1627 1241 1659 1273 in
1675 1241 1822 1285 expensis

1064 1290 1140 1330 litis,
1167 1291 1222 1324 sed
1244 1291 1339 1324 etiam
1361 1291 1392 1324 in
1415 1290 1621 1324 mercedibus
1641 1290 1820 1323 diaetarum

1063 1350 1144 1382 quas
1162 1340 1194 1373 in
1212 1340 1369 1384 litigando
1393 1339 1669 1384 consumpserint,
1691 1350 1750 1383 per
1772 1339 1820 1372 di-

1064 1394 1152 1421 ctum
1174 1389 1345 1423 dominum
1377 1389 1559 1433 praesidem
1591 1388 1727 1423 arbitriO
1753 1388 1821 1422 eius

1065 1438 1220 1472 taxandis.

1108 1487 1156 1520 IX.
1180 1487 1285 1521 Factis
1305 1487 1480 1531 diligenter
1506 1487 1668 1532 computis
1697 1488 1820 1531 accepti

1064 1543 1095 1570 et
1117 1538 1247 1581 expensi
1274 1548 1377 1581 usque
1405 1538 1437 1570 in
1464 1543 1592 1581 tempus
1616 1537 1818 1577 visitationis,

1063 1590 1187 1624 scilicet
1207 1602 1265 1635 per
1295 1596 1398 1624 tetum
1421 1601 1556 1631 annum,
1581 1595 1746 1634 repertum
1774 1597 1818 1624 est

1064 1646 1244 1674 exactorem
1267 1641 1441 1675 comitatus
1453 1650 1623 1674 remanere
1637 1640 1818 1674 debitorem

1063 1688 1220 1722 librarum
1244 1699 1491 1724 11MCCCLxxxV111
1514 1699 1573 1733 pro
1594 1689 1742 1732 pecuniis
1757 1689 1819 1722 iam

1063 1738 1103 1771 ab
1124 1749 1162 1772 eo
1192 1739 1322 1780 exactis,
1349 1739 1387 1772 ad
1423 1750 1503 1783 quas
1522 1738 1689 1771 solvendas
1714 1739 1819 1771 statim

1063 1799 1162 1822 manu
1180 1789 1269 1833 regia
1290 1795 1446 1833 cogatur,
1473 1794 1642 1833 praeterea
1658 1789 1822 1822 restabant

1064 1848 1123 1880 per
1135 1843 1320 1872 exactorem
1333 1837 1517 1881 exigendaa
1528 1837 1732 1870 debitoribus
1743 1837 1822 1870 anti-

1063 1887 1136 1930 quis
1168 1888 1270 1921 librae
1292 1898 1345 1928 VM,
1373 1894 1403 1921 et
1429 1898 1446 1920 a
1477 1886 1676 1920 debitoribus
1702 1886 1822 1920 residui

1069 1935 1255 1978 pai-timenti
1286 1936 1362 1969 anni
1394 1946 1554 1970 MDLxxxvl
1582 1941 1612 1969 et
1650 1945 1822 1971 MDLxxxvn

1064 1985 1165 2019 librae
1203 1996 1384 2020 ixiicurxxv
1402 2013 1408 2025 ‚
1454 1997 1538 2029 quae
1573 1995 1687 2018 omnes
1732 1996 1823 2018 sum-

1064 2045 1147 2074 mae,
1170 2035 1258 2068 omni
1280 2035 1423 2068 adhibita
1444 2034 1622 2077 diligentia,
1636 2034 1818 2077 exigantur,

1064 2090 1098 2116 ut
1119 2095 1156 2117 ex
1173 2084 1237 2117 illis
1257 2095 1355 2118 onera
1384 2083 1558 2117 cameralia
1585 2083 1663 2116 solvi
1684 2083 1821 2127 possint,

1064 2139 1094 2166 et
1119 2134 1283 2178 impositio
1313 2134 1523 2167 collectarum
1554 2143 1614 2176 pro
1648 2132 1711 2166 illis
1745 2133 1823 2166 ratis

1064 2188 1209 2216 evitetur.

1108 2232 1144 2264 X.
1167 2231 1412 2275 Propositiones
1431 2236 1462 2264 et
1472 2231 1611 2274 partitae
1632 2241 1688 2264 seu
1706 2231 1821 2264 bellet-

1064 2281 1201 2314 tationes
1231 2290 1345 2313 omnes
1374 2280 1407 2312 in
1437 2280 1584 2313 conciliis
1613 2279 1780 2314 faciendae
1805 2291 1822 2312 a

1064 2329 1190 2363 notario
1209 2339 1267 2362 seu
1288 2329 1483 2363 cancellario
1503 2335 1713 2370 annotentur,
1735 2329 1822 2364 iuxta

1063 2379 1206 2424 capitula
1226 2390 1263 2412 ex
1284 2379 1398 2412 ordine
1419 2378 1536 2413 Sacrae
1556 2378 1742 2419 Consultae,
1767 2378 1822 2412 sed

1063 2439 1127 2461 non
1153 2428 1185 2461 in
1216 2439 1281 2462 uno
1311 2428 1394 2461 libro
1415 2434 1554 2468 tantum,
1577 2428 1702 2462 scilieet
1721 2427 1822 2471 ipsius

1063 2478 1194 2518 notarii,
1216 2478 1270 2511 sed
1292 2477 1325 2510 in
1344 2477 1408 2511 alio
1434 2478 1529 2511 etiam
1556 2478 1652 2517 libro;
1679 2477 1734 2520 qui
1763 2487 1821 2520 pro

1064 2526 1223 2560 riscontro
1239 2527 1403 2567 inserviat,
1426 2532 1456 2560 et
1476 2527 1563 2572 apud
1582 2531 1731 2569 regentes
1746 2536 1822 2559 con-

1063 2580 1218 2617 servetur,
1232 2576 1264 2609 in
1284 2587 1349 2620 quo
1361 2577 1400 2610 ab
1413 2577 1526 2609 eodem
1547 2575 1820 2616 notario,cadem-

1065 2630 1129 2657 met
1149 2624 1213 2665 dic,
1236 2635 1299 2668 qua
1313 2625 1430 2669 partita
1442 2631 1471 2658 ct
1487 2624 1726 2658 bollettationcs
1741 2623 1820 2656 alia-

1064 2684 1127 2717 que
1147 2675 1314 2708 actasacta
1336 2675 1467 2714 suerint,
1493 2674 1590 2707 scribi
1621 2679 1651 2706 et
1673 2672 1820 2705 annotari

1063 2723 1212 2758 debeant.

1838 292 1891 320 An.
1905 291 1934 320 C.
1954 292 2022 322 1590

1861 885 1902 911 Qui
1916 886 1936 905 ln
1957 886 2018 906 iudi-

1836 917 1889 937 cium
1900 919 1961 937 tract·
1971 917 2020 937 Ine*

1835 947 1889 971 rint,
1918 948 1943 967 de
1967 953 2022 973 pro—

1837 979 1881 1004 prie
1918 983 2024 1004 expensas

1836 1008 1922 1037 solvere
1937 1009 2016 1029 debent

1866 1210 2002 1232 Reticiendae
2011 1218 2022 1231 a

1838 1242 1900 1263 victis
1907 1248 2014 1268 expensae

1850 1495 1922 1516 Status
1929 1497 2022 1517 exactio-

1837 1527 1999 1553 nispautimenti

1864 2248 1915 2268 Acta
1935 2248 2020 2268 consilii

1837 2280 1913 2306 duplici
1931 2280 1950 2299 in
1967 2279 2021 2299 libro

1837 2312 1961 2331 atinotandn,
