2226 3070
203 319 251 346 An.
269 319 299 347 c.
317 317 384 345 1588
430 306 495 341 332

228 2014 311 2034 Poenae
323 2014 396 2032 contra

214 2041 332 2067 portionem
365 2041 398 2060 his

214 2068 315 2089 militibus
347 2067 398 2087 assi·

214 2097 297 2120 gnatam
308 2100 348 2115 non
359 2094 398 2114 svl-

215 2123 293 2141 ventes.

401 365 480 399 siam
500 363 654 403 revocari,
672 368 723 396 aut
738 362 878 405 aliquam
898 359 1073 392 laesionem
1088 359 1143 391 Ca-

401 429 508 451 merae
530 417 745 461 Apostolicae,
769 419 888 447 attento
918 413 1005 456 quod
1031 412 1142 444 huius-

402 472 489 506 modi
502 472 719 505 emolumenta
733 474 760 501 et
775 467 918 500 redditus
931 467 959 499 ei
977 476 1142 508 nunquam

402 525 605 568 incorporata
640 523 777 557 suerunt,
801 531 859 552 nec
881 520 920 552 ad
941 530 1011 552 eam
1032 528 1143 562 perve-

402 583 528 613 nerunt,
552 574 717 620 praetendi
738 584 830 617 posse
850 573 898 605 vel
920 572 1047 605 debere.
1069 570 1144 609 Qui-

402 681 588 725 signationis
609 680 713 724 ipsum
734 679 906 721 collegium
934 677 1051 710 lucrari
1073 677 1146 709 inde

403 745 534 779 quoquo
555 735 652 767 modo
673 738 787 776 potest,
812 732 843 765 id
863 732 891 764 ei
912 742 969 775 per
988 741 1064 770 nos,
1088 730 1146 763 do-

403 789 531 822 natione
563 798 661 831 pura,
696 796 784 818 mera
816 791 843 818 et
880 784 1080 817 irrevocabili
1111 794 1147 816 ac

403 847 558 885 perpetua
571 841 725 873 donatum
743 849 810 871 esse
826 844 854 872 et
876 837 1010 875 censeri,
1027 848 1062 869 ac
1083 843 1147 869 tam
1165 851 1166 858 ι

405 894 463 938 ipsi
502 893 638 935 collegio
689 892 826 924 militum
870 892 1144 928 Lauretanorum,

405 946 542 980 exactori
562 956 618 979 seu
639 945 790 977 ministris
822 944 861 977 ad
882 943 1091 985 exigendum,
1115 947 1148 974 ut

405 1000 592 1044 praefertur,
616 998 801 1042 deputandi,
826 1007 922 1040 qnam
954 996 1052 1040 ipsius
1077 1006 1149 1028 exa-

405 1053 546 1087 ctoribus
573 1064 628 1085 seu
658 1051 810 1084 ministris
838 1061 897 1094 pro
918 1056 1062 1093 tempore
1094 1049 1149 1082 de-

405 1106 522 1151 putatis
535 1105 678 1139 redditus
691 1110 718 1137 et
734 1104 953 1137 emolumenta
965 1102 1149 1135 huiusmodi

407 1159 563 1202 exigendi.
588 1170 624 1191 ac
644 1158 751 1197 etiam,
774 1163 810 1190 ut>
829 1157 976 1195 diximus,
1005 1156 1072 1188 sine
1092 1155 1149 1188 ali-

407 1213 497 1246 cuius
514 1212 644 1245 alterius
660 1211 787 1244 licentia
801 1216 855 1243 aut
874 1210 1026 1242 mandato
1046 1208 1150 1241 eidem

407 1267 554 1309 collegio,
579 1266 685 1299 eiusve
706 1264 906 1309 depositariis
930 1274 986 1296 seu
1006 1263 1152 1296 officiali-

407 1322 466 1353 bus
487 1320 642 1364 quidquid
664 1319 825 1361 exegerint
847 1317 993 1351 tradendi
1026 1322 1054 1350 et
1077 1327 1152 1349 con-

407 1374 566 1416 signandi,
590 1384 626 1405 ac
654 1372 799 1416 personis
826 1371 866 1403 ad
896 1370 928 1403 id
959 1381 1016 1414 per
1048 1370 1152 1413 ipsum

408 1428 502 1461 etiam
524 1427 695 1469 collegium
716 1425 918 1470 deputandis,
936 1425 990 1457 illa
1010 1429 1153 1468 postmo-

409 1481 485 1514 dum
506 1490 564 1524 pro
578 1485 645 1512 rata
663 1478 795 1521 singulis
814 1477 977 1511 mensibus
1004 1488 1059 1510 seu
1077 1477 1154 1509 alias

409 1535 491 1567 inter
511 1533 627 1566 milites
646 1533 842 1566 Lauretanos
867 1531 977 1575 aequis
997 1530 1153 1574 portioni-

409 1588 469 1620 bus
499 1586 729 1625 distribuendi,
765 1591 816 1618 aut
854 1590 977 1628 partem
1014 1584 1154 1627 aliquam

410 1640 546 1683 collegio
567 1639 749 1672 benc-,visam
770 1649 829 1682 pro
850 1638 1010 1675 mercede,
1035 1637 1154 1681 stipen-

411 1694 470 1727 diis
491 1699 545 1726 aut
562 1693 712 1726 onorario
726 1691 912 1725 officialium
931 1691 1074 1724 eiusdem
1089 1692 1155 1723 col-

411 1747 500 1789 legii,
531 1752 583 1779 aut
614 1757 673 1790 pro
705 1745 741 1778 iis
768 1745 822 1788 qui
854 1744 1156 1786 congregationiluls

411 1800 649 1839 intervenerint,
683 1798 882 1832 concedendi
915 1804 945 1830 et,
974 1798 1156 1840 assignandi

412 1855 539 1898 plenam
560 1859 590 1886 et
609 1853 743 1885 liberam
764 1863 821 1896 per
838 1857 1022 1896 praesentes
1043 1851 1156 1884 tribui-

414 1918 484 1940 mus
504 1907 696 1940 facultatem.

457 1962 472 2004 g
494 1961 523 1993 7.
548 1960 605 1999 Qui
627 1966 733 1993 autem
755 1970 791 1992 ex
811 1958 1074 2002 procuratorilms
1094 1958 1157 1991 sive

413 2014 672 2047 sollicitatoribus
693 2013 867 2056 gratiarum
888 2012 1088 2050 huiusmodi,
1106 2018 1157 2045 aut

415 2080 449 2101 ex
482 2068 557 2112 ipsis
589 2068 743 2112 partibus,
776 2077 913 2110 quarum
940 2066 1160 2110 principaliter

415 2122 556 2161 interest,
570 2131 634 2154 non
648 2122 739 2159 facta,
753 2126 805 2153 aut
820 2131 877 2163 per
890 2119 1041 2152 dilectum
1057 2119 1159 2152 tilium

414 2176 576 2210 Datarium
602 2187 657 2209 seu
682 2174 904 2208 Prodatarium
936 2179 1081 2207 nostrum
1113 2174 1159 2206 vel

414 2229 550 2263 Romani
569 2228 732 2262 Pontificis
753 2238 811 2272 pro
833 2233 977 2272 tempore
998 2227 1159 2260 existentis

415 2292 480 2315 non
502 2282 681 2315 condonata
711 2286 742 2314 et
772 2281 915 2317 remissa,
939 2280 998 2313 sibi
1020 2291 1056 2312 ex
1087 2290 1159 2323 spe-

416 2335 487 2368 ciali
508 2334 609 2377 gratia
624 2345 682 2378 pro
697 2345 733 2367 ea
745 2334 812 2367 vice
831 2339 954 2367 tantum
975 2332 1159 2367 huiusmodi

415 2387 592 2421 solutiones
620 2387 810 2431 praedictas,
834 2386 1084 2430 supplicationes
1104 2397 1161 2419 seu

417 2440 566 2474 caedulas
587 2440 746 2483 expedire,
764 2445 815 2473 aut
831 2439 1002 2482 collegium
1023 2439 1160 2472 militum

416 2494 669 2527 Lauretanorum
684 2493 716 2526 in
737 2493 973 2531 emolumentis,
985 2498 1020 2525 ut
1040 2492 1160 2525 dictum

417 2552 473 2587 est,
497 2546 663 2589 assignatis
683 2552 712 2579 et
731 2546 896 2591 applicatis
922 2546 1085 2585 fraudare,
1109 2550 1162 2578 aut

417 2600 480 2633 illis
500 2600 545 2633 sie
566 2599 718 2643 expeditis
739 2599 783 2632 uti
805 2599 1049 2642 quomodolibet
1068 2609 1161 2642 prae-

418 2652 613 2697 sumpserint
632 2663 688 2685 sen
714 2652 967 2696 procuraverint,
991 2662 1103 2685 omnes
1132 2656 1163 2684 et

418 2705 559 2749 singulas
589 2705 775 2745 sententias,
800 2715 950 2738 censuras
982 2710 1013 2738 et
1041 2715 1162 2749 poenas

1162 598 1163 607 ,
1180 571 1271 603 dictis
1292 571 1389 603 modo
1410 571 1518 614 aliquo
1547 571 1762 604 fraudaverim
1783 572 1823 604 ad
1842 572 1923 605 inte-

402 631 490 663 nimo
512 629 542 662 id
564 634 676 664 totum,
692 627 777 670 quod
794 636 851 670 pro
871 631 939 658 rata
959 624 1075 668 prioris
1095 634 1145 656 as·
1162 650 1164 652 .

984 310 1168 336 BULLARIUM
1187 309 1340 334 ROMANUM
1935 311 1984 338 An.
2003 311 2032 338 C.
2053 309 2120 339 1588

1176 357 1208 390 in
1224 357 1403 390 litterarum
1417 357 1666 400 apostolicarum
1685 359 1828 392 falsarios
1845 370 1920 404 pro-

1178 412 1347 453 mulgatas,
1372 411 1537 444 incurrant
1557 422 1595 444 eo
1615 411 1696 456 ipso.

1222 463 1287 507 3³8.
1312 464 1347 497 Et
1379 464 1403 496 si
1432 464 1508 507 quid
1537 470 1600 497 tam
1628 465 1687 508 ipsi
1719 476 1814 508 quam
1847 466 1921 499 dicti
1956 478 2038 499 Poenae
2050 480 2122 498 sonim

1938 505 2044 525 numurus
2060 505 2122 524 rulle-

1179 517 1304 558 collcgii
1327 523 1489 550 exactores
1520 529 1576 551 seu
1605 518 1741 551 ministri
1763 530 1799 552 ex
1830 530 1922 563 prae·
1939 537 1996 577 5:33
1999 531 2071 578 33:312„
2087 531 2122 551 de·

1179 634 1265 656 resse
1278 623 1337 667 ipsi
1352 624 1488 666 collegio
1506 624 1643 657 militum
1657 625 1921 665 Lauretan01·um‚

1181 689 1217 711 ae
1237 678 1277 711 ad
1300 678 1534 712 restituendum
1561 690 1616 712 seu
1646 680 1834 713 solvendum
1866 681 1926 713 du-

1181 731 1255 775 plici
1276 731 1343 764 eius
1364 732 1452 775 quod
1483 732 1541 775 ipsi
1568 733 1703 775 collegio
1726 733 1870 774 debetur,
1895 733 1926 766 in

1182 790 1318 828 utroque
1339 785 1423 823 soro,
1447 796 1483 818 ac
1504 785 1599 818 etiam
1630 792 1665 819 ut
1694 786 1859 820 manifeste
1879 787 1927 820 su-

1182 849 1232 871 res
1253 838 1377 871 actione
1397 838 1471 871 furti
1498 844 1682 877 teneantur.
1707 851 1743 873 ac
1764 840 1924 878 infamiae,

1183 897 1211 924 et
1233 891 1302 923 aliis
1322 891 1353 923 in
1367 891 1452 923 sures
1470 897 1500 924 et
1516 892 1682 935 peculatus
1698 893 1840 926 criminis
1857 903 1929 926 reos

1183 944 1326 977 notorios
1368 944 1613 988 quomodolibet
1651 945 1779 979 inflictis
1816 946 1929 990 poenis

1184 996 1381 1029 subiaceant.

1229 1050 1294 1093 §tt
1326 1051 1369 1083 Ac
1397 1050 1528 1093 insuper
1558 1051 1690 1084 eaedem
1721 1051 1929 1095 supplicatio·
1970 1061 2129 1090 Expeditiones.

1184 1114 1240 1136 nes
1261 1114 1316 1135 seu
1337 1103 1490 1136 caedulae
1511 1103 1578 1136 sine
1597 1103 1681 1137 dicta
1695 1104 1854 1137 solutione
1874 1115 1929 1137 seu
1944 1087 2130 1140 ¹1²0⁰g¹¹sn⁵ssk¹l²=¹3nfisslss

1186 1156 1423 1189 condonatione
1453 1161 1481 1189 et
1517 1156 1672 1189 exactoris
1703 1168 1758 1190 seu
1794 1141 2129 1190 minis'iri{iffe'slssaml‘lf'ffl‘

1185 1209 1419 1253 subscriptione
1447 1219 1505 1252 pro
1537 1214 1681 1252 tempore
1711 1209 1876 1253 expeditae
1902 1215 1933 1243 et

1186 1262 1382 1304 registratae,
1407 1268 1437 1295 et
1457 1262 1576 1304 gratiae
1604 1262 1636 1294 in
1663 1262 1724 1295 illis
1749 1268 1929 1303 contentae,

1188 1315 1375 1358 litteraeque
1388 1315 1446 1348 sub
1459 1315 1593 1359 plumbo
1611 1326 1667 1348 seu
1685 1315 1716 1348 in
1737 1316 1839 1349 forma
1859 1316 1933 1349 bre-

1188 1367 1232 1400 vis
1252 1378 1349 1411 super
1368 1368 1417 1401 his
1438 1368 1600 1401 consectae
1618 1368 1679 1401 sint
1697 1369 1815 1409 nullae,
1833 1374 1862 1401 et
1876 1368 1934 1402 ha-

1188 1421 1324 1454 beantur
1345 1421 1471 1464 penitus
1502 1431 1560 1464 pro
1588 1421 1722 1459 insectis,
1746 1422 1935 1466 nullamque

1189 1474 1219 1506 in
1242 1474 1361 1507 iudicio
1381 1474 1430 1507 vel
1462 1479 1549 1507 extra
1580 1474 1658 1507 illud
1679 1485 1810 1518 prorsus
1837 1475 1934 1508 fidem

1189 1527 1315 1567 saciant,
1339 1538 1444 1571 neque
1465 1527 1561 1560 etiam
1582 1528 1613 1560 in
1634 1529 1703 1562 soro
1722 1528 1935 1562 conscientiae

1189 1581 1414 1623 suffragentur.

1235 1636 1249 1679 ξ
1271 1634 1322 1668 10.
1347 1636 1381 1668 Et
1403 1635 1630 1676 nihilominus,
1655 1637 1694 1669 ad
1719 1636 1934 1670 abundantio-
1971 1645 2134 1676 sumansu-qi-

1190 1699 1257 1722 rem
1286 1689 1455 1729 cautelam,
1480 1689 1628 1722 universo
1661 1695 1689 1723 et
1717 1695 1934 1723 trecentorum
1950 1679 2028 1721 fii'ssliaei'}
2065 1674 2134 1699 νοω

1191 1742 1329 1775 militum
1350 1742 1486 1785 collegio
1506 1743 1670 1786 praedicto
1691 1743 1800 1777 omnia
1820 1749 1850 1777 et
1870 1744 1935 1777 sin-

1191 1796 1266 1838 gula
1286 1796 1347 1828 alia
1371 1796 1529 1835 redditus,
1554 1803 1726 1840 proventus
1755 1803 1786 1830 et
1812 1798 1936 1831 emolu-

1192 1855 1299 1882 menta
1338 1850 1480 1883 eiusdem
1517 1851 1673 1890 Datariae,
1714 1862 1938 1895 quaecumque

1192 1902 1264 1939 sint,
1288 1902 1469 1945 specialiter
1489 1908 1517 1935 ct
1539 1913 1685 1946 expresse
1706 1903 1887 1946 obligamus
1908 1910 1939 1937 et

1193 1955 1445 1999 bxpothecamus
1454 1967 1461 1995 ;
1476 1956 1688 1999 volumusque
1702 1957 1790 2000 quod
1807 1957 1938 1990 ultimo-

1193 2008 1277 2042 dicta
1308 2009 1429 2042 incerta
1456 2009 1683 2049 emolumenta,
1707 2009 1811 2043 eidem
1840 2011 1938 2044 eolle-

1193 2062 1256 2104 gio,
1280 2068 1314 2095 ut
1334 2063 1523 2106 praefertur,
1548 2063 1707 2105 assignata
1737 2063 1806 2096 aliis
1827 2064 1938 2097 decem

1194 2115 1335 2148 millibus
1356 2121 1386 2148 et
1410 2116 1652 2159 quadringentis
1683 2117 1780 2150 scutis
1810 2117 1938 2161 praedi-

1194 2168 1251 2202 ctis
1273 2168 1434 2209 adiuncta,
1448 2174 1478 2202 et.
1497 2174 1532 2202 ut
1552 2169 1731 2213 praefertur
1749 2169 1843 2202 simul
1865 2181 1938 2203 eum

1194 2222 1255 2255 illis
1276 2222 1307 2255 in
1328 2233 1425 2255 unam
1455 2234 1615 2256 summam
1646 2229 1676 2256 et
1702 2234 1840 2257 massam
1860 2234 1938 2258 con—

1194 2282 1298 2319 gesta,
1329 2277 1460 2309 confusa
1489 2282 1519 2310 et
1550 2277 1581 2309 in
1611 2287 1712 2310 unum
1740 2288 1856 2322 corpus
1887 2288 1938 2311 re-

1195 2330 1286 2362 dacta
1307 2340 1324 2362 a
1344 2329 1488 2363 kalendis
1504 2329 1622 2363 mensis
1639 2329 1774 2363 ianuarii
1794 2330 1939 2374 proxime

1195 2382 1302 2423 futuri,
1326 2388 1391 2416 tam
1411 2393 1469 2427 pro
1498 2383 1573 2427 ipsis
1597 2383 1809 2426 quadraginta
1835 2383 1935 2422 novis,

1195 2447 1291 2480 quam
1313 2436 1445 2470 caeteris
1463 2436 1607 2470 ducentis
1626 2442 1657 2470 et
1672 2436 1835 2479 sexaginta
1850 2436 1938 2481 prio-

1195 2490 1284 2524 ribus
1301 2490 1466 2529 militibus,
1481 2490 1595 2523 eodem
1609 2491 1707 2524 modo
1718 2501 1755 2523 ac
1775 2490 1799 2523 si
1820 2500 1938 2533 aequa-

1196 2543 1267 2576 liter
1297 2543 1431 2576 consilio
1463 2548 1492 2576 et
1524 2554 1655 2576 assensu
1686 2543 1717 2575 in
1750 2543 1938 2577 consistorio

1196 2602 1305 2630 nostro
1326 2596 1555 2636 emanaverint,
1578 2596 1626 2629 vel
1658 2596 1745 2639 quod
1772 2595 1938 2628 alienatio-

1196 2660 1252 2682 nes
1269 2654 1297 2682 et
1317 2648 1540 2682 concessiones
1556 2649 1741 2682 reddituum
1754 2647 1937 2680 huiusmodi

1196 2714 1268 2736 cum
1290 2702 1545 2736 solemnitatibus
1569 2702 1683 2736 debitis
1709 2702 1794 2735 iuxta
1820 2701 1938 2735 consti-
