2226 3070
204 229 257 257 An.
274 229 303 257 c.
322 230 389 258 1588
446 221 488 255 36

1006 231 1186 257 BULLARIUM
1206 231 1357 258 ROMANUM

1967 235 2019 263 An.
2036 235 2066 264 C.
2085 236 2152 266 1588

404 282 738 324 concilii,Tridentini,
750 284 959 327 procedendi,
971 284 1158 318 sententias·
1200 283 1296 317 modo
1312 284 1451 328 pendeat
1471 286 1642 319 commissa
1662 296 1759 320 causa
1778 287 1952 321 discussio·
1968 297 2152 319 restituendoetc.

404 345 467 378 que
488 345 544 368 seu
574 335 724 369 mandata
753 348 812 380 per
836 347 911 370 eum
932 347 990 380 pro
1012 342 1158 380 tempore

404 388 484 421 latas
503 399 560 421 seu
582 389 731 430 relaxata,
753 389 880 423 debitae
898 389 1081 423 executioni
1103 389 1158 423 de-

404 442 590 482 mandandi,
611 443 675 476 sire
696 443 885 476 demandari
902 442 1051 476 faciendi.
1076 443 1159 476 Con-

405 495 597 529 tradictores
617 496 780 539 quoslibet.
800 501 831 528 et
855 495 992 528 rebelles
1011 506 1048 529 ac
1068 506 1160 540 prae-

404 549 510 582 missis
531 549 646 593 quoris
663 553 829 592 praetextu
841 559 906 582 non
927 555 1090 593 parenteS,
1104 560 1162 594 per

405 613 559 636 censuras
579 603 811 636 ecclesiasticas
831 614 868 636 ac
888 603 984 637 etiam
1005 603 1160 648 pecunia-

405 657 469 689 rias
495 667 628 700 poenas,
652 657 780 701 aliaque
812 663 998 701 opportuna
1031 658 1112 691 iuris
1133 663 1163 691 et

406 710 480 743 t'aeti
519 710 674 751 remedia,
716 711 938 756 appellatione
972 713 1162 756 postposita,

406 764 664 806 compescendo,
695 764 921 809 auxiliumque
945 765 1070 799 brachii
1093 776 1163 798 sae-

406 816 525 849 cularis
545 816 584 849 ad
604 817 679 857 hoc,
702 817 728 851 si
748 828 831 862 opus
847 818 955 859 suerit,
976 818 1160 859 invocandi,

405 869 531 913 aliaque
548 870 656 903 omnia
673 876 703 903 et
720 871 847 914 singula
867 871 900 904 in
921 872 1110 916 praemissis
1135 877 1164 904 et

405 923 492 956 cirea
512 934 549 957 ea
569 924 815 967 quomodolibet
840 925 1027 959 necessaria
1050 930 1081 958 et
1107 935 1165 968 op-

407 982 547 1020 portuna
568 977 718 1018 faciendi,
741 978 881 1019 dicendi,
911 978 1058 1022 gerendi,
1093 988 1166 1011 exe-

406 1030 540 1073 quendi,
566 1041 603 1063 ac
631 1041 706 1063 eum
734 1031 804 1064 aliis
825 1031 1032 1065 facultatibus
1057 1031 1096 1065 ad
1131 1030 1166 1063 id

404 1083 650 1127 quomodolibet
687 1085 890 1125 necessariis,
918 1085 1113 1125 auctoritate
1136 1087 1167 1118 et

417 1143 528 1170 tenore
561 1137 746 1181 praedietis,
768 1138 916 1172 similiter
940 1143 1098 1183 perpetuo
1120 1139 1166 1172 sa-

414 1191 528 1231 eimus,
544 1191 770 1225 constituimus
784 1192 1030 1236 etdeputamus,
1041 1192 1167 1236 sibique

411 1245 554 1288 plenam,
574 1244 709 1277 liberam
731 1245 917 1279 facultatem
938 1251 1034 1290 atque
1054 1251 1166 1279 aueto-

411 1297 537 1330 ritatem
559 1297 657 1331 etiam
669 1298 877 1332 concedimus
893 1305 923 1332 et
943 1299 1163 1343 impartimur.

453 1351 468 1393 ξ
493 1351 524 1384 6.
542 1352 759 1385 Decernentes
783 1352 870 1394 quod
893 1363 911 1385 a
937 1363 996 1395 pro
1020 1358 1166 1396 tempore

229 1410 243 1429 A
259 1414 320 1444 sums
340 1414 393 1429 ⁵0¹¹-
410 1404 572 1437 existentis
591 1405 746 1445 doctoris,
760 1410 795 1438 ut
815 1406 1011 1448 praefertur,
1030 1405 1123 1438 electi
1136 1411 1167 1438 et

208 1444 287 1491 iiiiii,
311 1440 392 1491 oiseii-¹
409 1457 564 1501 deputati,
588 1457 768 1499 sententiis,
793 1457 964 1499 mandatis,
986 1458 1165 1492 ordinatio-

207 1502 392 1553 ζζζξζᾞοῇῥᾙῌζ
408 1510 503 1543 nibus
529 1516 560 1543 et
587 1511 726 1544 decretis
755 1511 942 1544 nullatenus
976 1512 1165 1555 suspensive

208 1564 272 1620 2³02&
287 1563 391 1615 gfffr'ffl'
408 1564 577 1608 appellari,
596 1564 779 1604 reclamari,
798 1565 837 1598 de
853 1564 1000 1598 nullitate
1017 1565 1166 1606 diei‚sive

409 1618 656 1661 quomodolibet
676 1618 827 1651 adversus
848 1618 914 1658 illa,
943 1619 982 1651 ad
1014 1618 1164 1652 effectum

410 1671 608 1715 impediendi
649 1682 705 1704 seu
748 1671 968 1715 suspendendi
1004 1672 1165 1705 executio-

409 1735 496 1769 nem,
519 1724 651 1768 aliquod
678 1724 859 1758 remedium
885 1725 1035 1758 attentari
1066 1726 1165 1769 possit

409 1778 600 1818 devolutive,
628 1784 684 1811 aut
704 1778 802 1811 semel
823 1783 947 1811 tantum
973 1789 1032 1823 pro
1058 1780 1163 1823 quali-

409 1832 462 1865 bet
486 1836 575 1875 parte
596 1832 688 1865 liceat
715 1832 893 1875 appellare,
922 1837 953 1866 et
979 1833 1040 1865 alia
1061 1843 1164 1867 reme-

410 1885 631 1918 diaintentare
645 1895 754 1918 coram
772 1896 832 1929 pro
849 1892 997 1929 tempore
1018 1886 1163 1920 existenti

410 1938 503 1970 Urbis
514 1939 742 1981 gubernatore,
765 1949 821 1971 seu
843 1938 907 1971 alio
923 1939 1029 1972 iudiec
1041 1940 1080 1972 ab
1094 1940 1163 1983 ipso

409 1992 626 2034 gubernatore
653 1992 873 2032 nominando;
902 1992 931 2025 ei
958 2003 1033 2026 vero
1066 1986 1161 2037 parti,

410 2055 493 2088 quae
518 2045 616 2077 semel
637 2044 825 2088 appellavit,
851 2045 994 2078 secundo
1012 2046 1059 2078 vel
1081 2046 1163 2080 ulte-

412 2099 479 2131 rius
498 2098 624 2131 sublata
640 2098 679 2131 sit
700 2098 805 2131 omnis
825 2103 855 2131 et
866 2109 1094 2143 quaecumque
1109 2111 1164 2143 ap-

411 2152 553 2195 pellatio,
576 2152 631 2185 sed
656 2152 739 2185 duae
764 2153 940 2186 sententiae
967 2153 1161 2194 conformes,

411 2206 589 2249 plenariam
605 2206 828 2240 executionem
849 2206 1026 2248 obtineant,
1051 2218 1088 2241 ac
1108 2206 1163 2240 fir-

412 2270 483 2292 mae
499 2264 530 2292 et
550 2259 690 2293 illibatae
711 2266 935 2304 permaneant,
958 2271 994 2294 ac
1014 2260 1039 2294 si
1060 2267 1165 2294 essent

414 2319 476 2345 tres
495 2313 689 2346 conformes.

286 2396 397 2416 Nummos
457 2365 522 2409 57.
550 2366 594 2399 Ac
621 2366 753 2399 nullitas
779 2367 903 2411 aliqua,
931 2368 1072 2412 exceptis
1107 2369 1164 2402 tri-

212 2414 472 2453 tressubsmnua—bus
492 2414 769 2455 substantialibus,
801 2417 923 2460 opponi
952 2417 1042 2450 nullo
1068 2418 1164 2452 modo

212 2450 341 2502 {legisti-legari
353 2454 398 2476 per·
412 2463 522 2508 possit.

457 2512 472 2555 ξ
497 2511 528 2546 8.
556 2512 593 2545 Et
618 2511 694 2545 lieet
722 2512 761 2545 ad
794 2513 979 2547 instantiam
1009 2524 1165 2558 quorum·

241 2564 264 2585 ¹¹¹
281 2565 350 2585 0³¹²&ss
364 2563 398 2584 ‘¹1-
414 2571 555 2605 cumque
576 2561 753 2595 haeredum
775 2572 831 2596 seu
851 2564 1073 2606 quorumlibet
1087 2564 1165 2599 alio-

214 2592 348 2612 seussionum
360 2591 397 2611 da-

213 2622 233 2639 m
251 2619 350 2640 cautione
372 2618 397 2639 ‹10
414 2621 486 2646 rum
517 2609 738 2646 committatur
762 2611 794 2645 in
818 2611 977 2654 futurum,
999 2613 1048 2648 vel
1068 2613 1164 2648 etiam

1200 336 1250 369 nis
1261 337 1400 371 alicuius
1418 337 1639 379 haereditatis,
1651 346 1682 372 et
1698 339 1785 373 dicto
1800 340 1953 385 hospitali
1968 329 2154 381 ffffigbn'ssffffincffss

1201 400 1257 423 seu
1279 390 1366 423 illius
1395 390 1711 425 administratoribus
1736 393 1784 426 vel
1806 394 1953 427 officiali-
1970 392 2043 445 {ffmssd
2060 392 2152 414 ⁵⁰¹Ven'

1201 443 1261 476 bus
1281 448 1311 477 et
1336 443 1503 485 ministris,
1534 444 1629 478 etiam
1660 445 1777 479 virtute
1802 448 1954 481 commis·
2020 440 2024 445 ’

1202 495 1313 537 sionis,
1337 497 1433 530 suerit
1458 498 1646 539 inhibitum,
1679 504 1788 532 tamen
1814 509 1854 533 ne
1882 511 1955 534 exa-

1203 549 1265 583 ctio
1286 551 1484 584 creditorum
1506 552 1537 585 in
1559 551 1797 596 praeiudicium
1814 553 1956 597 hospita-

1203 603 1243 636 lis
1265 603 1453 638 huiusmodi
1482 606 1703 650 protrahatur,
1738 606 1812 639 data
1840 605 1956 640 idonea

1205 657 1354 691 cautione
1379 669 1437 702 per
1462 659 1563 693 dictos
1583 659 1870 700 administratores,
1886 660 1956 693 offi-

1206 709 1303 743 ciales
1328 721 1384 744 seu
1406 712 1582 754 ministros,
1597 713 1636 746 de
1650 713 1850 747 restituendo
1870 724 1958 747 sum-

1206 773 1292 796 mam
1325 764 1465 798 debitam
1491 765 1524 798 in
1561 773 1709 800 eventum
1740 768 1956 801 succumben-

1206 816 1269 850 tiae
1286 817 1450 860 prioribus
1472 824 1503 851 et
1522 819 1703 863 potioribus
1727 820 1957 861 creditoribus,

1207 881 1265 914 pro
1295 876 1441 914 tempore
1469 872 1607 906 existens
1633 873 1746 906 doctor
1775 874 1960 917 praedictus

1209 924 1340 957 eosdem
1361 925 1518 960 haeredes
1538 926 1603 960 sive
1628 927 1708 960 alios
1736 938 1961 971 quoscumque

1209 977 1384 1019 debitores,
1407 972 1629 1023 seu'ipsorum
1661 980 1851 1024 quemlibet,
1873 987 1904 1014 et
1923 991 1961 1014 ex

1208 1041 1416 1075 quocumque
1439 1032 1533 1066 titulo
1562 1044 1692 1067 causam
1726 1033 1894 1075 habentes,
1921 1035 1960 1068 ad

1209 1084 1469 1119 satisfaciendum
1483 1086 1684 1129 integraliter
1703 1087 1789 1121 dieto
1809 1087 1962 1132 hospitali

1208 1138 1247 1170 de
1273 1138 1341 1172 eius
1361 1139 1483 1172 credito
1501 1139 1579 1174 iuris
1595 1146 1626 1174 et
1645 1140 1718 1173 faeti
1736 1141 1886 1175 remediis
1910 1152 1961 1175 co-

1208 1198 1261 1236 gat
1280 1199 1311 1226 et
1330 1194 1515 1238 compellat.

1253 1246 1267 1289 g
1292 1246 1322 1279 9.
1351 1247 1394 1280 Ac
1417 1246 1449 1279 in
1471 1246 1621 1280 omnibus
1649 1252 1680 1280 et
1699 1247 1836 1290 singulis
1857 1248 1962 1281 causis
2002 1259 2094 1285 Singulis
2114 1259 2161 1294 ‹ne-

1208 1299 1383 1342 praedictis
1407 1300 1447 1333 ad
1472 1300 1595 1333 dietum
1615 1300 1787 1345 hospitale,
1815 1305 1851 1334 ut
1867 1311 1961 1345 prae·
1976 1289 2162 1343 ξ’ζῇξοζοζξξξυ]

1208 1353 1321 1393 fertur,
1343 1354 1589 1397 quomodolibet
1608 1353 1840 1398 spectantibus,
1853 1354 1963 1398 singu·
1977 1353 2161 1406 ffissdss'moeffi

1208 1406 1246 1439 lis
1283 1406 1397 1440 diebus
1423 1412 1455 1440 et
1485 1407 1586 1447 horis,
1615 1406 1738 1440 seriatis
1763 1412 1795 1440 et
1827 1418 1893 1441 non
1914 1408 1961 1441 se-

1208 1460 1307 1501 riatis,
1323 1466 1554 1505 praeterquam
1575 1461 1609 1494 in
1628 1461 1787 1495 honorem
1803 1461 1871 1503 Dei,
1884 1472 1961 1507 pro-

1208 1514 1310 1547 cedat.

1252 1569 1267 1611 ξ
1291 1567 1345 1602 10.
1374 1569 1411 1602 Et
1430 1568 1594 1602 notarium
1620 1568 1802 1602 actuarium
1822 1579 1882 1614 per
1893 1579 1962 1602 eos·
2003 1584 2112 1606 Notarium
2141 1591 2160 1605 a·

1207 1623 1279 1656 dem
1299 1622 1577 1657 administratores
1597 1623 1794 1667 eligendum,
1808 1634 1845 1656 ac
1861 1623 1900 1656 ab
1917 1622 1962 1657 eis
1976 1615 2162 1668 ffifffss'ffl‘r'ffl}

1206 1681 1237 1710 et
1262 1687 1375 1710 eorum
1404 1677 1538 1710 arbitrio
1567 1687 1605 1710 ac
1636 1677 1675 1710 ad
1705 1687 1819 1710 eorum
1843 1682 1960 1710 nutum
1975 1679 2114 1730 devufflrtg·
2135 1678 2161 1729 2¹1

1206 1726 1394 1769 ponendum
1416 1731 1446 1759 et
1461 1726 1688 1767 amovendum,
1709 1736 1808 1769 quem
1829 1725 1874 1759 eis
1894 1726 1961 1769 pla·
1975 1715 2159 1768 ξῖἶῑᾬζωζυξζ..

1206 1774 1310 1808 cuerit
1342 1775 1483 1815 habeat,
1520 1775 1576 1818 qui
1609 1780 1759 1809 teneatur
1782 1775 1859 1808 dare
1890 1775 1960 1808 ido-
1974 1774 2159 1826 ξίξίᾚᾞψθ·

1205 1835 1299 1858 neam
1324 1824 1509 1858 cautionem
1537 1824 1658 1857 eisdem
1689 1824 1960 1858 administratori-
2082 1821 2086 1826 “

1205 1875 1265 1907 bus
1282 1873 1315 1907 in
1345 1874 1413 1908 eius
1439 1873 1660 1917 deputatione,
1683 1874 1722 1907 de
1746 1873 1958 1915 restituendo,

1205 1924 1327 1967 absque
1351 1923 1461 1966 aliqua
1494 1922 1709 1967 pecuniarum
1739 1922 1900 1956 solutione
1930 1929 1961 1957 et

1205 1972 1331 2012 fraude,
1354 1977 1385 2006 et
1404 1972 1492 2005 omni
1514 1982 1604 2005 mora
1625 1977 1655 2005 et
1681 1971 1835 2005 dilatione
1863 1977 1961 2016 atque

1205 2022 1396 2065 exceptione
1422 2032 1479 2055 seu
1514 2021 1722 2055 excusatione
1759 2021 1958 2064 postpositis,

1205 2071 1334 2115 quoties
1354 2072 1394 2104 ab
1423 2071 1544 2105 eisdem
1572 2069 1890 2104 administratoribus
1919 2070 1959 2103 ab

1205 2120 1392 2154 huiusmodi
1412 2120 1592 2154 notariatus
1611 2119 1717 2153 officio
1740 2124 1868 2153 amotus
1887 2120 1958 2153 sue-

1206 2170 1260 2210 rit,
1287 2180 1399 2204 omnes
1429 2175 1460 2203 et
1484 2169 1629 2213 singulas
1653 2168 1829 2213 scripturas
1848 2168 1888 2201 ad
1909 2168 1958 2201 di-

1206 2224 1292 2252 ctum
1313 2219 1483 2262 hospitale,
1506 2224 1541 2252 ut
1560 2218 1755 2262 praefertur,
1777 2218 1959 2260 quomodo-

1205 2267 1284 2301 libet
1304 2272 1497 2311 spectantes,
1520 2277 1578 2310 per
1593 2267 1724 2300 eosdem
1753 2267 1961 2301 administra-

1207 2322 1292 2350 tores
1322 2316 1405 2349 sacto
1434 2316 1472 2349 dc
1502 2316 1566 2349 illis
1600 2315 1799 2355 inventario,
1834 2316 1960 2350 notario

1206 2365 1384 2399 successori
1416 2365 1455 2398 ab
1489 2365 1610 2398 eisdem
1643 2364 1959 2398 administratoribus

1207 2414 1362 2459 deputato
1396 2414 1635 2457 consignand03
1657 2414 1811 2458 quodque
1832 2413 1959 2447 citatio-

1207 2474 1262 2497 nes
1293 2463 1326 2496 in
1352 2463 1456 2497 causis
1484 2462 1660 2507 praedictis
1685 2461 1782 2495 etiam
1813 2472 1872 2506 per
1905 2473 1959 2496 cu-

1207 2514 1273 2548 riae
1294 2513 1442 2558 Capitolii
1470 2523 1526 2546 seu
1556 2511 1636 2545 alios
1664 2521 1902 2556 quoscumque,
1924 2522 1958 2545 e-

1206 2564 1283 2596 tiam
1316 2563 1392 2596 dicti
1422 2561 1593 2607 hospitalis
1622 2559 1856 2603 mandatarius,
1886 2561 1957 2598 sieri

1206 2612 1340 2657 possint,
