2226 3070
527 271 591 304 670
1076 279 1256 303 neemanim
1282 279 1434 303 nemmem

571 343 782 377 fraternitates
802 348 926 376 exortas
947 346 1129 385 componat,
1154 340 1218 373 515
1237 352 1256 373 a
1276 346 1386 384 etseq.
1411 340 1619 375 Collationem
1639 341 1799 385 prioratus
1820 341 1859 375 de
1876 342 2024 381 Barletta,

570 397 642 430 Sedi
662 396 863 440 Apostolicae
884 400 1035 433 reservat,
1059 393 1122 425 517
1144 405 1162 425 a
1182 399 1210 426 et
1232 393 1258 426 b.

482 451 614 483 loannes
631 451 641 483 1
659 449 871 491 Portugalliae
892 454 921 481 et
944 449 1169 490 Algarbiorum
1191 459 1256 487 rex,
1281 447 1344 481 239
1365 453 1392 481 et
1416 458 1478 491 seq.
1508 447 1541 480 V.
1566 447 1662 480 etiam
1688 447 1842 481 Almerin.

482 504 615 536 loannes
634 503 671 535 Ill
692 502 767 535 item
790 513 841 534 rex
863 508 894 534 ut
916 512 1022 546 supra.
1055 502 1086 535 V.
1112 501 1241 534 ibidem.

483 556 599 589 ludaei.
627 555 659 587 V.
683 554 829 588 Ilacbrei.

480 873 674 905 Lauretanae
696 870 828 904 civitatis
854 870 974 904 civibus
995 876 1022 903 et
1045 869 1157 903 ineolis
1174 869 1342 913 privilegia
1367 875 1397 903 et
1417 869 1538 911 gratiae
1559 870 1792 911 conceduntur,
1816 869 1880 904 230
1901 871 1926 903 b.
1951 872 2030 905 Lau-

568 924 626 957 reti
652 924 819 968 qualitates
839 928 1072 957 commemorat
1093 923 1208 961 Sixtus,
1233 933 1380 966 quaeque
1402 923 1469 966 ipse
1497 923 1536 956 ad
1558 923 1642 956 illius
1667 923 1816 957 decorem
1838 934 2030 967 promoven-

567 978 643 1010 dum
666 977 785 1013 fecerit,
811 977 886 1009 ibid.
909 982 937 1009 et
959 987 1022 1020 seq.
1047 976 1214 1017 Prii-ileum
1235 976 1351 1019 quibus
1371 976 1486 1009 Sancta
1497 976 1616 1009 Domus
1635 976 1751 1009 fruitur
1772 982 1903 1010 renovat
1924 978 2030 1011 savoie

568 1030 701 1064 civitatis
721 1030 914 1073 civiumque,
939 1029 996 1062 υ231
1023 1041 1052 1062 (ι.
1077 1029 1242 1062 Nundinas
1258 1029 1403 1072 publicas
1425 1029 1544 1062 ibidem
1563 1029 1614 1062 dic
1640 1029 1879 1074 decimaquinta
1901 1041 2031 1063 novem-

568 1083 632 1116 bris
659 1083 780 1122 indicit,
809 1083 884 1115 ibid.
914 1083 939 1115 b.
965 1083 1185 1126 Exequutores
1206 1083 1338 1126 deputat
1370 1082 1540 1126 episcopos
1559 1083 1807 1116 Maceratensem
1828 1088 1859 1116 et
1879 1084 2030 1117 Laureta-

567 1148 655 1174 num,
679 1148 737 1169 nec
757 1147 821 1169 uon
835 1136 946 1169 Curiae
959 1137 1043 1170 Cam.
1060 1137 1116 1180 Ap.
1135 1135 1316 1169 auditorem
1339 1135 1533 1177 generalem,
1555 1135 1634 1168 ibid.
1651 1136 1681 1174 b‚·
1701 1136 1862 1178 derogatis
1880 1136 2031 1170 omnibus

567 1190 748 1227 contrariis,
774 1189 837 1222 2:32)
857 1200 886 1221 a.

480 1242 646 1276 Lauretani
668 1242 789 1275 Milites.
814 1242 939 1275 Erectio
968 1241 1098 1284 Collegii
1131 1242 1308 1275 biscentum
1341 1242 1503 1283 sexaginta
1534 1241 1671 1275 militum
1698 1242 1971 1283 Lauietanorum,
1995 1254 2032 1276 ac

567 1295 807 1339 privilegiorum
830 1295 874 1328 eis
895 1305 1121 1328 concessorum
1147 1295 1287 1339 syllabus
1309 1300 1513 1335 recensetur,
1541 1294 1606 1327 3224
1626 1294 1642 1327 b
1663 1300 1691 1327 et
1713 1306 1794 1338 seq.;
1817 1306 1875 1328 nec
1895 1306 1959 1328 non
1978 1296 2032 1329 sti-

567 1348 718 1392 pendium
742 1359 797 1381 seu
820 1349 941 1381 fructus
966 1358 1110 1380 summae
1140 1359 1197 1391 per
1218 1348 1334 1380 milites
1354 1348 1478 1381 solutae
1499 1348 1691 1390 assignatur,
1715 1347 1779 1380 326
1799 1359 1828 1380 a.
1852 1349 2031 1382 Declaratio

566 1402 646 1434 facta
667 1413 763 1445 super
783 1401 991 1445 pensionibus
1011 1401 1128 1444 quibus
1150 1401 1265 1434 milites
1283 1401 1353 1434 laici
1375 1400 1435 1433 frui
1457 1406 1600 1444 possunt,
1625 1400 1700 1433 ibid.
1732 1400 1758 1433 b.
1783 1401 1956 1434 Contrariis
1977 1402 2031 1435 de-

568 1455 696 1497 rogatis,
720 1454 824 1488 Sixtus
845 1455 866 1486 Y
888 1455 948 1487 alia
974 1454 1137 1496 sexaginta
1157 1454 1261 1487 officia
1284 1453 1421 1487 militum
1443 1455 1697 1487 Lauretanorum
1728 1453 1895 1497 adiungit,
1928 1454 1992 1488 3228
2012 1467 2032 1489 a

568 1514 596 1541 ct
612 1508 638 1541 b.
656 1509 793 1552 Ampliat
814 1508 1015 1552 privilegium
1040 1508 1251 1541 transferendi
1271 1507 1444 1551 pensiones
1466 1507 1561 1540 etiam
1583 1508 1690 1540 favore
1707 1507 1876 1548 laicorum,
1898 1519 2030 1542 necnon

566 1561 793 1604 bigamorum,
818 1560 881 1594 :329
902 1572 931 1594 a.
961 1562 1048 1594 Idem
1083 1561 1214 1604 insuper
1244 1561 1386 1604 pontifex
1417 1560 1561 1594 decernit.
1586 1571 1737 1594 concessa
1767 1560 1934 1604 privilegia
1966 1572 2029 1595 non

566 1615 667 1648 amitti
688 1626 746 1658 per
766 1615 1036 1658 qualemcumque
1058 1614 1242 1656 bigamiam,
1266 1614 1344 1647 ibid.
1370 1614 1395 1646 b.
1420 1614 1514 1647 Novis
1535 1614 1652 1647 deinde
1680 1613 1835 1647 militibus
1859 1624 1941 1648 nova
1969 1614 2027 1648 sti-

568 1668 683 1712 pendia
714 1668 867 1710 assignat,
891 1666 955 1700 330
975 1678 993 1700 a
1014 1674 1041 1701 et
1064 1668 1090 1700 b.
1114 1668 1293 1702 Facultates
1314 1667 1408 1701 etiam
1439 1672 1638 1711 opportunas
1670 1667 1817 1701 concedit
1847 1678 1907 1712 pro
1934 1679 2028 1702 secu-

569 1721 646 1753 riori
661 1720 821 1754 dictorum
836 1720 1061 1764 exequutione,
1078 1720 1155 1753 ibid.
1173 1721 1299 1754 Poenae
1317 1726 1428 1754 eontra
1447 1731 1511 1754 non
1524 1721 1682 1754 solventes
1694 1720 1877 1765 portionem
1891 1721 2031 1764 assigna-

569 1780 644 1814 tam,
667 1773 731 1807 332
751 1785 789 1813 (ι;
813 1780 865 1807 aut
887 1779 998 1807 contra
1017 1773 1179 1807 ministros
1200 1774 1371 1816 collegium
1394 1774 1499 1818 ipsum
1525 1774 1763 1815 defraudantes,
1792 1773 1869 1807 ibid.
1890 1774 1916 1807 b.
1945 1774 2030 1807 Alia-

567 1838 629 1871 que
649 1827 689 1860 ad
709 1827 777 1860 eius
797 1827 918 1860 bonum
939 1827 1151 1860 conducentia
1171 1832 1299 1865 statuta,
1323 1827 1400 1860 ibid.
1426 1827 1605 1861 Praesentis
1630 1827 1867 1861 constitutionis
1891 1838 2031 1871 exequu-

569 1887 654 1913 tores
674 1881 816 1924 deputati
837 1881 867 1913 C.
892 1882 927 1914 A.
952 1880 1125 1924 praesides,
1150 1891 1327 1924 omnesque
1352 1880 1405 1913 alii
1432 1880 1486 1924 qui
1514 1880 1632 1914 fuerint
1652 1891 1670 1914 a
1690 1880 1845 1914 militibus
1869 1880 2027 1924 requisiti,

568 1933 631 1967 02:33
651 1945 669 1967 a
690 1940 720 1967 et
740 1934 766 1966 b.

480 1987 639 2020 Laurentii
662 1988 721 2031 (S.)
742 1987 980 2020 Monasterium.
1005 1986 1110 2020 Sixtus
1136 1987 1157 2019 V
1186 1987 1371 2020 monasterii
1397 1987 1435 2019 de
1463 1987 1614 2020 Escurial
1643 1997 1661 2020 a
1691 1986 1839 2030 Philippo
1870 1987 1894 2020 II
1916 1987 2027 2027 erecti,

574 2040 770 2074 erectionem
792 2046 821 2073 et
842 2045 959 2073 statuta
980 2040 1238 2079 confirmaverat,
1253 2039 1317 2073 402
1329 2051 1358 2073 a.
1375 2041 1452 2074 Cum
1474 2051 1548 2074 vero
1569 2039 1715 2084 priorum
1738 2039 1910 2073 electiones
1931 2040 2032 2073 factae

568 2094 701 2127 fuissent
718 2099 792 2127 ante
810 2093 1062 2137 publicationem
1083 2094 1264 2127 litterarum
1285 2094 1548 2138 apostolicarum,
1570 2104 1624 2127 rex
1645 2093 1724 2137 petit
1737 2092 1882 2134 validari,
1897 2092 1975 2126 ibid.
2000 2093 2026 2126 b.

570 2148 640 2180 lllas
660 2147 777 2180 validat
800 2147 940 2191 pontifex
957 2158 1021 2180 una
1043 2158 1114 2180 cum
1137 2147 1213 2181 actis
1234 2148 1308 2180 inde
1328 2147 1482 2191 sequutis,
1508 2147 1585 2180 ibid.

482 2200 574 2233 Lellis
588 2201 664 2243 (de)
686 2200 835 2234 Camillus
853 2207 946 2245 caput
968 2206 997 2233 et
1019 2201 1170 2234 fundator
1190 2200 1453 2244 Congregationis
1478 2200 1616 2234 lnfirmis
1637 2199 1899 2240 Ministrantium,
1923 2198 1986 2233 479
2012 2211 2030 2232 a

570 2259 600 2286 et
618 2264 681 2297 seq.

479 2306 565 2339 Liliis
586 2307 651 2349 (de)
672 2307 807 2339 Annibal
829 2313 859 2340 ct
880 2308 1024 2348 loannes,
1038 2308 1266 2348 Bononienses,
1282 2307 1424 2341 officium
1446 2307 1666 2351 praefecturae
1686 2305 1845 2350 generalis
1863 2316 2030 2340 carcerum

568 2359 599 2392 in
619 2360 706 2393 Statu
727 2360 948 2394 Ecclesiastico
969 2361 1072 2405 pretio
1093 2361 1276 2405 acquirunt,
1300 2361 1359 2395 531
1389 2372 1418 2394 (ι.

479 2414 607 2447 Lucana
626 2413 775 2446 Ecclesia.
799 2414 972 2456 Gregorius
994 2415 1059 2448 Xlll
1081 2414 1113 2447 in
1135 2415 1238 2448 causis
1258 2414 1455 2448 vertentibus
1480 2414 1564 2447 inter
1591 2413 1778 2458 episcopum
1800 2418 1829 2446 et
1851 2412 2029 2457 Capitulum

567 2467 730 2499 Lucanum
763 2466 884 2499 iudices
904 2467 1078 2511 deputavit,
1102 2467 1159 2500 321
1184 2479 1224 2504 (1¹.
1248 2468 1302 2512 qui
1327 2478 1425 2511 super
1445 2467 1666 2500 iurisdictione
1695 2466 1870 2510 unicuique
1901 2476 2031 2509 compe-

569 2519 645 2552 tenti
676 2519 952 2563 p1'onunciai·unt„
976 2520 1052 2553 ibid.
1082 2521 1158 2554 Cum
1184 2532 1258 2554 vero
1287 2520 1444 2565 capellani
1464 2531 1481 2553 a
1501 2520 1598 2554 laudo
1628 2520 1862 2563 appellassent,
1886 2519 2031 2552 Pontifex

568 2573 665 2605 alium
688 2572 826 2606 iudicem
848 2573 1006 2616 deputatis
1027 2574 1160 2615 addidit,
1190 2574 1266 2608 ibid.
1291 2575 1328 2614 b,
1357 2579 1387 2607 et
1406 2579 1517 2618 postea
1542 2573 1622 2606 alius
1647 2584 1758 2613 novus,
1786 2572 1875 2612 ibid,
1896 2571 1962 2615 qui,
1991 2572 2030 2605 de

567 2626 707 2670 partium
739 2636 908 2667 consensu,
931 2626 1014 2660 inter
1045 2628 1129 2671 ipsas
1148 2628 1235 2660 varia
1261 2621 1552 2672 capitulastatuit,
1582 2627 1684 2666 ibid.;
1712 2636 1794 2670 quae
1823 2626 2027 2663 referuntur;

567 2679 630 2713 3222
647 2691 688 2720 a,
711 2690 859 2724 quaeque
879 2679 984 2713 Sixtus
1009 2686 1077 2714 rata
1097 2681 1219 2721 habuit,
1246 2681 1322 2714 ibid.
1346 2680 1440 2714 Novis
1461 2680 1702 2714 difficultatibus
1722 2678 1976 2722 insurgentibus,
2000 2683 2031 2711 et
