2226 3070
198 303 249 330 An.
267 303 297 331 C.
314 303 380 331 1500

440 293 504 326 220

440 355 575 388 Dimissa
600 366 674 388 voce
696 362 726 388 et
747 367 819 388 eum
846 355 1070 387 aeditieatione
1105 355 1149 387 lo-

396 415 516 452 quatur
536 409 620 452 apud
656 415 783 441 tornum
820 408 882 440 sive
904 412 1018 447 rotam,
1051 413 1147 450 atque

397 469 491 496 curet
511 474 584 496 cum
610 462 764 495 eliaritate
786 461 972 504 prospicere
1008 460 1147 494 necessi-

399 516 516 549 tatibus
536 526 697 549 sororum.

441 570 561 602 Habeat
593 568 776 611 scribatque
803 567 943 601 rationes
974 560 1098 611 accepti
1120 573 1146 600 et

400 623 543 667 expensi.

442 676 510 709 Non
531 675 703 708 contendat
724 685 798 707 eum
828 674 950 718 aliquid
982 674 1072 715 emit„
1095 675 1149 708 sed

400 741 461 763 una
481 730 529 762 vel
559 730 659 762 altera
696 735 819 762 tantum
853 728 1062 772 responsione
1097 734 1152 762 aut

400 788 483 815 emat
507 788 561 815 aut
582 782 732 816 dimittat.

443 836 568 869 Nullam
584 837 758 870 monialem
779 837 819 870 ad
842 842 971 869 tornum
984 836 1085 869 sineat
1100 847 1152 869 ae-

400 891 514 923 cedere
538 890 658 934 absque
676 890 817 924 licentia.
844 890 923 924 Cum
948 901 1023 923 vero
1043 890 1082 922 ad
1103 890 1151 923 lo-

401 944 564 977 cutorium
585 945 648 977 sire
678 950 782 977 crates
809 945 991 983 accesserit,
1025 944 1151 977 auscul-

402 998 562 1038 tatricem,
599 1008 681 1041 quae
715 998 869 1031 interesse
899 997 1005 1038 debet,
1045 998 1150 1031 statim

402 1052 560 1085 avocabit.

444 1105 570 1139 Nemini
591 1105 652 1138 nisi
673 1106 731 1138 soli
753 1105 940 1150 priorissae,
960 1105 1154 1148 significabit

402 1160 480 1203 quid
501 1160 587 1203 apud
613 1166 741 1193 tornum
763 1166 816 1192 aut
848 1166 952 1193 crates
982 1165 1153 1192 tractatum

403 1214 509 1247 t'uerit.
535 1214 702 1247 Praeterea
723 1214 782 1246 sub
804 1224 908 1257 poena
920 1214 1024 1257 gravis
1039 1214 1154 1257 culpae

402 1268 523 1301 litteras
549 1268 693 1301 inissivas
722 1268 817 1305 nulli,
844 1274 907 1301 tani
935 1268 1019 1300 intra
1055 1279 1153 1312 quam

403 1327 488 1355 extra
499 1322 731 1355 monasterium
745 1322 855 1355 reddet
874 1327 927 1355 aut
937 1321 1152 1364 consignabit,

403 1376 462 1408 nisi
484 1382 577 1408 antea
603 1375 672 1408 illas
701 1374 875 1419 priorissae
900 1386 956 1408 seu
992 1376 1155 1419 praelatae

404 1430 555 1473 legendas
576 1429 754 1469 tradiderit,
773 1440 878 1473 neque
899 1430 995 1462 etiam
1009 1429 1157 1462 similiter

407 1485 487 1516 intra
513 1489 540 1515 rt
577 1489 665 1515 extra
685 1483 919 1515 monasterium
939 1483 1084 1527 quidque
1114 1484 1158 1516 al-

406 1537 506 1571 terius
526 1537 658 1570 nomine
687 1536 849 1570 nuntiabit
874 1543 927 1569 aut
950 1537 1156 1580 significabit,

406 1592 466 1624 nisi
486 1591 577 1635 prius
595 1591 802 1624 admonuerit
824 1591 1021 1635 priorissam.

695 1677 721 1709 Z
724 1677 879 1709 elatrices.

452 1753 745 1786 Zelatrieesturent
758 1758 791 1784 ut
811 1753 922 1795 eulpas
943 1763 998 1785 seu
1019 1753 1162 1787 defectus

409 1818 490 1851 quos
510 1807 635 1839 admitti
657 1806 793 1839 viderint
822 1807 989 1849 explorent
1019 1812 1045 1839 et
1075 1807 1161 1840 dese-

411 1867 481 1894 rant
501 1861 675 1905 praelatae,
697 1866 727 1893 et
752 1860 820 1892 eius
844 1860 1040 1904 ‹piandoque
1072 1872 1161 1893 man-

410 1917 483 1948 dato
505 1919 674 1957 peccantes
696 1914 826 1957 publice
848 1919 995 1957 arguant,
1020 1914 1115 1947 etiam
1138 1915 1162 1947 si

412 1970 498 2013 ipsae
519 1967 683 2001 zelati-ices
709 1967 850 2000 minores
871 1974 898 2000 et
928 1967 1001 2001 illae
1027 1967 1164 2001 maiores

411 2022 557 2061 existant,
599 2026 632 2053 ut
661 2021 692 2053 iu
728 2020 908 2053 humilitate
939 2028 1160 2054 exerceantur.

410 2078 497 2114 Quae
529 2080 636 2107 autem
668 2074 901 2118 corripientur,
935 2074 1060 2108 etiamsi
1095 2076 1163 2108 sine

411 2129 506 2172 eulpa
518 2128 593 2169 sint,
612 2128 690 2160 nihil
704 2128 863 2172 replicent
882 2133 937 2160 aut
952 2129 1161 2162 censentur1.

588 2195 748 2238 llIagJistrct
768 2196 979 2228 novitiarum.

458 2262 604 2305 Magistra
640 2261 834 2295 novitiarum
865 2263 905 2295 sit
930 2274 1066 2306 magnae
1092 2276 1166 2307 pru-

414 2316 552 2355 dentiae,
579 2315 733 2348 orationis
753 2321 783 2349 et
802 2316 947 2359 spiritus,
968 2318 1166 2361 frequenter-

414 2381 477 2414 que.
509 2370 754 2403 ‹·onstituti0nes
789 2371 971 2404 novitiabus
1010 2373 1165 2415 perlit-gat,

417 2423 552 2466 illasque
586 2424 697 2456 doceat
730 2423 887 2468 quidquid
921 2435 1015 2467 agere
1037 2426 1165 2467 debent,

417 2483 484 2510 tum
498 2477 730 2518 eatt=romonias‚
753 2484 819 2510 tum
841 2479 947 2512 earnis
968 2486 998 2512 et
1012 2490 1165 2512 sensuum

416 2530 712 2563 mortificationem.

460 2584 610 2616 Maiorem
633 2594 743 2616 euram
770 2584 882 2617 eadem
906 2586 1056 2628 magistra
1077 2586 1168 2619 adhi-

416 2638 489 2670 beat
508 2637 593 2670 circa
614 2647 662 2677 ea,
689 2648 772 2680 quae
787 2638 826 2670 ad
849 2638 1036 2672 interiorem
1062 2640 1167 2673 homi-

456 2701 463 2726 1
488 2699 571 2728 Forte
592 2701 738 2728 causentur
752 2700 792 2735 (R.
810 2700 859 2735 T.).

989 301 1167 325 BULLARIUM
1194 301 1344 325 ROMANUM

1191 364 1278 393 nem,
1300 365 1395 397 quam
1414 366 1497 398 quae
1507 355 1546 388 ad
1559 355 1749 388 exteriorem
1761 356 1938 399 pertinent,

1190 407 1326 449 singulis
1365 407 1481 441 diebus
1510 419 1528 441 a
1566 409 1749 442 novitiabus
1783 409 1940 443 rationein

1191 460 1320 502 exigens
1340 467 1496 503 quantum
1518 461 1550 494 in
1571 461 1718 494 oratione
1732 462 1940 505 profecerint,

1192 519 1219 546 et
1243 513 1383 557 qualiter
1402 524 1434 547 se.
1455 526 1488 548 se
1508 515 1628 548 habere
1659 515 1797 548 debeant
1818 515 1850 547 in
1875 526 1943 560 my-

1192 567 1300 607 sterio,
1310 568 1397 611 quod
1412 567 1473 601 sibi
1484 569 1707 601 meditandum
1718 568 1790 609 erit,
1804 575 1835 602 et
1846 580 1942 612 quem

1193 621 1334 654 fructum
1349 621 1423 654 inde
1445 622 1639 666 percipiant.
1661 622 1846 666 Doceatque
1865 633 1945 665 quo-

1193 675 1290 707 modo
1300 675 1398 707 etiam
1410 686 1443 708 se
1464 686 1496 708 se
1510 676 1629 709 habere
1641 675 1779 709 debeant
1799 681 1945 719 tempore

1193 734 1304 770 gustus
1326 734 1355 761 et
1376 728 1535 762 ariditatis
1555 729 1698 772 spiritus,
1726 735 1756 762 et
1787 739 1946 773 quaerere

1194 782 1343 825 proprias
1373 782 1550 825 refringere
1579 783 1767 823 voluntates,
1797 782 1892 817 etiam
1913 782 1946 815 in

1194 835 1290 868 rebus
1311 835 1446 868 modieis
1471 840 1501 869 et
1522 835 1667 869 minutis.

1238 889 1352 922 Caveat
1369 900 1442 922 vero
1464 889 1541 922 huie
1561 889 1688 922 muneri
1710 890 1888 934 proposita,
1906 901 1947 925 ne

1194 954 1258 986 qua
1279 943 1311 975 in
1333 953 1365 976 re
1386 943 1426 976 sit
1446 942 1615 986 negligens
1629 949 1684 976 aut
1704 944 1851 984 remissa3
1872 955 1946 978 nam

1196 996 1274 1029 illud
1296 1001 1339 1029 est
1368 997 1508 1030 educare
1537 997 1662 1030 animas
1692 997 1725 1030 in
1750 997 1871 1041 quibus
1888 998 1949 1032 Do-

1196 1050 1301 1082 minus
1322 1055 1501 1093 permanet.

1239 1104 1378 1137 Novitias
1403 1104 1534 1147 quidem
1556 1115 1629 1137 cum
1652 1105 1770 1148 pietate
1796 1111 1827 1139 et
1846 1106 1949 1139 chari—

1197 1164 1260 1191 tate
1292 1163 1478 1202 pertractet,
1516 1169 1575 1191 nee
1601 1159 1640 1192 de
1675 1159 1805 1192 illarum
1844 1160 1950 1204 culpis

1198 1213 1347 1246 turbetur
1366 1218 1422 1246 aut
1446 1218 1701 1246 commoveatur.
1724 1213 1885 1247 Paulatim
1915 1226 1949 1249 e-

1197 1266 1263 1299 nim
1289 1276 1566 1309 unamquamque,
1590 1272 1688 1310 prout
1722 1266 1791 1300 eius
1815 1267 1950 1311 spiritus

1198 1320 1281 1352 serre
1301 1319 1432 1363 poterit,
1446 1319 1643 1353 mortificare
1659 1320 1798 1360 curabit,
1812 1321 1952 1365 plusque

1199 1373 1353 1405 momenti
1376 1373 1407 1405 in
1428 1373 1620 1406 interiorum
1638 1373 1793 1407 virtutum
1809 1375 1952 1418 adeptio-

1199 1437 1238 1459 ne
1259 1437 1355 1470 quani
1378 1426 1410 1459 in
1441 1433 1573 1460 externo
1593 1427 1812 1471 poenitentiae
1844 1428 1952 1472 vigore

1200 1480 1339 1524 positum
1361 1491 1430 1513 esse
1451 1481 1639 1514 arbitretur.

1245 1534 1367 1566 Mandet
1389 1544 1520 1578 quoque
1544 1535 1699 1578 priorissa
1724 1535 1886 1578 aliquibus
1903 1547 1953 1570 so-

1202 1587 1331 1620 roribus
1351 1593 1383 1620 nt
1406 1588 1436 1620 in
1457 1588 1611 1621 docendis
1637 1589 1742 1631 legere
1772 1589 1954 1623 novitiahus

1203 1641 1349 1673 eamdem
1370 1642 1552 1684 magistram
1575 1642 1738 1676 adiuvent.

1247 1695 1326 1728 Cum
1348 1695 1501 1738 priorissa
1534 1696 1647 1729 viderit
1676 1697 1798 1730 nullam
1820 1708 1888 1731 esse
1917 1707 1954 1731 ex

1204 1748 1399 1781 monialibus
1419 1749 1459 1781 ad
1479 1749 1666 1782 huiusmodi
1687 1750 1831 1784 officium
1852 1751 1953 1794 magi-

1204 1808 1288 1835 strae
1309 1803 1503 1835 novitiarum
1530 1803 1692 1844 idoneam,
1717 1804 1851 1848 ipsamet
1871 1805 1953 1838 illud

1205 1862 1362 1896 exerceat,
1403 1856 1557 1900 huncque
1578 1857 1721 1890 laborem
1754 1858 1787 1890 in
1816 1869 1851 1891 re
1889 1864 1954 1892 tam

1205 1910 1290 1952 gravi
1312 1910 1450 1943 libenter
1470 1910 1637 1954 suscipiat,
1659 1922 1696 1944 ac
1717 1912 1847 1946 mandet
1858 1912 1955 1946 alicui

1206 1974 1242 1996 ex
1264 1963 1442 2003 sororibus,
1466 1969 1501 1996 ut
1520 1963 1581 1996 sibi
1602 1963 1634 1996 in
1656 1975 1692 1998 eo
1714 1975 1809 2008 opem
1829 1965 1922 1999 serat.

1251 2017 1384 2050 Sorores
1399 2028 1512 2051 omnes
1532 2018 1631 2051 semel
1642 2018 1776 2061 singulis
1791 2019 1956 2053 mensibus

1207 2071 1379 2116 priorissae
1400 2071 1557 2104 rationem
1579 2072 1714 2105 reddant
1736 2073 1901 2115 quomodo
1925 2079 1957 2106 et

1208 2130 1365 2168 quantum
1388 2125 1420 2157 in
1437 2125 1581 2159 oratione
1602 2125 1809 2169 profecerint,
1830 2132 1862 2159 et
1879 2137 1957 2170 qua-

1208 2179 1283 2212 liter
1307 2178 1515 2222 omnipotens
1544 2184 1574 2212 et
1594 2179 1779 2213 misericors
1795 2180 1877 2213 Deus
1904 2190 1957 2214 eas

1208 2232 1304 2265 ducat.
1323 2237 1353 2265 et
1382 2243 1455 2265 eum
1476 2232 1554 2276 ipsis
1573 2238 1656 2276 agat.
1694 2233 1849 2267 Dominus
1867 2244 1958 2267 narn-

1208 2297 1270 2330 que
1291 2286 1397 2320 lucem
1419 2285 1464 2319 eis
1486 2286 1664 2330 praebebit,
1683 2292 1718 2319 ut
1737 2286 1762 2320 si
1783 2297 1848 2320 non
1869 2292 1957 2321 recte

1208 2340 1375 2373 ambulant
1395 2351 1453 2373 suo
1474 2339 1593 2373 auxilio
1613 2340 1806 2383 diligentum
1829 2341 1859 2374 id
1872 2341 1957 2375 enim

1209 2404 1315 2435 agere,
1339 2399 1369 2426 et
1388 2393 1578 2427 humilitatis
1602 2399 1632 2427 et
1653 2393 1909 2428 mortificationis
1928 2400 1959 2428 et

1209 2447 1316 2490 magni
1338 2448 1500 2491 profectus
1520 2453 1578 2488 est,
1601 2454 1696 2492 atque
1713 2448 1752 2481 ad
1772 2447 1834 2482 alia
1858 2448 1959 2482 multa

1209 2495 1361 2539 prodesse
1382 2496 1509 2540 poterit.

1254 2544 1286 2577 ld
1306 2550 1414 2578 tamen
1434 2550 1469 2577 ut
1489 2544 1629 2578 novitiae
1641 2555 1717 2578 suae
1733 2544 1904 2588 magistrae
1929 2550 1960 2578 et

1211 2593 1356 2636 reliquae
1377 2593 1534 2627 moniales
1557 2593 1729 2637 priorissae
1749 2594 1788 2627 de
1813 2593 1960 2627 oratione

1211 2648 1241 2675 et
1266 2643 1353 2676 illius
1378 2643 1524 2687 prosectu
1550 2642 1707 2675 rationem
1737 2641 1885 2683 reddant,
1917 2641 1960 2675 ita

1211 2692 1410 2735 intelligatur
1429 2702 1466 2725 ac
1500 2691 1569 2725 fieri
1599 2691 1725 2733 debeat,
1747 2696 1778 2724 et
1801 2690 1833 2725 id
1852 2690 1961 2739 potius

1953 302 2138 333 An.c.1590
