2226 3070
208 305 260 332 An.
276 304 306 332 C.
326 302 392 331 1590

449 293 513 326 166

405 354 485 397 quin
514 352 621 397 potius
640 352 797 391 debitum,
829 353 895 383 t'orc
926 360 1094 382 censemus
1123 354 1158 381 ut

408 417 578 450 personam
602 412 687 439 tuam
704 404 796 437 nobis
817 409 847 437 et
867 402 1070 447 Apostolicae
1084 401 1156 434 Sedi

405 460 581 493 admodum
603 459 749 491 devotam
780 456 948 499 condignis
980 454 1158 488 honoribus

407 518 437 546 et
456 512 566 555 gratiis
587 520 834 554 prosequamur.
858 508 901 541 Te
922 508 1029 551 itaque
1050 519 1067 540 a
1088 508 1159 551 qui-

407 565 513 598 busvis
538 561 902 601 excommunicationis,
936 560 1159 604 suspensionis

407 625 438 652 et
474 616 637 650 interdicti
663 616 799 658 aliisque
833 614 1059 647 ecclesiasticis
1085 624 1157 647 sen-

408 671 526 708 tentiis,
553 669 700 702 censuris
725 674 755 701 et
780 668 904 712 poenis,
931 667 1030 700 aiure
1050 668 1098 700 vel
1119 668 1158 700 ab

407 723 550 761 homine,
573 721 685 766 quavis
705 721 874 754 occasione
895 721 943 753 vel
964 730 1059 753 causa
1077 720 1158 759 latis,

408 776 566 819 siquibus
591 774 837 818 quomodolibet
857 773 1030 806 innodatus
1052 773 1158 806 existis

407 830 446 863 ad
470 829 621 862 effectum
643 827 863 871 praesentium
885 827 1049 859 dumtaxat
1081 837 1158 859 con-

407 882 621 926 sequendum,
633 881 748 914 harum
759 880 839 912 serie
857 879 1058 912 absolventes
1067 885 1094 912 et
1106 880 1159 912 ab·

408 936 549 968 solutum
588 935 655 967 sore
681 938 859 973 censentes,
888 938 977 965 motu
1012 933 1156 975 proprio,

408 999 473 1021 non
498 987 537 1020 ad
564 993 650 1019 tuam
680 986 728 1018 vel
761 986 893 1018 alterius
920 996 979 1029 pro
1010 991 1038 1018 te
1069 985 1160 1018 nobis

408 1051 506 1084 super
531 1041 592 1072 hoc
619 1039 744 1072 oblatae
777 1038 941 1082 petitionis
962 1038 1158 1077 instantiam,

409 1095 462 1127 sed
483 1095 521 1127 dc
543 1104 630 1126 mera
647 1093 837 1125 liberalitate
854 1097 884 1125 et
904 1103 940 1125 ex
953 1097 1039 1125 certa
1057 1092 1160 1124 scien-

410 1148 451 1181 tia
475 1147 606 1185 nostris,
638 1147 740 1188 deque
760 1145 957 1189 apostolieae
991 1145 1160 1189 potestatis

409 1200 624 1244 plenitudine,
647 1199 769 1231 dictum
786 1198 942 1237 officium,
961 1208 1020 1241 per
1039 1208 1160 1230 assum-

408 1254 551 1297 ptionem
572 1252 770 1296 praedictam
797 1251 859 1284 sive
876 1251 940 1283 alio
965 1250 1077 1294 quovis
1094 1262 1160 1283 mo-

407 1308 460 1347 do,
478 1317 575 1350 quem
600 1305 712 1338 haberi
733 1305 881 1338 volumus
914 1315 972 1348 pro
994 1315 1157 1347 expresso,

407 1366 462 1393 aut
481 1371 518 1393 ex
533 1359 667 1392 alterius
687 1357 923 1401 cuiuscumque
944 1368 1082 1401 persona
1107 1369 1160 1390 va-

407 1424 494 1451 cans,
523 1423 596 1445 cum
626 1411 732 1444 officio
761 1410 967 1444 collectoriae
988 1411 1082 1443 ctiam
1104 1422 1159 1454 gc-

408 1465 526 1499 neralis
541 1465 720 1508 spoliorum
742 1474 778 1496 ac
794 1464 960 1496 fructuum
974 1469 1004 1496 et
1024 1474 1161 1507 proven-

408 1526 499 1552 tuum
533 1527 820 1562 quorumcumque
844 1517 1081 1550 beneficiorum
1108 1528 1159 1550 ec-

408 1572 682 1610 clesiasticorum,
718 1581 846 1603 necnon
880 1571 1091 1603 eeclesiarum
1131 1576 1161 1603 et

410 1625 682 1659 monasteriorum
703 1624 735 1657 in
755 1624 903 1657 universa
924 1624 1025 1663 Italia,
1049 1635 1085 1657 ac
1105 1624 1162 1657 bo-

408 1690 526 1712 norum
543 1679 574 1710 in
593 1677 677 1710 Urbe
692 1683 722 1709 et
744 1683 809 1710 toto
826 1677 916 1710 Statu
937 1677 1160 1710 Ecclesiastico

410 1732 605 1771 vacantium,
632 1731 769 1774 aliisque
790 1730 835 1763 illi
866 1731 1010 1769 annexis,
1033 1741 1161 1764 necnon

410 1785 562 1818 omnibus
586 1789 617 1817 et
637 1784 770 1827 singulis
791 1783 879 1816 illius
895 1783 1084 1823 honoribus,
1097 1784 1162 1827 pri-

410 1837 543 1881 vilegiis,
582 1847 710 1870 necnon
733 1847 768 1869 ex
807 1836 1096 1869 dismembratione
1132 1844 1162 1870 et

410 1891 614 1935 separatione
645 1890 803 1933 (quinque
824 1889 962 1922 millium
991 1896 1160 1923 scutorum

410 1955 595 1977 annuorum
622 1948 769 1976 monetae
791 1954 827 1975 cx
846 1943 1004 1976 fructibus
1020 1943 1096 1976 dieti
1117 1945 1162 1976 ol'-

411 1998 476 2030 ficii
490 1996 710 2029 thesaurariae
731 2006 788 2039 per
805 2006 862 2028 nos
877 2006 995 2039 nuper,
1011 2007 1047 2028 ex
1067 1997 1162 2029 certis

411 2049 516 2083 causis
526 2049 671 2081 animum
680 2054 826 2081 nostrum
840 2049 1161 2089 moventilms,sactis,

411 2103 507 2136 Menti
525 2102 744 2135 thesaurariae
764 2113 823 2145 per
844 2111 902 2134 nos
926 2112 1031 2144 nuper
1055 2109 1162 2135 erecto

410 2156 658 2199 applicatorum,
681 2160 778 2198 prout,
803 2154 834 2187 in
854 2154 972 2187 nostris
992 2155 1067 2188 inde
1083 2166 1162 2188 con—

411 2209 503 2242 sectis
532 2208 648 2241 litteris
670 2207 798 2251 plenius
829 2207 1026 2247 continetur,
1057 2219 1162 2241 rema-

411 2261 598 2303 nentibus),
625 2261 762 2300 iuribus,
786 2260 947 2304 regalibus
981 2266 1011 2293 et
1038 2262 1162 2294 emolu-

412 2314 528 2348 mentis
544 2314 718 2352 consuetis,
736 2324 772 2346 ac
791 2314 1014 2355 facultatibus,
1032 2314 1162 2347 iurisdi-

411 2367 585 2406 ctionibus,
607 2366 878 2410 exemptionibus,
890 2367 1160 2408 immunitatibus,

411 2420 678 2465 praeeminentiis,
706 2420 969 2460 antelationihus,
994 2431 1165 2464 praeroga-

412 2470 494 2510 tivis,
513 2468 687 2508 favoribus,
706 2469 840 2502 indultis
860 2476 890 2502 et
906 2469 1018 2512 gratiis
1038 2475 1103 2502 tam
1121 2470 1165 2502 ei-

413 2519 485 2552 dem
510 2517 664 2556 Guidoni,
687 2528 782 2559 quam
808 2518 926 2551 dilecto
953 2519 1021 2551 filio
1053 2524 1164 2552 nostro

412 2567 586 2600 Benedicto
606 2566 637 2599 S.
660 2566 775 2598 Mariae
790 2566 822 2598 in
834 2566 1005 2599 Cosmedin
1029 2567 1164 2600 diacono

412 2615 589 2649 Iustiniano
614 2619 800 2658 nuncupato
831 2615 1061 2655 cardinalibus,
1086 2616 1163 2648 dum

413 2664 446 2698 in
473 2663 654 2697 minoribus
686 2663 863 2704 constituti,
884 2663 1071 2697 huiusmodi
1096 2664 1166 2697 offi-

1000 296 1178 321 BULLARIUM
1198 295 1350 319 ROMANUM

1200 347 1286 380 cium
1308 346 1528 380 thesaurariae
1553 346 1749 385 obtinerent,
1776 356 1872 389 quam
1900 356 1952 379 ce-

1199 400 1276 433 teris
1296 400 1448 433 omnibus
1467 406 1540 432 ante
1562 410 1617 432 eos
1642 398 1847 442 generalibus
1881 399 1952 432 the-

1200 453 1353 486 saurariis
1366 458 1396 486 et
1413 453 1641 486 collectoribus
1661 463 1720 496 per
1729 462 1952 495 quoscumque

1200 507 1361 539 Romanos
1390 505 1561 539 Pontifices
1596 505 1861 549 praedecessores
1893 515 1952 538 no-

1200 565 1282 592 stros
1302 570 1338 591 ac
1359 568 1418 592 nos
1441 565 1470 591 et
1488 558 1602 592 Sedem
1619 557 1830 602 praedictam,
1845 557 1878 590 in
1902 569 1953 601 ge-

1201 623 1276 645 nere
1296 613 1344 645 vel
1366 612 1399 644 in
1419 612 1527 656 specie
1548 623 1585 645 ac
1609 611 1688 644 alias
1708 611 1953 654 quomodolibet

1201 666 1375 705 concessis,
1398 665 1608 705 confirmatis,
1642 664 1780 697 extensis
1800 670 1830 697 et
1858 664 1952 698 inno-

1200 718 1289 759 vatis,
1312 729 1349 751 ac
1374 718 1452 751 alias
1476 719 1515 751 ad
1547 717 1767 751 thesaurariae
1793 718 1953 761 generalis

1201 777 1229 804 et
1243 771 1448 804 collectoriae
1469 770 1655 804 huiusmodi
1673 771 1789 812 officia,
1811 772 1851 805 de
1867 771 1950 814 iure,

1201 824 1402 865 fundatione,
1425 824 1605 868 privilegio,
1624 835 1695 863 usu,
1717 825 1953 859 consuetudine

1201 878 1248 909 vel
1273 877 1335 909 alio
1353 887 1563 920 quocumque
1584 877 1680 910 modo
1701 883 1732 910 ct
1759 878 1853 911 titulo
1877 889 1952 922 per-

1202 930 1388 970 tinentibus,
1406 931 1587 974 ceterisque
1607 931 1759 964 omnibus
1773 937 1804 964 et
1819 931 1953 975 singulis

1202 983 1322 1026 quibus
1355 983 1547 1017 Benedictus
1580 988 1608 1016 et
1640 983 1743 1017 Guido
1774 985 1953 1018 cardinales

1202 1036 1371 1079 praedicti,
1394 1037 1471 1069 dum
1505 1036 1694 1069 huiusmodi
1715 1037 1860 1070 officium
1882 1038 1951 1071 the-

1202 1090 1364 1122 saurariae
1386 1090 1610 1130 obtinuerunt,
1633 1096 1661 1123 et
1683 1090 1737 1123 alii
1752 1091 1954 1135 quicumque

1202 1153 1315 1175 eorum
1334 1143 1365 1175 in
1380 1143 1496 1175 osticiis
1512 1143 1699 1176 huiusmodi
1720 1149 1950 1185 antecessores,

1205 1203 1267 1229 tam
1289 1198 1430 1240 antiquis
1442 1208 1537 1241 quam
1554 1197 1720 1230 modernis
1737 1198 1951 1241 temporibus,

1204 1250 1263 1291 usi,
1291 1250 1382 1293 potiti
1404 1256 1435 1283 ct
1462 1250 1561 1293 gavisi
1588 1252 1735 1291 suerunt,
1758 1261 1796 1284 ac
1815 1251 1873 1292 uti,
1895 1262 1953 1295 po-

1203 1304 1255 1336 tiri
1276 1310 1303 1336 ct
1326 1304 1467 1346 gaudere
1489 1310 1666 1347 potuerunt
1690 1315 1747 1337 seu
1769 1305 1865 1337 etiam
1896 1306 1953 1338 de-

1202 1357 1356 1397 buerunt,
1378 1357 1441 1389 sivo
1462 1358 1501 1390 de
1523 1357 1584 1389 illis
1605 1369 1663 1400 per
1682 1357 1805 1390 litteras
1824 1363 1954 1402 apesto-

1205 1410 1280 1442 licas
1289 1410 1338 1442 vel
1350 1415 1508 1453 patentes,
1521 1415 1575 1443 aut
1593 1410 1771 1454 scripturas
1782 1421 1839 1444 seu
1853 1411 1954 1445 libros

1203 1463 1390 1503 eamerales,
1412 1464 1459 1496 vel
1488 1474 1714 1507 quaecumque
1740 1464 1803 1496 alia
1822 1464 1955 1507 publica

1203 1517 1249 1549 vel
1270 1516 1395 1559 privata
1415 1517 1624 1556 documenta,
1651 1517 1748 1549 tidem
1771 1522 1878 1551 tamen
1907 1518 1954 1551 sa-

1204 1570 1321 1603 cientia
1341 1575 1492 1613 appareat
1507 1581 1514 1610 ;
1537 1581 1619 1613 quae
1645 1570 1752 1603 omnia
1769 1575 1800 1603 et
1814 1571 1952 1615 singula,

1204 1624 1334 1655 illorum
1350 1628 1478 1656 tenores
1492 1624 1713 1667 praesentibus
1732 1635 1792 1668 pro
1825 1635 1954 1669 expres-

1203 1677 1245 1709 sis
1265 1688 1302 1710 ac
1323 1677 1361 1709 de
1378 1677 1476 1709 verbo
1497 1677 1682 1709 adverbum
1699 1677 1827 1711 insertis
1842 1679 1954 1712 haberi

1203 1731 1363 1771 volumus,
1382 1730 1497 1763 harum
1523 1731 1617 1767 serie,
1642 1731 1819 1774 apostolica
1843 1737 1954 1766 aucto-

1205 1783 1297 1815 ritate
1318 1783 1563 1823 confirmamus,
1580 1784 1801 1828 approbamus
1812 1790 1844 1818 et
1861 1785 1955 1820 inno-

1204 1847 1327 1876 vamus,
1350 1836 1472 1880 tibique
1493 1837 1532 1869 de
1557 1847 1639 1870 novo
1660 1837 1883 1880 concedimus,
1911 1838 1955 1872 ita

1204 1896 1236 1923 ut
1259 1896 1293 1922 tu
1317 1890 1380 1922 illis
1401 1890 1551 1923 omnibus
1572 1897 1600 1923 et
1622 1891 1758 1933 singulis
1779 1891 1836 1931 uti,
1861 1892 1957 1936 potiri

1204 1948 1234 1975 et
1268 1943 1409 1985 gaudere
1440 1943 1540 1976 libere
1574 1948 1605 1976 et
1642 1943 1728 1977 licite
1758 1945 1864 1978 valeas
1878 1971 1885 1985 ,
1923 1946 1956 1979 in

1205 1996 1356 2029 omnibus
1380 2002 1411 2029 et
1438 2007 1497 2040 per
1531 1996 1649 2037 omnia,
1681 2008 1717 2030 ac
1738 1998 1958 2041 parisormiter

1205 2054 1233 2081 ct
1248 2049 1368 2092 absque
1383 2050 1448 2082 ulla
1467 2060 1601 2093 prorsus
1614 2050 1809 2091 differentia,
1821 2051 1958 2095 perinde

1205 2113 1241 2135 ac
1254 2102 1279 2135 si
1297 2113 1354 2145 per
1365 2109 1550 2146 praesentes
1561 2103 1747 2147 specialiter
1762 2110 1794 2137 et
1807 2115 1956 2148 expresse

1206 2165 1358 2188 concessa
1378 2155 1522 2196 fuissent,
1548 2157 1660 2189 eadem
1681 2156 1739 2189 tibi
1764 2159 1958 2192 auctoritate

1206 2208 1416 2241 concedimus
1436 2214 1466 2242 et
1485 2209 1698 2253 assignamus.
1711 2209 1819 2254 Teque
1839 2211 1879 2244 ad
1889 2211 1958 2245 the·

1206 2261 1369 2295 saurariae
1385 2267 1415 2295 et
1427 2262 1633 2296 collectoriae
1649 2263 1756 2296 officia
1770 2264 1958 2298 huiusmodi

1206 2315 1403 2359 illorumque
1423 2315 1563 2348 liberum
1599 2316 1788 2349 exercitium
1813 2328 1850 2351 ex
1869 2328 1958 2351 nunc

1206 2369 1382 2412 recipimus
1407 2375 1437 2402 et
1469 2369 1682 2411 admittimus,
1714 2381 1751 2403 ac
1781 2370 1812 2403 in
1846 2371 1956 2405 locum

1207 2422 1284 2455 dicti
1317 2421 1475 2455 Guidonis
1501 2422 1687 2462 cardinalis,
1718 2423 1826 2465 quoad
1850 2423 1956 2458 officia

1206 2471 1406 2510 huiusmodi,
1428 2471 1655 2504 substituimus
1674 2477 1705 2505 et
1728 2472 1954 2516 subrogamus,

1206 2531 1243 2553 ac
1263 2524 1410 2552 nostrum
1430 2524 1460 2552 et
1480 2519 1571 2552 Sedis
1591 2531 1627 2553 ac
1646 2519 1799 2554 Gamerae
1828 2521 1956 2564 praedi-

1207 2574 1275 2602 ctae
1284 2568 1521 2602 thesaurarium
1534 2570 1719 2611 generalem
1732 2570 1958 2604 constituimus

1207 2622 1238 2649 et
1257 2617 1472 2660 deputamus;
1494 2627 1531 2649 ac
1551 2628 1608 2661 per
1621 2617 1754 2651 dilectos
1769 2617 1854 2652 filios
1873 2618 1958 2652 eius-

1206 2665 1279 2698 dem
1313 2665 1477 2699 Romanae
1514 2665 1678 2700 Ecclesiae
1715 2667 1954 2710 camerarium,

1967 292 2020 319 An.
2037 291 2065 319 C.
2084 292 2152 319 1590
