<?xml version="1.0" encoding="UTF-8"?>
<!DOCTYPE html PUBLIC "-//W3C//DTD XHTML 1.0 Transitional//EN"
    "http://www.w3.org/TR/xhtml1/DTD/xhtml1-transitional.dtd">
<html xmlns="http://www.w3.org/1999/xhtml" xml:lang="en" lang="en">
 <head>
  <title>
</title>
<meta http-equiv="Content-Type" content="text/html;charset=utf-8" />
  <meta name='ocr-system' content='tesseract 3.04.00' />
  <meta name='ocr-capabilities' content='ocr_page ocr_carea ocr_par ocr_line ocrx_word'/>
</head>
<body>
  <div class='ocr_page' id='page_1' title='image "./bullarumdiplomat09cath/bullarumdiplomat09cath_0147.png"; bbox 0 0 2226 3070; ppageno 0'>
   <div class='ocr_carea' id='block_1_1' title="bbox 113 236 297 265">
    <p class='ocr_par' dir='ltr' id='par_1_1' title="bbox 113 236 297 265">
     <span class='ocr_line' id='line_1_1' title="bbox 113 236 297 265; baseline 0 -1"><span class='ocrx_word' id='word_1_1' title='bbox 113 236 164 264; x_wconf 78' lang='lat' dir='ltr'>An.</span> <span class='ocrx_word' id='word_1_2' title='bbox 182 237 202 263; x_wconf 88' lang='lat' dir='ltr'>C</span> <span class='ocrx_word' id='word_1_3' title='bbox 230 236 297 265; x_wconf 79' lang='lat'>¹589</span> 
     </span>
    </p>
   </div>
   <div class='ocr_carea' id='block_1_2' title="bbox 98 1425 286 1540">
    <p class='ocr_par' dir='ltr' id='par_1_2' title="bbox 98 1425 286 1540">
     <span class='ocr_line' id='line_1_2' title="bbox 132 1425 283 1447; baseline 0.013 -2"><span class='ocrx_word' id='word_1_4' title='bbox 132 1425 244 1447; x_wconf 66' lang='lat' dir='ltr'>clausulae</span> <span class='ocrx_word' id='word_1_5' title='bbox 260 1428 283 1447; x_wconf 79' lang='lat' dir='ltr'>ad</span> 
     </span>
     <span class='ocr_line' id='line_1_3' title="bbox 101 1459 286 1484; baseline 0.005 -7"><span class='ocrx_word' id='word_1_6' title='bbox 101 1459 286 1484; x_wconf 73' lang='lat' dir='ltr'>praesentiumtit·</span> 
     </span>
     <span class='ocr_line' id='line_1_4' title="bbox 99 1488 283 1509; baseline 0.011 -2"><span class='ocrx_word' id='word_1_7' title='bbox 99 1491 191 1509; x_wconf 70' lang='lat' dir='ltr'>terarum</span> <span class='ocrx_word' id='word_1_8' title='bbox 212 1488 283 1509; x_wconf 70' lang='lat' dir='ltr'>stam-</span> 
     </span>
     <span class='ocr_line' id='line_1_5' title="bbox 98 1519 186 1540; baseline 0.011 -1"><span class='ocrx_word' id='word_1_9' title='bbox 98 1519 186 1540; x_wconf 70' lang='lat' dir='ltr'>litatem.</span> 
     </span>
    </p>
   </div>
   <div class='ocr_carea' id='block_1_3' title="bbox 312 235 1860 340">
    <p class='ocr_par' dir='ltr' id='par_1_3' title="bbox 312 235 1860 340">
     <span class='ocr_line' id='line_1_6' title="bbox 975 235 1185 260; baseline 0 -1"><span class='ocrx_word' id='word_1_10' title='bbox 975 235 1078 260; x_wconf 80' lang='lat' dir='ltr'>sixTus</span> <span class='ocrx_word' id='word_1_11' title='bbox 1100 236 1117 259; x_wconf 91' lang='lat' dir='ltr'>v</span> <span class='ocrx_word' id='word_1_12' title='bbox 1136 236 1185 260; x_wconf 78' lang='lat' dir='ltr'>PP.</span> 
     </span>
     <span class='ocr_line' id='line_1_7' title="bbox 312 288 1860 340; baseline 0.005 -22"><span class='ocrx_word' id='word_1_13' title='bbox 312 296 401 329; x_wconf 61' lang='lat' dir='ltr'>cjaljs</span> <span class='ocrx_word' id='word_1_14' title='bbox 421 297 544 339; x_wconf 59' lang='lat' dir='ltr'>gratiae</span> <span class='ocrx_word' id='word_1_15' title='bbox 566 299 671 330; x_wconf 57' lang='lat' dir='ltr'>favore</span> <span class='ocrx_word' id='word_1_16' title='bbox 693 298 845 340; x_wconf 56' lang='lat' dir='ltr'>prosequi</span> <span class='ocrx_word' id='word_1_17' title='bbox 871 298 1024 337; x_wconf 54' lang='lat' dir='ltr'>volentes,</span> <span class='ocrx_word' id='word_1_18' title='bbox 1042 298 1066 329; x_wconf 70' lang='lat' dir='ltr'>i-</span> <span class='ocrx_word' id='word_1_19' title='bbox 1086 295 1089 316; x_wconf 81' lang='lat'><strong>¹</strong></span> <span class='ocrx_word' id='word_1_20' title='bbox 1109 288 1236 328; x_wconf 82' lang='lat' dir='ltr'>cuniae,</span> <span class='ocrx_word' id='word_1_21' title='bbox 1260 292 1324 321; x_wconf 86' lang='lat' dir='ltr'>tam</span> <span class='ocrx_word' id='word_1_22' title='bbox 1351 289 1508 321; x_wconf 86' lang='lat' dir='ltr'>hactenus</span> <span class='ocrx_word' id='word_1_23' title='bbox 1529 290 1632 322; x_wconf 85' lang='lat' dir='ltr'>eidem</span> <span class='ocrx_word' id='word_1_24' title='bbox 1654 291 1772 324; x_wconf 85' lang='lat' dir='ltr'>dilecto</span> <span class='ocrx_word' id='word_1_25' title='bbox 1794 293 1860 326; x_wconf 83' lang='lat' dir='ltr'>filio</span> 
     </span>
    </p>
   </div>
   <div class='ocr_carea' id='block_1_4' title="bbox 289 351 1067 2671">
    <p class='ocr_par' dir='ltr' id='par_1_4' title="bbox 301 351 1067 1344">
     <span class='ocr_line' id='line_1_8' title="bbox 311 351 1067 394; baseline 0.001 -12"><span class='ocrx_word' id='word_1_26' title='bbox 311 360 470 393; x_wconf 81' lang='lat' dir='ltr'>psumque</span> <span class='ocrx_word' id='word_1_27' title='bbox 500 351 629 384; x_wconf 86' lang='lat' dir='ltr'>Petrum</span> <span class='ocrx_word' id='word_1_28' title='bbox 661 351 835 384; x_wconf 81' lang='lat' dir='ltr'>Antonium</span> <span class='ocrx_word' id='word_1_29' title='bbox 862 362 879 383; x_wconf 87' lang='lat' dir='ltr'>a</span> <span class='ocrx_word' id='word_1_30' title='bbox 903 351 1067 394; x_wconf 74' lang='lat' dir='ltr'><strong>quibusvis</strong></span> 
     </span>
     <span class='ocr_line' id='line_1_9' title="bbox 311 404 1061 448; baseline 0.001 -12"><span class='ocrx_word' id='word_1_31' title='bbox 311 404 667 443; x_wconf 82' lang='lat' dir='ltr'>exconnnunicationis‚</span> <span class='ocrx_word' id='word_1_32' title='bbox 682 404 902 448; x_wconf 75' lang='lat' dir='ltr'>suspensionis</span> <span class='ocrx_word' id='word_1_33' title='bbox 916 410 945 437; x_wconf 84' lang='lat' dir='ltr'>et</span> <span class='ocrx_word' id='word_1_34' title='bbox 966 405 1061 437; x_wconf 82' lang='lat' dir='ltr'>inter-</span> 
     </span>
     <span class='ocr_line' id='line_1_10' title="bbox 311 456 1066 501; baseline 0.003 -13"><span class='ocrx_word' id='word_1_35' title='bbox 311 456 387 489; x_wconf 90' lang='lat' dir='ltr'>dicti</span> <span class='ocrx_word' id='word_1_36' title='bbox 401 457 536 501; x_wconf 83' lang='lat' dir='ltr'>aliisque</span> <span class='ocrx_word' id='word_1_37' title='bbox 548 457 776 490; x_wconf 84' lang='lat' dir='ltr'>ecclesiasticis</span> <span class='ocrx_word' id='word_1_38' title='bbox 796 457 978 496; x_wconf 86' lang='lat' dir='ltr'>sententiis,</span> <span class='ocrx_word' id='word_1_39' title='bbox 993 469 1066 490; x_wconf 81' lang='lat' dir='ltr'>ceu-</span> 
     </span>
     <span class='ocr_line' id='line_1_11' title="bbox 310 509 1062 553; baseline 0 -11"><span class='ocrx_word' id='word_1_40' title='bbox 310 509 395 543; x_wconf 89' lang='lat' dir='ltr'>suris</span> <span class='ocrx_word' id='word_1_41' title='bbox 424 515 454 543; x_wconf 88' lang='lat' dir='ltr'>et</span> <span class='ocrx_word' id='word_1_42' title='bbox 486 510 610 553; x_wconf 88' lang='lat' dir='ltr'>poenis,</span> <span class='ocrx_word' id='word_1_43' title='bbox 644 521 661 542; x_wconf 86' lang='lat' dir='ltr'>a</span> <span class='ocrx_word' id='word_1_44' title='bbox 690 510 760 542; x_wconf 87' lang='lat' dir='ltr'>iure</span> <span class='ocrx_word' id='word_1_45' title='bbox 791 510 838 543; x_wconf 86' lang='lat' dir='ltr'>vel</span> <span class='ocrx_word' id='word_1_46' title='bbox 859 510 898 542; x_wconf 90' lang='lat' dir='ltr'>ab</span> <span class='ocrx_word' id='word_1_47' title='bbox 919 511 1062 549; x_wconf 82' lang='lat' dir='ltr'>homine,</span> 
     </span>
     <span class='ocr_line' id='line_1_12' title="bbox 310 562 1064 607; baseline 0.004 -14"><span class='ocrx_word' id='word_1_48' title='bbox 310 563 420 605; x_wconf 85' lang='lat' dir='ltr'>quavis</span> <span class='ocrx_word' id='word_1_49' title='bbox 439 562 610 596; x_wconf 81' lang='lat' dir='ltr'>occasione</span> <span class='ocrx_word' id='word_1_50' title='bbox 630 563 677 596; x_wconf 88' lang='lat' dir='ltr'>vel</span> <span class='ocrx_word' id='word_1_51' title='bbox 702 574 799 596; x_wconf 85' lang='lat' dir='ltr'>causa</span> <span class='ocrx_word' id='word_1_52' title='bbox 825 563 909 603; x_wconf 85' lang='lat' dir='ltr'>latis,</span> <span class='ocrx_word' id='word_1_53' title='bbox 944 563 969 596; x_wconf 88' lang='lat' dir='ltr'>si</span> <span class='ocrx_word' id='word_1_54' title='bbox 994 564 1064 607; x_wconf 85' lang='lat' dir='ltr'>qui-</span> 
     </span>
     <span class='ocr_line' id='line_1_13' title="bbox 310 616 1063 659; baseline 0.001 -11"><span class='ocrx_word' id='word_1_55' title='bbox 310 617 371 649; x_wconf 89' lang='lat' dir='ltr'>bus</span> <span class='ocrx_word' id='word_1_56' title='bbox 396 616 643 659; x_wconf 77' lang='lat' dir='ltr'>quomodolibet</span> <span class='ocrx_word' id='word_1_57' title='bbox 673 616 847 649; x_wconf 86' lang='lat' dir='ltr'>innodatus</span> <span class='ocrx_word' id='word_1_58' title='bbox 873 616 996 656; x_wconf 79' lang='lat' dir='ltr'>existit,</span> <span class='ocrx_word' id='word_1_59' title='bbox 1024 618 1063 650; x_wconf 84' lang='lat' dir='ltr'>ad</span> 
     </span>
     <span class='ocr_line' id='line_1_14' title="bbox 310 669 1062 712; baseline 0.001 -10"><span class='ocrx_word' id='word_1_60' title='bbox 310 669 459 702; x_wconf 83' lang='lat' dir='ltr'>effectum</span> <span class='ocrx_word' id='word_1_61' title='bbox 497 669 716 712; x_wconf 84' lang='lat' dir='ltr'>praesentium</span> <span class='ocrx_word' id='word_1_62' title='bbox 751 670 913 702; x_wconf 81' lang='lat' dir='ltr'>dumtaxat</span> <span class='ocrx_word' id='word_1_63' title='bbox 948 680 1062 703; x_wconf 88' lang='lat' dir='ltr'>conse-</span> 
     </span>
     <span class='ocr_line' id='line_1_15' title="bbox 308 721 1063 766; baseline 0.003 -12"><span class='ocrx_word' id='word_1_64' title='bbox 308 722 486 766; x_wconf 88' lang='lat' dir='ltr'>quendum,</span> <span class='ocrx_word' id='word_1_65' title='bbox 499 722 614 754; x_wconf 86' lang='lat' dir='ltr'>harum</span> <span class='ocrx_word' id='word_1_66' title='bbox 637 721 719 755; x_wconf 85' lang='lat' dir='ltr'>serie</span> <span class='ocrx_word' id='word_1_67' title='bbox 740 722 940 755; x_wconf 65' lang='lat' dir='ltr'>absolventes</span> <span class='ocrx_word' id='word_1_68' title='bbox 960 729 989 755; x_wconf 86' lang='lat' dir='ltr'>et</span> <span class='ocrx_word' id='word_1_69' title='bbox 1009 725 1063 756; x_wconf 86' lang='lat' dir='ltr'>ab·</span> 
     </span>
     <span class='ocr_line' id='line_1_16' title="bbox 308 775 1061 816; baseline 0.003 -9"><span class='ocrx_word' id='word_1_70' title='bbox 308 775 450 808; x_wconf 91' lang='lat' dir='ltr'>solutum</span> <span class='ocrx_word' id='word_1_71' title='bbox 473 776 541 809; x_wconf 82' lang='lat' dir='ltr'>fore</span> <span class='ocrx_word' id='word_1_72' title='bbox 562 782 742 816; x_wconf 87' lang='lat' dir='ltr'>censentes,</span> <span class='ocrx_word' id='word_1_73' title='bbox 768 776 1000 816; x_wconf 82' lang='lat' dir='ltr'>venditionem,</span> <span class='ocrx_word' id='word_1_74' title='bbox 1027 789 1061 809; x_wconf 87' lang='lat' dir='ltr'>a—</span> 
     </span>
     <span class='ocr_line' id='line_1_17' title="bbox 306 827 1058 874; baseline 0.003 -14"><span class='ocrx_word' id='word_1_75' title='bbox 306 827 514 862; x_wconf 85' lang='lat' dir='ltr'>lienationem</span> <span class='ocrx_word' id='word_1_76' title='bbox 535 829 574 862; x_wconf 88' lang='lat' dir='ltr'>de</span> <span class='ocrx_word' id='word_1_77' title='bbox 594 829 678 862; x_wconf 85' lang='lat' dir='ltr'>dicta</span> <span class='ocrx_word' id='word_1_78' title='bbox 698 830 807 869; x_wconf 87' lang='lat' dir='ltr'>domo,</span> <span class='ocrx_word' id='word_1_79' title='bbox 822 830 1058 874; x_wconf 87' lang='lat' dir='ltr'>utpraesertur,</span> 
     </span>
     <span class='ocr_line' id='line_1_18' title="bbox 306 881 1059 926; baseline 0.003 -12"><span class='ocrx_word' id='word_1_80' title='bbox 306 881 436 922; x_wconf 80' lang='lat' dir='ltr'>factam,</span> <span class='ocrx_word' id='word_1_81' title='bbox 459 882 587 926; x_wconf 85' lang='lat' dir='ltr'>aliaque</span> <span class='ocrx_word' id='word_1_82' title='bbox 615 883 801 926; x_wconf 85' lang='lat' dir='ltr'>praemissa,</span> <span class='ocrx_word' id='word_1_83' title='bbox 833 894 870 916; x_wconf 89' lang='lat' dir='ltr'>ac</span> <span class='ocrx_word' id='word_1_84' title='bbox 895 884 1005 916; x_wconf 87' lang='lat' dir='ltr'>onmia</span> <span class='ocrx_word' id='word_1_85' title='bbox 1030 890 1059 916; x_wconf 85' lang='lat' dir='ltr'>et</span> 
     </span>
     <span class='ocr_line' id='line_1_19' title="bbox 304 934 1061 978; baseline 0.003 -11"><span class='ocrx_word' id='word_1_86' title='bbox 304 934 431 978; x_wconf 78' lang='lat' dir='ltr'>singula</span> <span class='ocrx_word' id='word_1_87' title='bbox 459 936 490 968; x_wconf 92' lang='lat' dir='ltr'>in</span> <span class='ocrx_word' id='word_1_88' title='bbox 512 936 597 969; x_wconf 85' lang='lat' dir='ltr'>dicto</span> <span class='ocrx_word' id='word_1_89' title='bbox 618 936 833 970; x_wconf 89' lang='lat' dir='ltr'>instrumento</span> <span class='ocrx_word' id='word_1_90' title='bbox 854 943 1006 970; x_wconf 80' lang='lat' dir='ltr'>contenta</span> <span class='ocrx_word' id='word_1_91' title='bbox 1031 943 1061 970; x_wconf 86' lang='lat' dir='ltr'>et</span> 
     </span>
     <span class='ocr_line' id='line_1_20' title="bbox 303 987 1058 1034; baseline 0.004 -14"><span class='ocrx_word' id='word_1_92' title='bbox 303 987 377 1022; x_wconf 90' lang='lat' dir='ltr'>inde</span> <span class='ocrx_word' id='word_1_93' title='bbox 394 995 503 1022; x_wconf 87' lang='lat' dir='ltr'>secuta</span> <span class='ocrx_word' id='word_1_94' title='bbox 520 1001 757 1034; x_wconf 77' lang='lat' dir='ltr'>quaecumque,</span> <span class='ocrx_word' id='word_1_95' title='bbox 772 990 970 1034; x_wconf 81' lang='lat' dir='ltr'>illorumque</span> <span class='ocrx_word' id='word_1_96' title='bbox 985 991 1058 1031; x_wconf 77' lang='lat' dir='ltr'>vim,</span> 
     </span>
     <span class='ocr_line' id='line_1_21' title="bbox 304 1043 1057 1087; baseline 0.004 -13"><span class='ocrx_word' id='word_1_97' title='bbox 304 1043 441 1075; x_wconf 83' lang='lat' dir='ltr'>sormam</span> <span class='ocrx_word' id='word_1_98' title='bbox 471 1049 502 1076; x_wconf 90' lang='lat' dir='ltr'>et</span> <span class='ocrx_word' id='word_1_99' title='bbox 531 1043 694 1082; x_wconf 81' lang='lat' dir='ltr'>effectum,</span> <span class='ocrx_word' id='word_1_100' title='bbox 717 1044 894 1087; x_wconf 85' lang='lat' dir='ltr'>apostolica</span> <span class='ocrx_word' id='word_1_101' title='bbox 915 1045 1057 1078; x_wconf 85' lang='lat' dir='ltr'>auctori-</span> 
     </span>
     <span class='ocr_line' id='line_1_22' title="bbox 304 1097 1056 1141; baseline 0.004 -13"><span class='ocrx_word' id='word_1_102' title='bbox 304 1101 377 1136; x_wconf 85' lang='lat' dir='ltr'>tate,</span> <span class='ocrx_word' id='word_1_103' title='bbox 393 1101 505 1129; x_wconf 86' lang='lat' dir='ltr'>tenore</span> <span class='ocrx_word' id='word_1_104' title='bbox 535 1097 767 1140; x_wconf 79' lang='lat' dir='ltr'>praesentium,</span> <span class='ocrx_word' id='word_1_105' title='bbox 796 1103 953 1141; x_wconf 85' lang='lat' dir='ltr'>perpetuo</span> <span class='ocrx_word' id='word_1_106' title='bbox 979 1109 1056 1131; x_wconf 83' lang='lat' dir='ltr'>con-</span> 
     </span>
     <span class='ocr_line' id='line_1_23' title="bbox 302 1150 1056 1196; baseline 0.005 -14"><span class='ocrx_word' id='word_1_107' title='bbox 302 1150 471 1182; x_wconf 81' lang='lat' dir='ltr'>firmamus</span> <span class='ocrx_word' id='word_1_108' title='bbox 486 1156 517 1183; x_wconf 89' lang='lat' dir='ltr'>et</span> <span class='ocrx_word' id='word_1_109' title='bbox 536 1151 767 1194; x_wconf 79' lang='lat' dir='ltr'>approbamus,</span> <span class='ocrx_word' id='word_1_110' title='bbox 796 1151 924 1195; x_wconf 83' lang='lat' dir='ltr'>illisque</span> <span class='ocrx_word' id='word_1_111' title='bbox 942 1163 1056 1196; x_wconf 78' lang='lat' dir='ltr'>perpe-</span> 
     </span>
     <span class='ocr_line' id='line_1_24' title="bbox 302 1203 1055 1238; baseline 0.004 -3"><span class='ocrx_word' id='word_1_112' title='bbox 302 1208 375 1236; x_wconf 84' lang='lat' dir='ltr'>tuae</span> <span class='ocrx_word' id='word_1_113' title='bbox 396 1209 427 1236; x_wconf 89' lang='lat' dir='ltr'>et</span> <span class='ocrx_word' id='word_1_114' title='bbox 447 1203 641 1237; x_wconf 84' lang='lat' dir='ltr'>inviolabilis</span> <span class='ocrx_word' id='word_1_115' title='bbox 665 1203 825 1238; x_wconf 80' lang='lat' dir='ltr'>firmitatis</span> <span class='ocrx_word' id='word_1_116' title='bbox 846 1206 945 1238; x_wconf 90' lang='lat' dir='ltr'>robur</span> <span class='ocrx_word' id='word_1_117' title='bbox 974 1206 1055 1238; x_wconf 84' lang='lat' dir='ltr'>adii-</span> 
     </span>
     <span class='ocr_line' id='line_1_25' title="bbox 301 1257 1056 1301; baseline 0.005 -12"><span class='ocrx_word' id='word_1_118' title='bbox 301 1257 418 1297; x_wconf 90' lang='lat' dir='ltr'>cimus,</span> <span class='ocrx_word' id='word_1_119' title='bbox 442 1268 543 1301; x_wconf 85' lang='lat' dir='ltr'>eaque</span> <span class='ocrx_word' id='word_1_120' title='bbox 567 1258 670 1291; x_wconf 85' lang='lat' dir='ltr'>valida</span> <span class='ocrx_word' id='word_1_121' title='bbox 691 1264 721 1291; x_wconf 85' lang='lat' dir='ltr'>et</span> <span class='ocrx_word' id='word_1_122' title='bbox 746 1259 891 1292; x_wconf 80' lang='lat' dir='ltr'>efficacia</span> <span class='ocrx_word' id='word_1_123' title='bbox 912 1264 943 1292; x_wconf 90' lang='lat' dir='ltr'>et</span> <span class='ocrx_word' id='word_1_124' title='bbox 964 1261 1056 1293; x_wconf 88' lang='lat' dir='ltr'>robo-</span> 
     </span>
     <span class='ocr_line' id='line_1_26' title="bbox 301 1308 723 1344; baseline 0.005 -2"><span class='ocrx_word' id='word_1_125' title='bbox 301 1309 344 1342; x_wconf 86' lang='lat' dir='ltr'>ris</span> <span class='ocrx_word' id='word_1_126' title='bbox 364 1308 516 1344; x_wconf 83' lang='lat' dir='ltr'>firmitate</span> <span class='ocrx_word' id='word_1_127' title='bbox 537 1311 723 1344; x_wconf 73' lang='lat' dir='ltr'>subsistere.</span> 
     </span>
    </p>

    <p class='ocr_par' dir='ltr' id='par_1_5' title="bbox 289 1363 1053 2620">
     <span class='ocr_line' id='line_1_27' title="bbox 343 1363 1052 1409; baseline 0.003 -13"><span class='ocrx_word' id='word_1_128' title='bbox 343 1363 359 1406; x_wconf 62' lang='grc' dir='ltr'><strong>ἓ</strong></span> <span class='ocrx_word' id='word_1_129' title='bbox 377 1363 409 1396; x_wconf 71' lang='grc'>4.</span> <span class='ocrx_word' id='word_1_130' title='bbox 432 1364 476 1397; x_wconf 82' lang='lat' dir='ltr'>Ac</span> <span class='ocrx_word' id='word_1_131' title='bbox 497 1375 556 1408; x_wconf 85' lang='lat' dir='ltr'>per</span> <span class='ocrx_word' id='word_1_132' title='bbox 580 1376 634 1398; x_wconf 91' lang='lat' dir='ltr'>eos</span> <span class='ocrx_word' id='word_1_133' title='bbox 659 1365 697 1397; x_wconf 88' lang='lat' dir='ltr'>ad</span> <span class='ocrx_word' id='word_1_134' title='bbox 718 1376 800 1408; x_wconf 82' lang='lat' dir='ltr'>quos</span> <span class='ocrx_word' id='word_1_135' title='bbox 821 1376 907 1398; x_wconf 89' lang='lat' dir='ltr'>nunc</span> <span class='ocrx_word' id='word_1_136' title='bbox 932 1371 1052 1409; x_wconf 84' lang='lat' dir='ltr'>spectat</span> 
     </span>
     <span class='ocr_line' id='line_1_28' title="bbox 299 1415 1053 1462; baseline 0.004 -13"><span class='ocrx_word' id='word_1_137' title='bbox 299 1422 330 1449; x_wconf 85' lang='lat' dir='ltr'>et</span> <span class='ocrx_word' id='word_1_138' title='bbox 359 1428 418 1460; x_wconf 92' lang='lat' dir='ltr'>pro</span> <span class='ocrx_word' id='word_1_139' title='bbox 445 1415 591 1462; x_wconf 82' lang='lat' dir='ltr'>tempore</span> <span class='ocrx_word' id='word_1_140' title='bbox 616 1418 865 1462; x_wconf 69' lang='lat' dir='ltr'>quomodolibet</span> <span class='ocrx_word' id='word_1_141' title='bbox 897 1420 1053 1462; x_wconf 71' lang='lat' dir='ltr'>spectabit</span> 
     </span>
     <span class='ocr_line' id='line_1_29' title="bbox 300 1472 1053 1515; baseline 0.003 -11"><span class='ocrx_word' id='word_1_142' title='bbox 300 1477 459 1515; x_wconf 85' lang='lat' dir='ltr'>perpetuo</span> <span class='ocrx_word' id='word_1_143' title='bbox 489 1472 625 1504; x_wconf 79' lang='lat' dir='ltr'>tirmiter</span> <span class='ocrx_word' id='word_1_144' title='bbox 649 1472 811 1505; x_wconf 85' lang='lat' dir='ltr'>observari</span> <span class='ocrx_word' id='word_1_145' title='bbox 841 1472 969 1513; x_wconf 80' lang='lat' dir='ltr'>debere,</span> <span class='ocrx_word' id='word_1_146' title='bbox 995 1484 1053 1506; x_wconf 88' lang='lat' dir='ltr'>nec</span> 
     </span>
     <span class='ocr_line' id='line_1_30' title="bbox 298 1524 1053 1569; baseline 0.003 -12"><span class='ocrx_word' id='word_1_147' title='bbox 298 1525 338 1557; x_wconf 86' lang='lat' dir='ltr'>ab</span> <span class='ocrx_word' id='word_1_148' title='bbox 367 1524 430 1557; x_wconf 88' lang='lat' dir='ltr'>illis</span> <span class='ocrx_word' id='word_1_149' title='bbox 462 1525 528 1558; x_wconf 91' lang='lat' dir='ltr'>ullo</span> <span class='ocrx_word' id='word_1_150' title='bbox 561 1536 704 1568; x_wconf 85' lang='lat' dir='ltr'>unquam</span> <span class='ocrx_word' id='word_1_151' title='bbox 739 1530 884 1569; x_wconf 82' lang='lat' dir='ltr'>tempore.</span> <span class='ocrx_word' id='word_1_152' title='bbox 915 1525 1053 1560; x_wconf 82' lang='lat' dir='ltr'>retinere</span> 
     </span>
     <span class='ocr_line' id='line_1_31' title="bbox 299 1579 1052 1622; baseline 0.003 -11"><span class='ocrx_word' id='word_1_153' title='bbox 299 1589 404 1622; x_wconf 89' lang='lat' dir='ltr'>posse,</span> <span class='ocrx_word' id='word_1_154' title='bbox 427 1579 480 1611; x_wconf 87' lang='lat' dir='ltr'>sed</span> <span class='ocrx_word' id='word_1_155' title='bbox 501 1580 540 1612; x_wconf 87' lang='lat' dir='ltr'>ad</span> <span class='ocrx_word' id='word_1_156' title='bbox 562 1579 692 1612; x_wconf 87' lang='lat' dir='ltr'>illorum</span> <span class='ocrx_word' id='word_1_157' title='bbox 728 1580 875 1612; x_wconf 90' lang='lat' dir='ltr'>omnium</span> <span class='ocrx_word' id='word_1_158' title='bbox 906 1581 1052 1613; x_wconf 86' lang='lat' dir='ltr'>observa-</span> 
     </span>
     <span class='ocr_line' id='line_1_32' title="bbox 297 1632 1052 1676; baseline 0.004 -12"><span class='ocrx_word' id='word_1_159' title='bbox 297 1632 417 1665; x_wconf 78' lang='lat' dir='ltr'>tionem</span> <span class='ocrx_word' id='word_1_160' title='bbox 432 1638 590 1676; x_wconf 87' lang='lat' dir='ltr'>perpetuo</span> <span class='ocrx_word' id='word_1_161' title='bbox 605 1633 763 1676; x_wconf 79' lang='lat' dir='ltr'>obligatos</span> <span class='ocrx_word' id='word_1_162' title='bbox 783 1633 850 1666; x_wconf 86' lang='lat' dir='ltr'>sore</span> <span class='ocrx_word' id='word_1_163' title='bbox 871 1639 901 1665; x_wconf 86' lang='lat' dir='ltr'>et</span> <span class='ocrx_word' id='word_1_164' title='bbox 921 1644 1001 1674; x_wconf 84' lang='lat' dir='ltr'>csse,</span> <span class='ocrx_word' id='word_1_165' title='bbox 1016 1646 1052 1668; x_wconf 82' lang='lat' dir='ltr'>ac</span> 
     </span>
     <span class='ocr_line' id='line_1_33' title="bbox 296 1686 1052 1730; baseline 0.003 -12"><span class='ocrx_word' id='word_1_166' title='bbox 296 1686 336 1718; x_wconf 88' lang='lat' dir='ltr'>ad</span> <span class='ocrx_word' id='word_1_167' title='bbox 357 1686 389 1718; x_wconf 90' lang='lat' dir='ltr'>id</span> <span class='ocrx_word' id='word_1_168' title='bbox 417 1686 564 1719; x_wconf 80' lang='lat' dir='ltr'>censuris</span> <span class='ocrx_word' id='word_1_169' title='bbox 588 1686 815 1719; x_wconf 84' lang='lat' dir='ltr'>ecclesiasticis</span> <span class='ocrx_word' id='word_1_170' title='bbox 844 1692 874 1719; x_wconf 91' lang='lat' dir='ltr'>et</span> <span class='ocrx_word' id='word_1_171' title='bbox 899 1688 1052 1730; x_wconf 83' lang='lat' dir='ltr'>pecunia-</span> 
     </span>
     <span class='ocr_line' id='line_1_34' title="bbox 296 1739 1051 1784; baseline 0.004 -12"><span class='ocrx_word' id='word_1_172' title='bbox 296 1739 352 1772; x_wconf 89' lang='lat' dir='ltr'>riis</span> <span class='ocrx_word' id='word_1_173' title='bbox 372 1740 485 1783; x_wconf 87' lang='lat' dir='ltr'>poenis</span> <span class='ocrx_word' id='word_1_174' title='bbox 504 1740 575 1783; x_wconf 82' lang='lat' dir='ltr'>cogi</span> <span class='ocrx_word' id='word_1_175' title='bbox 597 1746 627 1773; x_wconf 90' lang='lat' dir='ltr'>et</span> <span class='ocrx_word' id='word_1_176' title='bbox 642 1739 794 1784; x_wconf 88' lang='lat' dir='ltr'>compelli</span> <span class='ocrx_word' id='word_1_177' title='bbox 815 1751 920 1784; x_wconf 87' lang='lat' dir='ltr'>posse;</span> <span class='ocrx_word' id='word_1_178' title='bbox 940 1741 1051 1784; x_wconf 85' lang='lat' dir='ltr'>sicque</span> 
     </span>
     <span class='ocr_line' id='line_1_35' title="bbox 294 1793 1052 1839; baseline 0.004 -14"><span class='ocrx_word' id='word_1_179' title='bbox 294 1793 333 1825; x_wconf 87' lang='lat' dir='ltr'>ab</span> <span class='ocrx_word' id='word_1_180' title='bbox 354 1793 507 1826; x_wconf 89' lang='lat' dir='ltr'>omnibus</span> <span class='ocrx_word' id='word_1_181' title='bbox 523 1799 553 1827; x_wconf 89' lang='lat' dir='ltr'>et</span> <span class='ocrx_word' id='word_1_182' title='bbox 569 1793 704 1836; x_wconf 82' lang='lat' dir='ltr'>singulis</span> <span class='ocrx_word' id='word_1_183' title='bbox 725 1794 862 1835; x_wconf 74' lang='lat' dir='ltr'>censeri,</span> <span class='ocrx_word' id='word_1_184' title='bbox 886 1799 917 1827; x_wconf 86' lang='lat' dir='ltr'>et</span> <span class='ocrx_word' id='word_1_185' title='bbox 939 1794 981 1827; x_wconf 90' lang='lat' dir='ltr'>ita</span> <span class='ocrx_word' id='word_1_186' title='bbox 994 1806 1052 1839; x_wconf 89' lang='lat' dir='ltr'>per</span> 
     </span>
     <span class='ocr_line' id='line_1_36' title="bbox 293 1846 1050 1891; baseline 0.004 -12"><span class='ocrx_word' id='word_1_187' title='bbox 293 1857 519 1891; x_wconf 87' lang='lat' dir='ltr'>quoscumque</span> <span class='ocrx_word' id='word_1_188' title='bbox 549 1846 674 1880; x_wconf 88' lang='lat' dir='ltr'>iudices</span> <span class='ocrx_word' id='word_1_189' title='bbox 698 1852 729 1880; x_wconf 88' lang='lat' dir='ltr'>et</span> <span class='ocrx_word' id='word_1_190' title='bbox 754 1847 994 1881; x_wconf 88' lang='lat' dir='ltr'>commissarios</span> <span class='ocrx_word' id='word_1_191' title='bbox 1013 1860 1050 1882; x_wconf 88' lang='lat' dir='ltr'>ac</span> 
     </span>
     <span class='ocr_line' id='line_1_37' title="bbox 293 1900 1048 1944; baseline 0.003 -11"><span class='ocrx_word' id='word_1_192' title='bbox 293 1900 469 1944; x_wconf 83' lang='lat' dir='ltr'>delegatos,</span> <span class='ocrx_word' id='word_1_193' title='bbox 501 1901 612 1943; x_wconf 85' lang='lat' dir='ltr'>quavis</span> <span class='ocrx_word' id='word_1_194' title='bbox 641 1901 833 1934; x_wconf 84' lang='lat' dir='ltr'>auctoritate</span> <span class='ocrx_word' id='word_1_195' title='bbox 864 1901 1048 1944; x_wconf 79' lang='lat' dir='ltr'>fungentes,</span> 
     </span>
     <span class='ocr_line' id='line_1_38' title="bbox 292 1954 1049 1999; baseline 0.003 -12"><span class='ocrx_word' id='word_1_196' title='bbox 292 1965 330 1988; x_wconf 84' lang='lat' dir='ltr'>ac</span> <span class='ocrx_word' id='word_1_197' title='bbox 360 1954 442 1988; x_wconf 88' lang='lat' dir='ltr'>sacri</span> <span class='ocrx_word' id='word_1_198' title='bbox 469 1955 570 1988; x_wconf 84' lang='lat' dir='ltr'>nostri</span> <span class='ocrx_word' id='word_1_199' title='bbox 600 1954 713 1988; x_wconf 88' lang='lat' dir='ltr'>Palatii</span> <span class='ocrx_word' id='word_1_200' title='bbox 735 1955 912 1999; x_wconf 84' lang='lat' dir='ltr'>Apostolici</span> <span class='ocrx_word' id='word_1_201' title='bbox 934 1966 1049 1989; x_wconf 88' lang='lat' dir='ltr'>causa-</span> 
     </span>
     <span class='ocr_line' id='line_1_39' title="bbox 295 2008 1049 2048; baseline 0.003 -8"><span class='ocrx_word' id='word_1_202' title='bbox 295 2019 366 2040; x_wconf 90' lang='lat' dir='ltr'>rum</span> <span class='ocrx_word' id='word_1_203' title='bbox 381 2008 557 2048; x_wconf 79' lang='lat' dir='ltr'>auditores,</span> <span class='ocrx_word' id='word_1_204' title='bbox 585 2008 712 2042; x_wconf 86' lang='lat' dir='ltr'>sublata</span> <span class='ocrx_word' id='word_1_205' title='bbox 728 2008 775 2041; x_wconf 89' lang='lat' dir='ltr'>eis</span> <span class='ocrx_word' id='word_1_206' title='bbox 795 2014 825 2041; x_wconf 91' lang='lat' dir='ltr'>et</span> <span class='ocrx_word' id='word_1_207' title='bbox 845 2019 959 2041; x_wconf 85' lang='lat' dir='ltr'>eorum</span> <span class='ocrx_word' id='word_1_208' title='bbox 981 2009 1049 2043; x_wconf 91' lang='lat' dir='ltr'>cui-</span> 
     </span>
     <span class='ocr_line' id='line_1_40' title="bbox 293 2061 1047 2107; baseline 0.003 -13"><span class='ocrx_word' id='word_1_209' title='bbox 293 2061 370 2094; x_wconf 84' lang='lat' dir='ltr'>libet</span> <span class='ocrx_word' id='word_1_210' title='bbox 390 2062 502 2105; x_wconf 85' lang='lat' dir='ltr'>quavis</span> <span class='ocrx_word' id='word_1_211' title='bbox 528 2061 624 2095; x_wconf 84' lang='lat' dir='ltr'>aliter</span> <span class='ocrx_word' id='word_1_212' title='bbox 649 2061 815 2095; x_wconf 86' lang='lat' dir='ltr'>iudicandi</span> <span class='ocrx_word' id='word_1_213' title='bbox 836 2067 866 2095; x_wconf 87' lang='lat' dir='ltr'>et</span> <span class='ocrx_word' id='word_1_214' title='bbox 887 2062 1047 2107; x_wconf 87' lang='lat' dir='ltr'>interpre-</span> 
     </span>
     <span class='ocr_line' id='line_1_41' title="bbox 292 2114 1049 2156; baseline 0.001 -10"><span class='ocrx_word' id='word_1_215' title='bbox 292 2114 380 2147; x_wconf 87' lang='lat' dir='ltr'>tandi</span> <span class='ocrx_word' id='word_1_216' title='bbox 400 2115 554 2148; x_wconf 79' lang='lat' dir='ltr'>facultate</span> <span class='ocrx_word' id='word_1_217' title='bbox 579 2120 611 2148; x_wconf 88' lang='lat' dir='ltr'>et</span> <span class='ocrx_word' id='word_1_218' title='bbox 637 2114 839 2156; x_wconf 84' lang='lat' dir='ltr'>auctoritate,</span> <span class='ocrx_word' id='word_1_219' title='bbox 861 2115 997 2149; x_wconf 82' lang='lat' dir='ltr'>iudicari</span> <span class='ocrx_word' id='word_1_220' title='bbox 1019 2122 1049 2149; x_wconf 65' lang='lat' dir='ltr'>et,</span> 
     </span>
     <span class='ocr_line' id='line_1_42' title="bbox 291 2166 1049 2214; baseline 0.004 -14"><span class='ocrx_word' id='word_1_221' title='bbox 291 2166 419 2200; x_wconf 84' lang='lat' dir='ltr'>definiri</span> <span class='ocrx_word' id='word_1_222' title='bbox 440 2167 572 2209; x_wconf 86' lang='lat' dir='ltr'>debere;</span> <span class='ocrx_word' id='word_1_223' title='bbox 594 2180 631 2201; x_wconf 86' lang='lat' dir='ltr'>ac</span> <span class='ocrx_word' id='word_1_224' title='bbox 656 2168 817 2211; x_wconf 88' lang='lat' dir='ltr'>quidquid</span> <span class='ocrx_word' id='word_1_225' title='bbox 839 2179 931 2202; x_wconf 86' lang='lat' dir='ltr'>secus</span> <span class='ocrx_word' id='word_1_226' title='bbox 950 2181 1049 2214; x_wconf 79' lang='lat' dir='ltr'>super</span> 
     </span>
     <span class='ocr_line' id='line_1_43' title="bbox 292 2219 1048 2264; baseline 0.003 -12"><span class='ocrx_word' id='word_1_227' title='bbox 292 2219 341 2252; x_wconf 87' lang='lat' dir='ltr'>his</span> <span class='ocrx_word' id='word_1_228' title='bbox 361 2230 378 2252; x_wconf 88' lang='lat' dir='ltr'>a</span> <span class='ocrx_word' id='word_1_229' title='bbox 398 2231 579 2264; x_wconf 86' lang='lat' dir='ltr'>quoquam,</span> <span class='ocrx_word' id='word_1_230' title='bbox 602 2221 714 2264; x_wconf 88' lang='lat' dir='ltr'>quavis</span> <span class='ocrx_word' id='word_1_231' title='bbox 730 2221 935 2262; x_wconf 84' lang='lat' dir='ltr'>auctoritate,</span> <span class='ocrx_word' id='word_1_232' title='bbox 947 2222 1048 2255; x_wconf 89' lang='lat' dir='ltr'>scien-</span> 
     </span>
     <span class='ocr_line' id='line_1_44' title="bbox 292 2273 1045 2317; baseline 0.004 -13"><span class='ocrx_word' id='word_1_233' title='bbox 292 2278 340 2305; x_wconf 89' lang='lat' dir='ltr'>ter</span> <span class='ocrx_word' id='word_1_234' title='bbox 363 2273 414 2305; x_wconf 84' lang='lat' dir='ltr'>vel</span> <span class='ocrx_word' id='word_1_235' title='bbox 442 2273 641 2316; x_wconf 82' lang='lat' dir='ltr'>ignoranter,</span> <span class='ocrx_word' id='word_1_236' title='bbox 676 2274 827 2307; x_wconf 85' lang='lat' dir='ltr'>attentari</span> <span class='ocrx_word' id='word_1_237' title='bbox 858 2274 1045 2317; x_wconf 76' lang='lat' dir='ltr'>contigerit,</span> 
     </span>
     <span class='ocr_line' id='line_1_45' title="bbox 291 2324 1048 2371; baseline 0.004 -13"><span class='ocrx_word' id='word_1_238' title='bbox 291 2324 418 2358; x_wconf 87' lang='lat' dir='ltr'>irritum</span> <span class='ocrx_word' id='word_1_239' title='bbox 429 2332 461 2359; x_wconf 87' lang='lat' dir='ltr'>et</span> <span class='ocrx_word' id='word_1_240' title='bbox 475 2326 570 2359; x_wconf 85' lang='lat' dir='ltr'>inane</span> <span class='ocrx_word' id='word_1_241' title='bbox 586 2326 804 2367; x_wconf 82' lang='lat' dir='ltr'>decernimus3</span> <span class='ocrx_word' id='word_1_242' title='bbox 824 2338 1001 2371; x_wconf 86' lang='lat' dir='ltr'>omnesque</span> <span class='ocrx_word' id='word_1_243' title='bbox 1017 2334 1048 2362; x_wconf 89' lang='lat' dir='ltr'>et</span> 
     </span>
     <span class='ocr_line' id='line_1_46' title="bbox 291 2378 1048 2423; baseline 0.003 -12"><span class='ocrx_word' id='word_1_244' title='bbox 291 2378 435 2422; x_wconf 84' lang='lat' dir='ltr'>singulos</span> <span class='ocrx_word' id='word_1_245' title='bbox 446 2384 510 2412; x_wconf 88' lang='lat' dir='ltr'>tam</span> <span class='ocrx_word' id='word_1_246' title='bbox 521 2379 601 2412; x_wconf 89' lang='lat' dir='ltr'>iuris</span> <span class='ocrx_word' id='word_1_247' title='bbox 612 2390 709 2423; x_wconf 85' lang='lat' dir='ltr'>quam</span> <span class='ocrx_word' id='word_1_248' title='bbox 720 2380 794 2412; x_wconf 87' lang='lat' dir='ltr'>sacti</span> <span class='ocrx_word' id='word_1_249' title='bbox 811 2390 848 2413; x_wconf 86' lang='lat' dir='ltr'>ac</span> <span class='ocrx_word' id='word_1_250' title='bbox 864 2380 1048 2414; x_wconf 82' lang='lat' dir='ltr'>solemnita-</span> 
     </span>
     <span class='ocr_line' id='line_1_47' title="bbox 291 2428 1047 2473; baseline 0.004 -13"><span class='ocrx_word' id='word_1_251' title='bbox 291 2433 372 2468; x_wconf 89' lang='lat' dir='ltr'>tum,</span> <span class='ocrx_word' id='word_1_252' title='bbox 393 2429 433 2461; x_wconf 89' lang='lat' dir='ltr'>de</span> <span class='ocrx_word' id='word_1_253' title='bbox 446 2428 530 2469; x_wconf 86' lang='lat' dir='ltr'>iure,</span> <span class='ocrx_word' id='word_1_254' title='bbox 548 2428 784 2462; x_wconf 84' lang='lat' dir='ltr'>consuetudine</span> <span class='ocrx_word' id='word_1_255' title='bbox 804 2435 859 2462; x_wconf 81' lang='lat' dir='ltr'>aut</span> <span class='ocrx_word' id='word_1_256' title='bbox 879 2429 958 2462; x_wconf 87' lang='lat' dir='ltr'>alias</span> <span class='ocrx_word' id='word_1_257' title='bbox 968 2441 1047 2473; x_wconf 85' lang='lat' dir='ltr'>quo-</span> 
     </span>
     <span class='ocr_line' id='line_1_48' title="bbox 290 2477 1046 2521; baseline 0.004 -12"><span class='ocrx_word' id='word_1_258' title='bbox 290 2477 467 2511; x_wconf 89' lang='lat' dir='ltr'>modolibet</span> <span class='ocrx_word' id='word_1_259' title='bbox 489 2477 733 2521; x_wconf 78' lang='lat' dir='ltr'>requisitarum‚</span> <span class='ocrx_word' id='word_1_260' title='bbox 756 2478 788 2511; x_wconf 94' lang='lat' dir='ltr'>in</span> <span class='ocrx_word' id='word_1_261' title='bbox 809 2478 858 2510; x_wconf 88' lang='lat' dir='ltr'>bis</span> <span class='ocrx_word' id='word_1_262' title='bbox 882 2480 989 2511; x_wconf 79' lang='lat' dir='ltr'>forsan</span> <span class='ocrx_word' id='word_1_263' title='bbox 1011 2490 1046 2512; x_wconf 96' lang='lat' dir='ltr'>o-</span> 
     </span>
     <span class='ocr_line' id='line_1_49' title="bbox 289 2525 1045 2571; baseline 0.004 -13"><span class='ocrx_word' id='word_1_264' title='bbox 289 2525 460 2559; x_wconf 81' lang='lat' dir='ltr'>missarum</span> <span class='ocrx_word' id='word_1_265' title='bbox 476 2526 632 2567; x_wconf 86' lang='lat' dir='ltr'>defectus,</span> <span class='ocrx_word' id='word_1_266' title='bbox 647 2527 672 2559; x_wconf 91' lang='lat' dir='ltr'>si</span> <span class='ocrx_word' id='word_1_267' title='bbox 692 2527 747 2571; x_wconf 88' lang='lat' dir='ltr'>qui</span> <span class='ocrx_word' id='word_1_268' title='bbox 769 2527 1045 2561; x_wconf 89' lang='lat' dir='ltr'>intervenerintin</span> 
     </span>
     <span class='ocr_line' id='line_1_50' title="bbox 289 2575 647 2620; baseline 0.006 -13"><span class='ocrx_word' id='word_1_269' title='bbox 289 2575 424 2617; x_wconf 85' lang='lat' dir='ltr'>eisdem,</span> <span class='ocrx_word' id='word_1_270' title='bbox 443 2576 647 2620; x_wconf 87' lang='lat' dir='ltr'>supplemus.</span> 
     </span>
    </p>

    <p class='ocr_par' dir='ltr' id='par_1_6' title="bbox 333 2625 1045 2671">
     <span class='ocr_line' id='line_1_51' title="bbox 333 2625 1045 2671; baseline 0.001 -12"><span class='ocrx_word' id='word_1_271' title='bbox 333 2626 349 2670; x_wconf 78' lang='lat'>§</span> <span class='ocrx_word' id='word_1_272' title='bbox 368 2625 400 2659; x_wconf 85' lang='lat'>5.</span> <span class='ocrx_word' id='word_1_273' title='bbox 420 2625 577 2659; x_wconf 86' lang='lat' dir='ltr'>Volumus</span> <span class='ocrx_word' id='word_1_274' title='bbox 593 2625 728 2670; x_wconf 87' lang='lat' dir='ltr'>insuper</span> <span class='ocrx_word' id='word_1_275' title='bbox 746 2626 834 2670; x_wconf 87' lang='lat' dir='ltr'>quod</span> <span class='ocrx_word' id='word_1_276' title='bbox 855 2637 968 2661; x_wconf 86' lang='lat' dir='ltr'>omnes</span> <span class='ocrx_word' id='word_1_277' title='bbox 988 2637 1045 2671; x_wconf 89' lang='lat' dir='ltr'>pe-</span> 
     </span>
    </p>
   </div>
   <div class='ocr_carea' id='block_1_5' title="bbox 1080 357 1088 946">
    <p class='ocr_par' dir='ltr' id='par_1_7' title="bbox 1080 357 1088 946">
     <span class='ocr_line' id='line_1_52' title="bbox 1080 357 1088 946; baseline 0 0"><span class='ocrx_word' id='word_1_278' title='bbox 1080 357 1088 946; x_wconf 95' lang='lat' dir='ltr'> </span> 
     </span>
    </p>
   </div>
   <div class='ocr_carea' id='block_1_6' title="bbox 1087 335 1895 2670">
    <p class='ocr_par' dir='ltr' id='par_1_8' title="bbox 1103 335 1895 872">
     <span class='ocr_line' id='line_1_53' title="bbox 1108 335 1894 386; baseline 0.008 -12"><span class='ocrx_word' id='word_1_279' title='bbox 1108 341 1201 374; x_wconf 84' lang='lat' dir='ltr'>Petro</span> <span class='ocrx_word' id='word_1_280' title='bbox 1222 341 1360 374; x_wconf 85' lang='lat' dir='ltr'>Antonio</span> <span class='ocrx_word' id='word_1_281' title='bbox 1379 342 1495 374; x_wconf 82' lang='lat' dir='ltr'>rectori</span> <span class='ocrx_word' id='word_1_282' title='bbox 1509 343 1674 385; x_wconf 60' lang='lat' dir='ltr'>praedato</span> <span class='ocrx_word' id='word_1_283' title='bbox 1690 346 1860 380; x_wconf 76' lang='lat' dir='ltr'>occasione</span> <span class='ocrx_word' id='word_1_284' title='bbox 1875 335 1894 386; x_wconf 54' lang='lat'>{³</span> 
     </span>
     <span class='ocr_line' id='line_1_54' title="bbox 1109 394 1895 437; baseline 0.006 -10"><span class='ocrx_word' id='word_1_285' title='bbox 1109 394 1298 428; x_wconf 78' lang='lat' dir='ltr'>venditionis</span> <span class='ocrx_word' id='word_1_286' title='bbox 1328 395 1431 428; x_wconf 75' lang='lat' dir='ltr'>dictae</span> <span class='ocrx_word' id='word_1_287' title='bbox 1458 396 1573 429; x_wconf 89' lang='lat' dir='ltr'>domus</span> <span class='ocrx_word' id='word_1_288' title='bbox 1601 398 1736 437; x_wconf 81' lang='lat' dir='ltr'>solutae,</span> <span class='ocrx_word' id='word_1_289' title='bbox 1768 406 1796 432; x_wconf 82' lang='lat' dir='ltr'>et</span> <span class='ocrx_word' id='word_1_290' title='bbox 1824 411 1858 432; x_wconf 77' lang='lat' dir='ltr'>ex</span> <span class='ocrx_word' id='word_1_291' title='bbox 1876 406 1895 419; x_wconf 76' lang='lat'>⁰¹</span> 
     </span>
     <span class='ocr_line' id='line_1_55' title="bbox 1108 448 1859 494; baseline 0.007 -14"><span class='ocrx_word' id='word_1_292' title='bbox 1108 448 1220 491; x_wconf 85' lang='lat' dir='ltr'>poenis</span> <span class='ocrx_word' id='word_1_293' title='bbox 1240 454 1270 481; x_wconf 89' lang='lat' dir='ltr'>et</span> <span class='ocrx_word' id='word_1_294' title='bbox 1290 448 1589 490; x_wconf 80' lang='lat' dir='ltr'>confiscationibus,</span> <span class='ocrx_word' id='word_1_295' title='bbox 1612 456 1647 482; x_wconf 89' lang='lat' dir='ltr'>ut</span> <span class='ocrx_word' id='word_1_296' title='bbox 1667 452 1859 494; x_wconf 73' lang='lat' dir='ltr'>praefertur,</span> 
     </span>
     <span class='ocr_line' id='line_1_56' title="bbox 1107 502 1857 546; baseline 0.008 -13"><span class='ocrx_word' id='word_1_297' title='bbox 1107 502 1268 542; x_wconf 84' lang='lat' dir='ltr'>redactae,</span> <span class='ocrx_word' id='word_1_298' title='bbox 1286 513 1383 546; x_wconf 87' lang='lat' dir='ltr'>quam</span> <span class='ocrx_word' id='word_1_299' title='bbox 1404 503 1435 535; x_wconf 88' lang='lat' dir='ltr'>in</span> <span class='ocrx_word' id='word_1_300' title='bbox 1458 508 1622 546; x_wconf 87' lang='lat' dir='ltr'>posterum</span> <span class='ocrx_word' id='word_1_301' title='bbox 1643 505 1815 539; x_wconf 79' lang='lat' dir='ltr'>solvendae</span> <span class='ocrx_word' id='word_1_302' title='bbox 1830 513 1857 539; x_wconf 82' lang='lat' dir='ltr'>et</span> 
     </span>
     <span class='ocr_line' id='line_1_57' title="bbox 1106 555 1857 599; baseline 0.007 -12"><span class='ocrx_word' id='word_1_303' title='bbox 1106 555 1281 598; x_wconf 75' lang='lat' dir='ltr'>respective</span> <span class='ocrx_word' id='word_1_304' title='bbox 1311 556 1517 599; x_wconf 76' lang='lat' dir='ltr'>redigendae,</span> <span class='ocrx_word' id='word_1_305' title='bbox 1541 557 1572 589; x_wconf 91' lang='lat' dir='ltr'>in</span> <span class='ocrx_word' id='word_1_306' title='bbox 1604 558 1787 592; x_wconf 88' lang='lat' dir='ltr'>debitorum</span> <span class='ocrx_word' id='word_1_307' title='bbox 1808 560 1857 592; x_wconf 87' lang='lat' dir='ltr'>di-</span> 
     </span>
     <span class='ocr_line' id='line_1_58' title="bbox 1106 608 1858 653; baseline 0.008 -13"><span class='ocrx_word' id='word_1_308' title='bbox 1106 608 1148 640; x_wconf 85' lang='lat' dir='ltr'>cti</span> <span class='ocrx_word' id='word_1_309' title='bbox 1167 609 1294 652; x_wconf 78' lang='lat' dir='ltr'>collegii</span> <span class='ocrx_word' id='word_1_310' title='bbox 1310 610 1535 648; x_wconf 77' lang='lat' dir='ltr'>extinctioues,</span> <span class='ocrx_word' id='word_1_311' title='bbox 1550 611 1574 644; x_wconf 84' lang='lat' dir='ltr'>si</span> <span class='ocrx_word' id='word_1_312' title='bbox 1593 617 1709 653; x_wconf 80' lang='lat' dir='ltr'>extant;</span> <span class='ocrx_word' id='word_1_313' title='bbox 1733 613 1781 645; x_wconf 88' lang='lat' dir='ltr'>sin</span> <span class='ocrx_word' id='word_1_314' title='bbox 1800 614 1858 646; x_wconf 91' lang='lat' dir='ltr'>mi-</span> 
     </span>
     <span class='ocr_line' id='line_1_59' title="bbox 1106 662 1857 707; baseline 0.011 -15"><span class='ocrx_word' id='word_1_315' title='bbox 1106 672 1177 701; x_wconf 89' lang='lat' dir='ltr'>nus,</span> <span class='ocrx_word' id='word_1_316' title='bbox 1206 662 1237 694; x_wconf 90' lang='lat' dir='ltr'>in</span> <span class='ocrx_word' id='word_1_317' title='bbox 1268 664 1466 707; x_wconf 85' lang='lat' dir='ltr'>emptionem</span> <span class='ocrx_word' id='word_1_318' title='bbox 1497 670 1542 697; x_wconf 87' lang='lat' dir='ltr'>tot</span> <span class='ocrx_word' id='word_1_319' title='bbox 1570 666 1731 699; x_wconf 84' lang='lat' dir='ltr'>bonorum</span> <span class='ocrx_word' id='word_1_320' title='bbox 1760 668 1857 700; x_wconf 87' lang='lat' dir='ltr'>stabi-</span> 
     </span>
     <span class='ocr_line' id='line_1_60' title="bbox 1104 715 1857 754; baseline 0.011 -8"><span class='ocrx_word' id='word_1_321' title='bbox 1104 715 1182 747; x_wconf 89' lang='lat' dir='ltr'>lium</span> <span class='ocrx_word' id='word_1_322' title='bbox 1208 716 1272 748; x_wconf 88' lang='lat' dir='ltr'>sive</span> <span class='ocrx_word' id='word_1_323' title='bbox 1302 728 1458 750; x_wconf 83' lang='lat' dir='ltr'>censuum</span> <span class='ocrx_word' id='word_1_324' title='bbox 1493 725 1548 752; x_wconf 87' lang='lat' dir='ltr'>aut</span> <span class='ocrx_word' id='word_1_325' title='bbox 1582 719 1729 753; x_wconf 86' lang='lat' dir='ltr'>locorum</span> <span class='ocrx_word' id='word_1_326' title='bbox 1765 732 1857 754; x_wconf 90' lang='lat' dir='ltr'>mon-</span> 
     </span>
     <span class='ocr_line' id='line_1_61' title="bbox 1104 768 1857 813; baseline 0.012 -14"><span class='ocrx_word' id='word_1_327' title='bbox 1104 768 1196 808; x_wconf 89' lang='lat' dir='ltr'>tium,</span> <span class='ocrx_word' id='word_1_328' title='bbox 1217 780 1281 801; x_wconf 90' lang='lat' dir='ltr'>non</span> <span class='ocrx_word' id='word_1_329' title='bbox 1303 771 1508 813; x_wconf 70' lang='lat' dir='ltr'>varaffllium,</span> <span class='ocrx_word' id='word_1_330' title='bbox 1526 773 1649 807; x_wconf 80' lang='lat' dir='ltr'>utiliter</span> <span class='ocrx_word' id='word_1_331' title='bbox 1669 781 1857 808; x_wconf 80' lang='lat' dir='ltr'>convertan-</span> 
     </span>
     <span class='ocr_line' id='line_1_62' title="bbox 1103 821 1852 872; baseline 0.012 -19"><span class='ocrx_word' id='word_1_332' title='bbox 1103 826 1167 859; x_wconf 85' lang='lat' dir='ltr'>tur,</span> <span class='ocrx_word' id='word_1_333' title='bbox 1190 832 1250 855; x_wconf 83' lang='lat' dir='ltr'>nec</span> <span class='ocrx_word' id='word_1_334' title='bbox 1270 821 1301 855; x_wconf 91' lang='lat' dir='ltr'>in</span> <span class='ocrx_word' id='word_1_335' title='bbox 1326 824 1426 856; x_wconf 78' lang='lat' dir='ltr'>alium</span> <span class='ocrx_word' id='word_1_336' title='bbox 1448 837 1541 858; x_wconf 92' lang='lat' dir='ltr'>usum</span> <span class='ocrx_word' id='word_1_337' title='bbox 1563 828 1690 869; x_wconf 72' lang='lat' dir='ltr'>erogari</span> <span class='ocrx_word' id='word_1_338' title='bbox 1719 829 1852 872; x_wconf 79' lang='lat' dir='ltr'>possint.</span> 
     </span>
    </p>

    <p class='ocr_par' dir='ltr' id='par_1_9' title="bbox 1089 875 1857 2359">
     <span class='ocr_line' id='line_1_63' title="bbox 1146 875 1857 922; baseline 0.013 -15"><span class='ocrx_word' id='word_1_339' title='bbox 1146 875 1160 918; x_wconf 62' lang='grc' dir='ltr'>ἕ</span> <span class='ocrx_word' id='word_1_340' title='bbox 1187 875 1216 908; x_wconf 82' lang='grc'>6.</span> <span class='ocrx_word' id='word_1_341' title='bbox 1246 876 1430 911; x_wconf 79' lang='lat' dir='ltr'>Mandantes</span> <span class='ocrx_word' id='word_1_342' title='bbox 1451 885 1620 922; x_wconf 82' lang='lat' dir='ltr'>propteiea</span> <span class='ocrx_word' id='word_1_343' title='bbox 1644 882 1808 916; x_wconf 87' lang='lat' dir='ltr'>modernis</span> <span class='ocrx_word' id='word_1_344' title='bbox 1827 888 1857 916; x_wconf 86' lang='lat' dir='ltr'>et</span> 
     </span>
     <span class='ocr_line' id='line_1_64' title="bbox 1102 931 1853 973; baseline 0.012 -12"><span class='ocrx_word' id='word_1_345' title='bbox 1102 939 1161 972; x_wconf 88' lang='lat' dir='ltr'>pro</span> <span class='ocrx_word' id='word_1_346' title='bbox 1182 935 1328 973; x_wconf 85' lang='lat' dir='ltr'>tempore</span> <span class='ocrx_word' id='word_1_347' title='bbox 1348 931 1557 965; x_wconf 75' lang='lat' dir='ltr'>existentibus</span> <span class='ocrx_word' id='word_1_348' title='bbox 1577 934 1722 967; x_wconf 84' lang='lat' dir='ltr'>eiusdem</span> <span class='ocrx_word' id='word_1_349' title='bbox 1739 935 1853 970; x_wconf 59' lang='lat' dir='ltr'>SRE.</span> 
     </span>
     <span class='ocr_line' id='line_1_65' title="bbox 1101 982 1854 1024; baseline 0.011 -10"><span class='ocrx_word' id='word_1_350' title='bbox 1101 982 1257 1016; x_wconf 84' lang='lat' dir='ltr'>cardinali</span> <span class='ocrx_word' id='word_1_351' title='bbox 1279 985 1472 1024; x_wconf 84' lang='lat' dir='ltr'>camerario,</span> <span class='ocrx_word' id='word_1_352' title='bbox 1494 996 1621 1019; x_wconf 83' lang='lat' dir='ltr'>necnon</span> <span class='ocrx_word' id='word_1_353' title='bbox 1642 987 1757 1021; x_wconf 86' lang='lat' dir='ltr'>Curiae</span> <span class='ocrx_word' id='word_1_354' title='bbox 1777 1000 1854 1022; x_wconf 85' lang='lat' dir='ltr'>cau-</span> 
     </span>
     <span class='ocr_line' id='line_1_66' title="bbox 1100 1036 1853 1083; baseline 0.011 -16"><span class='ocrx_word' id='word_1_355' title='bbox 1100 1046 1208 1068; x_wconf 86' lang='lat' dir='ltr'>sarum</span> <span class='ocrx_word' id='word_1_356' title='bbox 1229 1036 1382 1070; x_wconf 83' lang='lat' dir='ltr'>Gamerae</span> <span class='ocrx_word' id='word_1_357' title='bbox 1409 1038 1611 1081; x_wconf 81' lang='lat' dir='ltr'>Apostolicae</span> <span class='ocrx_word' id='word_1_358' title='bbox 1632 1042 1773 1083; x_wconf 73' lang='lat' dir='ltr'>generali</span> <span class='ocrx_word' id='word_1_359' title='bbox 1796 1054 1853 1075; x_wconf 88' lang='lat' dir='ltr'>au-</span> 
     </span>
     <span class='ocr_line' id='line_1_67' title="bbox 1099 1088 1853 1137; baseline 0.011 -17"><span class='ocrx_word' id='word_1_360' title='bbox 1099 1088 1209 1129; x_wconf 87' lang='lat' dir='ltr'>ditori,</span> <span class='ocrx_word' id='word_1_361' title='bbox 1229 1096 1390 1133; x_wconf 84' lang='lat' dir='ltr'>quatenus</span> <span class='ocrx_word' id='word_1_362' title='bbox 1410 1091 1469 1134; x_wconf 84' lang='lat' dir='ltr'>ipsi</span> <span class='ocrx_word' id='word_1_363' title='bbox 1482 1097 1636 1125; x_wconf 83' lang='lat' dir='ltr'>eteorum</span> <span class='ocrx_word' id='word_1_364' title='bbox 1649 1094 1740 1135; x_wconf 73' lang='lat' dir='ltr'>alter,</span> <span class='ocrx_word' id='word_1_365' title='bbox 1753 1106 1853 1137; x_wconf 67' lang='lat' dir='ltr'>perse</span> 
     </span>
     <span class='ocr_line' id='line_1_68' title="bbox 1098 1143 1852 1191; baseline 0.011 -17"><span class='ocrx_word' id='word_1_366' title='bbox 1098 1143 1144 1174; x_wconf 87' lang='lat' dir='ltr'>vel</span> <span class='ocrx_word' id='word_1_367' title='bbox 1172 1143 1271 1176; x_wconf 90' lang='lat' dir='ltr'>alium</span> <span class='ocrx_word' id='word_1_368' title='bbox 1289 1154 1345 1176; x_wconf 86' lang='lat' dir='ltr'>seu</span> <span class='ocrx_word' id='word_1_369' title='bbox 1367 1144 1458 1185; x_wconf 85' lang='lat' dir='ltr'>alios,</span> <span class='ocrx_word' id='word_1_370' title='bbox 1482 1146 1548 1185; x_wconf 87' lang='lat' dir='ltr'>ubi,</span> <span class='ocrx_word' id='word_1_371' title='bbox 1571 1147 1701 1190; x_wconf 87' lang='lat' dir='ltr'>quando</span> <span class='ocrx_word' id='word_1_372' title='bbox 1722 1154 1753 1181; x_wconf 91' lang='lat' dir='ltr'>et</span> <span class='ocrx_word' id='word_1_373' title='bbox 1772 1160 1852 1191; x_wconf 90' lang='lat' dir='ltr'>quo-</span> 
     </span>
     <span class='ocr_line' id='line_1_69' title="bbox 1099 1195 1853 1246; baseline 0.011 -18"><span class='ocrx_word' id='word_1_374' title='bbox 1099 1195 1158 1229; x_wconf 90' lang='lat' dir='ltr'>ties</span> <span class='ocrx_word' id='word_1_375' title='bbox 1176 1207 1258 1240; x_wconf 92' lang='lat' dir='ltr'>opus</span> <span class='ocrx_word' id='word_1_376' title='bbox 1283 1198 1392 1238; x_wconf 86' lang='lat' dir='ltr'>suerit,</span> <span class='ocrx_word' id='word_1_377' title='bbox 1420 1205 1451 1231; x_wconf 82' lang='lat' dir='ltr'>et</span> <span class='ocrx_word' id='word_1_378' title='bbox 1478 1200 1606 1243; x_wconf 85' lang='lat' dir='ltr'>quoties</span> <span class='ocrx_word' id='word_1_379' title='bbox 1631 1212 1690 1244; x_wconf 88' lang='lat' dir='ltr'>pro</span> <span class='ocrx_word' id='word_1_380' title='bbox 1716 1208 1806 1246; x_wconf 86' lang='lat' dir='ltr'>parte</span> <span class='ocrx_word' id='word_1_381' title='bbox 1828 1203 1853 1235; x_wconf 92' lang='lat' dir='ltr'>i-</span> 
     </span>
     <span class='ocr_line' id='line_1_70' title="bbox 1099 1249 1852 1299; baseline 0.011 -18"><span class='ocrx_word' id='word_1_382' title='bbox 1099 1249 1188 1292; x_wconf 86' lang='lat' dir='ltr'>psius</span> <span class='ocrx_word' id='word_1_383' title='bbox 1217 1251 1405 1296; x_wconf 75' lang='lat' dir='ltr'>Hieronymi</span> <span class='ocrx_word' id='word_1_384' title='bbox 1431 1253 1604 1287; x_wconf 85' lang='lat' dir='ltr'>cardinalis</span> <span class='ocrx_word' id='word_1_385' title='bbox 1632 1261 1662 1287; x_wconf 85' lang='lat' dir='ltr'>ct</span> <span class='ocrx_word' id='word_1_386' title='bbox 1687 1266 1746 1299; x_wconf 85' lang='lat' dir='ltr'>pro</span> <span class='ocrx_word' id='word_1_387' title='bbox 1772 1261 1852 1289; x_wconf 80' lang='lat' dir='ltr'>tem-</span> 
     </span>
     <span class='ocr_line' id='line_1_71' title="bbox 1098 1305 1851 1352; baseline 0.011 -17"><span class='ocrx_word' id='word_1_388' title='bbox 1098 1315 1176 1347; x_wconf 82' lang='lat' dir='ltr'>pore</span> <span class='ocrx_word' id='word_1_389' title='bbox 1198 1305 1472 1339; x_wconf 77' lang='lat' dir='ltr'>existentisnostri</span> <span class='ocrx_word' id='word_1_390' title='bbox 1484 1307 1851 1352; x_wconf 81' lang='lat' dir='ltr'>etSedispraedictaein</span> 
     </span>
     <span class='ocr_line' id='line_1_72' title="bbox 1097 1357 1851 1408; baseline 0.012 -19"><span class='ocrx_word' id='word_1_391' title='bbox 1097 1357 1182 1390; x_wconf 86' lang='lat' dir='ltr'>dicta</span> <span class='ocrx_word' id='word_1_392' title='bbox 1203 1358 1286 1391; x_wconf 84' lang='lat' dir='ltr'>Urbe</span> <span class='ocrx_word' id='word_1_393' title='bbox 1308 1359 1460 1403; x_wconf 85' lang='lat' dir='ltr'>illiusque</span> <span class='ocrx_word' id='word_1_394' title='bbox 1481 1360 1629 1395; x_wconf 84' lang='lat' dir='ltr'>districtu</span> <span class='ocrx_word' id='word_1_395' title='bbox 1649 1363 1788 1397; x_wconf 84' lang='lat' dir='ltr'>vicarius</span> <span class='ocrx_word' id='word_1_396' title='bbox 1799 1377 1851 1408; x_wconf 69' lang='lat' dir='ltr'>ge-</span> 
     </span>
     <span class='ocr_line' id='line_1_73' title="bbox 1096 1411 1852 1460; baseline 0.011 -17"><span class='ocrx_word' id='word_1_397' title='bbox 1096 1411 1215 1444; x_wconf 85' lang='lat' dir='ltr'>neralis</span> <span class='ocrx_word' id='word_1_398' title='bbox 1236 1412 1383 1456; x_wconf 82' lang='lat' dir='ltr'>requisiti</span> <span class='ocrx_word' id='word_1_399' title='bbox 1404 1414 1537 1455; x_wconf 82' lang='lat' dir='ltr'>suerint,</span> <span class='ocrx_word' id='word_1_400' title='bbox 1561 1421 1592 1447; x_wconf 84' lang='lat' dir='ltr'>et</span> <span class='ocrx_word' id='word_1_401' title='bbox 1612 1415 1644 1448; x_wconf 91' lang='lat' dir='ltr'>in</span> <span class='ocrx_word' id='word_1_402' title='bbox 1665 1418 1852 1460; x_wconf 77' lang='lat' dir='ltr'>praemissis</span> 
     </span>
     <span class='ocr_line' id='line_1_74' title="bbox 1096 1465 1850 1511; baseline 0.008 -14"><span class='ocrx_word' id='word_1_403' title='bbox 1096 1465 1237 1498; x_wconf 77' lang='lat' dir='ltr'>efficacis</span> <span class='ocrx_word' id='word_1_404' title='bbox 1255 1466 1452 1500; x_wconf 81' lang='lat' dir='ltr'>defensionis</span> <span class='ocrx_word' id='word_1_405' title='bbox 1472 1468 1635 1511; x_wconf 80' lang='lat' dir='ltr'>praesidio</span> <span class='ocrx_word' id='word_1_406' title='bbox 1657 1471 1850 1511; x_wconf 71' lang='lat' dir='ltr'>assistentes,</span> 
     </span>
     <span class='ocr_line' id='line_1_75' title="bbox 1095 1519 1851 1567; baseline 0.011 -16"><span class='ocrx_word' id='word_1_407' title='bbox 1095 1519 1211 1551; x_wconf 88' lang='lat' dir='ltr'>saciant</span> <span class='ocrx_word' id='word_1_408' title='bbox 1233 1521 1425 1554; x_wconf 86' lang='lat' dir='ltr'>auctoritate</span> <span class='ocrx_word' id='word_1_409' title='bbox 1450 1527 1559 1554; x_wconf 87' lang='lat' dir='ltr'>nostra</span> <span class='ocrx_word' id='word_1_410' title='bbox 1579 1534 1654 1555; x_wconf 85' lang='lat' dir='ltr'>eum</span> <span class='ocrx_word' id='word_1_411' title='bbox 1675 1525 1851 1567; x_wconf 84' lang='lat' dir='ltr'>praedictis</span> 
     </span>
     <span class='ocr_line' id='line_1_76' title="bbox 1094 1573 1849 1623; baseline 0.011 -18"><span class='ocrx_word' id='word_1_412' title='bbox 1094 1573 1210 1606; x_wconf 84' lang='lat' dir='ltr'>litteris</span> <span class='ocrx_word' id='word_1_413' title='bbox 1231 1579 1259 1606; x_wconf 90' lang='lat' dir='ltr'>et</span> <span class='ocrx_word' id='word_1_414' title='bbox 1283 1574 1314 1607; x_wconf 91' lang='lat' dir='ltr'>in</span> <span class='ocrx_word' id='word_1_415' title='bbox 1336 1574 1380 1607; x_wconf 76' lang='lat' dir='ltr'>eis</span> <span class='ocrx_word' id='word_1_416' title='bbox 1407 1575 1566 1608; x_wconf 85' lang='lat' dir='ltr'>contentis</span> <span class='ocrx_word' id='word_1_417' title='bbox 1587 1577 1849 1623; x_wconf 74' lang='lat' dir='ltr'>quibuscumque</span> 
     </span>
     <span class='ocr_line' id='line_1_77' title="bbox 1094 1627 1849 1675; baseline 0.009 -17"><span class='ocrx_word' id='word_1_418' title='bbox 1094 1627 1228 1670; x_wconf 83' lang='lat' dir='ltr'>pacitiec</span> <span class='ocrx_word' id='word_1_419' title='bbox 1249 1628 1311 1660; x_wconf 80' lang='lat' dir='ltr'>frui</span> <span class='ocrx_word' id='word_1_420' title='bbox 1333 1633 1361 1660; x_wconf 75' lang='lat' dir='ltr'>et</span> <span class='ocrx_word' id='word_1_421' title='bbox 1385 1629 1538 1671; x_wconf 76' lang='lat' dir='ltr'>gaudere,</span> <span class='ocrx_word' id='word_1_422' title='bbox 1562 1640 1625 1663; x_wconf 91' lang='lat' dir='ltr'>non</span> <span class='ocrx_word' id='word_1_423' title='bbox 1658 1632 1849 1675; x_wconf 83' lang='lat' dir='ltr'>permitten-</span> 
     </span>
     <span class='ocr_line' id='line_1_78' title="bbox 1093 1682 1850 1730; baseline 0.011 -17"><span class='ocrx_word' id='word_1_424' title='bbox 1093 1685 1140 1714; x_wconf 86' lang='lat' dir='ltr'>tes</span> <span class='ocrx_word' id='word_1_425' title='bbox 1160 1692 1234 1714; x_wconf 92' lang='lat' dir='ltr'>eum</span> <span class='ocrx_word' id='word_1_426' title='bbox 1264 1693 1323 1725; x_wconf 88' lang='lat' dir='ltr'>per</span> <span class='ocrx_word' id='word_1_427' title='bbox 1348 1682 1550 1726; x_wconf 82' lang='lat' dir='ltr'>praedictum</span> <span class='ocrx_word' id='word_1_428' title='bbox 1572 1689 1600 1716; x_wconf 92' lang='lat' dir='ltr'>et</span> <span class='ocrx_word' id='word_1_429' title='bbox 1624 1695 1683 1728; x_wconf 89' lang='lat' dir='ltr'>pro</span> <span class='ocrx_word' id='word_1_430' title='bbox 1704 1691 1850 1730; x_wconf 86' lang='lat' dir='ltr'>tempore</span> 
     </span>
     <span class='ocr_line' id='line_1_79' title="bbox 1093 1734 1850 1780; baseline 0.011 -14"><span class='ocrx_word' id='word_1_431' title='bbox 1093 1734 1282 1768; x_wconf 82' lang='lat' dir='ltr'>existentem</span> <span class='ocrx_word' id='word_1_432' title='bbox 1304 1735 1380 1768; x_wconf 85' lang='lat' dir='ltr'>dieti</span> <span class='ocrx_word' id='word_1_433' title='bbox 1402 1736 1528 1780; x_wconf 77' lang='lat' dir='ltr'>collegii</span> <span class='ocrx_word' id='word_1_434' title='bbox 1556 1743 1714 1771; x_wconf 87' lang='lat' dir='ltr'>rectorem</span> <span class='ocrx_word' id='word_1_435' title='bbox 1735 1745 1766 1773; x_wconf 89' lang='lat' dir='ltr'>et</span> <span class='ocrx_word' id='word_1_436' title='bbox 1786 1742 1850 1774; x_wconf 88' lang='lat' dir='ltr'>col-</span> 
     </span>
     <span class='ocr_line' id='line_1_80' title="bbox 1093 1788 1849 1835; baseline 0.011 -15"><span class='ocrx_word' id='word_1_437' title='bbox 1093 1788 1225 1830; x_wconf 73' lang='lat' dir='ltr'>leg-iales</span> <span class='ocrx_word' id='word_1_438' title='bbox 1250 1794 1278 1822; x_wconf 88' lang='lat' dir='ltr'>et</span> <span class='ocrx_word' id='word_1_439' title='bbox 1301 1789 1430 1832; x_wconf 73' lang='lat' dir='ltr'>quosvis</span> <span class='ocrx_word' id='word_1_440' title='bbox 1455 1791 1547 1831; x_wconf 79' lang='lat' dir='ltr'>alios,</span> <span class='ocrx_word' id='word_1_441' title='bbox 1576 1792 1687 1835; x_wconf 87' lang='lat' dir='ltr'>quavis</span> <span class='ocrx_word' id='word_1_442' title='bbox 1707 1795 1849 1827; x_wconf 85' lang='lat' dir='ltr'>auctori-</span> 
     </span>
     <span class='ocr_line' id='line_1_81' title="bbox 1094 1842 1845 1890; baseline 0.009 -16"><span class='ocrx_word' id='word_1_443' title='bbox 1094 1846 1156 1875; x_wconf 81' lang='lat' dir='ltr'>tate</span> <span class='ocrx_word' id='word_1_444' title='bbox 1180 1842 1353 1885; x_wconf 79' lang='lat' dir='ltr'>fungentes</span> <span class='ocrx_word' id='word_1_445' title='bbox 1369 1850 1397 1877; x_wconf 90' lang='lat' dir='ltr'>et</span> <span class='ocrx_word' id='word_1_446' title='bbox 1419 1844 1573 1887; x_wconf 77' lang='lat' dir='ltr'>dignitate</span> <span class='ocrx_word' id='word_1_447' title='bbox 1594 1847 1845 1890; x_wconf 81' lang='lat' dir='ltr'>praefulgentes,</span> 
     </span>
     <span class='ocr_line' id='line_1_82' title="bbox 1092 1896 1846 1942; baseline 0.008 -14"><span class='ocrx_word' id='word_1_448' title='bbox 1092 1896 1257 1930; x_wconf 86' lang='lat' dir='ltr'>molestari</span> <span class='ocrx_word' id='word_1_449' title='bbox 1277 1923 1284 1937; x_wconf 88' lang='lat'><strong><em>,</em></strong></span> <span class='ocrx_word' id='word_1_450' title='bbox 1315 1898 1501 1940; x_wconf 85' lang='lat' dir='ltr'>perturbari</span> <span class='ocrx_word' id='word_1_451' title='bbox 1530 1904 1586 1931; x_wconf 89' lang='lat' dir='ltr'>aut</span> <span class='ocrx_word' id='word_1_452' title='bbox 1610 1898 1783 1942; x_wconf 86' lang='lat' dir='ltr'>inquietari</span> <span class='ocrx_word' id='word_1_453' title='bbox 1800 1903 1846 1934; x_wconf 83' lang='lat' dir='ltr'>vel</span> 
     </span>
     <span class='ocr_line' id='line_1_83' title="bbox 1091 1949 1849 1996; baseline 0.008 -14"><span class='ocrx_word' id='word_1_454' title='bbox 1091 1949 1266 1993; x_wconf 81' lang='lat' dir='ltr'>impediri;</span> <span class='ocrx_word' id='word_1_455' title='bbox 1289 1951 1543 1985; x_wconf 82' lang='lat' dir='ltr'>contradictores</span> <span class='ocrx_word' id='word_1_456' title='bbox 1564 1953 1725 1996; x_wconf 83' lang='lat' dir='ltr'>quoslibet</span> <span class='ocrx_word' id='word_1_457' title='bbox 1746 1960 1777 1987; x_wconf 89' lang='lat' dir='ltr'>et</span> <span class='ocrx_word' id='word_1_458' title='bbox 1800 1967 1849 1988; x_wconf 85' lang='lat' dir='ltr'>re·</span> 
     </span>
     <span class='ocr_line' id='line_1_84' title="bbox 1090 2002 1848 2051; baseline 0.008 -15"><span class='ocrx_word' id='word_1_459' title='bbox 1090 2002 1190 2037; x_wconf 86' lang='lat' dir='ltr'>belles</span> <span class='ocrx_word' id='word_1_460' title='bbox 1212 2014 1270 2047; x_wconf 90' lang='lat' dir='ltr'>per</span> <span class='ocrx_word' id='word_1_461' title='bbox 1289 2005 1474 2045; x_wconf 87' lang='lat' dir='ltr'>sententias,</span> <span class='ocrx_word' id='word_1_462' title='bbox 1498 2010 1651 2039; x_wconf 77' lang='lat' dir='ltr'>censuras</span> <span class='ocrx_word' id='word_1_463' title='bbox 1671 2013 1702 2040; x_wconf 87' lang='lat' dir='ltr'>et</span> <span class='ocrx_word' id='word_1_464' title='bbox 1727 2019 1848 2051; x_wconf 80' lang='lat' dir='ltr'>poenas</span> 
     </span>
     <span class='ocr_line' id='line_1_85' title="bbox 1091 2057 1844 2105; baseline 0.008 -16"><span class='ocrx_word' id='word_1_465' title='bbox 1091 2057 1325 2090; x_wconf 77' lang='lat' dir='ltr'>ecclesiasticas</span> <span class='ocrx_word' id='word_1_466' title='bbox 1343 2084 1350 2098; x_wconf 94' lang='lat'>,</span> <span class='ocrx_word' id='word_1_467' title='bbox 1388 2059 1606 2102; x_wconf 83' lang='lat' dir='ltr'>appellatione</span> <span class='ocrx_word' id='word_1_468' title='bbox 1646 2061 1844 2105; x_wconf 82' lang='lat' dir='ltr'>postposita,</span> 
     </span>
     <span class='ocr_line' id='line_1_86' title="bbox 1090 2111 1846 2157; baseline 0.005 -13"><span class='ocrx_word' id='word_1_469' title='bbox 1090 2111 1345 2154; x_wconf 79' lang='lat' dir='ltr'>compescend03</span> <span class='ocrx_word' id='word_1_470' title='bbox 1368 2122 1403 2144; x_wconf 84' lang='lat' dir='ltr'>ac</span> <span class='ocrx_word' id='word_1_471' title='bbox 1426 2111 1579 2154; x_wconf 74' lang='lat' dir='ltr'>legitimis</span> <span class='ocrx_word' id='word_1_472' title='bbox 1599 2123 1697 2157; x_wconf 88' lang='lat' dir='ltr'>super</span> <span class='ocrx_word' id='word_1_473' title='bbox 1717 2113 1766 2147; x_wconf 86' lang='lat' dir='ltr'>his</span> <span class='ocrx_word' id='word_1_474' title='bbox 1791 2115 1846 2148; x_wconf 87' lang='lat' dir='ltr'>ha-</span> 
     </span>
     <span class='ocr_line' id='line_1_87' title="bbox 1089 2164 1846 2208; baseline 0.008 -12"><span class='ocrx_word' id='word_1_475' title='bbox 1089 2164 1202 2197; x_wconf 85' lang='lat' dir='ltr'>bendis</span> <span class='ocrx_word' id='word_1_476' title='bbox 1227 2164 1357 2198; x_wconf 84' lang='lat' dir='ltr'>servatis</span> <span class='ocrx_word' id='word_1_477' title='bbox 1382 2165 1600 2208; x_wconf 63' lang='lat' dir='ltr'>processibus,</span> <span class='ocrx_word' id='word_1_478' title='bbox 1635 2177 1787 2201; x_wconf 82' lang='lat' dir='ltr'>censuras</span> <span class='ocrx_word' id='word_1_479' title='bbox 1816 2175 1846 2202; x_wconf 79' lang='lat' dir='ltr'>et</span> 
     </span>
     <span class='ocr_line' id='line_1_88' title="bbox 1090 2218 1842 2262; baseline 0.005 -11"><span class='ocrx_word' id='word_1_480' title='bbox 1090 2228 1210 2261; x_wconf 87' lang='lat' dir='ltr'>poenas</span> <span class='ocrx_word' id='word_1_481' title='bbox 1230 2218 1413 2262; x_wconf 82' lang='lat' dir='ltr'>praedictas</span> <span class='ocrx_word' id='word_1_482' title='bbox 1433 2219 1609 2253; x_wconf 86' lang='lat' dir='ltr'>incurrisse</span> <span class='ocrx_word' id='word_1_483' title='bbox 1634 2221 1842 2262; x_wconf 82' lang='lat' dir='ltr'>declarando,</span> 
     </span>
     <span class='ocr_line' id='line_1_89' title="bbox 1089 2271 1845 2316; baseline 0.005 -12"><span class='ocrx_word' id='word_1_484' title='bbox 1089 2272 1236 2304; x_wconf 84' lang='lat' dir='ltr'>invocato</span> <span class='ocrx_word' id='word_1_485' title='bbox 1249 2271 1343 2304; x_wconf 84' lang='lat' dir='ltr'>etiam</span> <span class='ocrx_word' id='word_1_486' title='bbox 1365 2271 1488 2313; x_wconf 86' lang='lat' dir='ltr'>adhoc,</span> <span class='ocrx_word' id='word_1_487' title='bbox 1501 2273 1525 2305; x_wconf 86' lang='lat' dir='ltr'>si</span> <span class='ocrx_word' id='word_1_488' title='bbox 1547 2284 1630 2316; x_wconf 86' lang='lat' dir='ltr'>opus</span> <span class='ocrx_word' id='word_1_489' title='bbox 1650 2274 1759 2315; x_wconf 81' lang='lat' dir='ltr'>suerit,</span> <span class='ocrx_word' id='word_1_490' title='bbox 1773 2276 1845 2308; x_wconf 88' lang='lat' dir='ltr'>bra-</span> 
     </span>
     <span class='ocr_line' id='line_1_90' title="bbox 1089 2325 1503 2359; baseline 0.002 -2"><span class='ocrx_word' id='word_1_491' title='bbox 1089 2325 1153 2357; x_wconf 84' lang='lat' dir='ltr'>chii</span> <span class='ocrx_word' id='word_1_492' title='bbox 1179 2325 1353 2358; x_wconf 86' lang='lat' dir='ltr'>saecularis</span> <span class='ocrx_word' id='word_1_493' title='bbox 1371 2325 1503 2359; x_wconf 83' lang='lat' dir='ltr'>auxilio.</span> 
     </span>
    </p>

    <p class='ocr_par' dir='ltr' id='par_1_10' title="bbox 1087 2378 1844 2670">
     <span class='ocr_line' id='line_1_91' title="bbox 1133 2378 1843 2423; baseline 0.007 -13"><span class='ocrx_word' id='word_1_494' title='bbox 1133 2379 1148 2422; x_wconf 64' lang='grc' dir='ltr'><strong>ἓ</strong></span> <span class='ocrx_word' id='word_1_495' title='bbox 1169 2378 1198 2411; x_wconf 95' lang='grc'>7.</span> <span class='ocrx_word' id='word_1_496' title='bbox 1222 2378 1291 2411; x_wconf 83' lang='grc' dir='ltr'>Νοη</span> <span class='ocrx_word' id='word_1_497' title='bbox 1307 2378 1509 2412; x_wconf 86' lang='lat' dir='ltr'>obstantibus</span> <span class='ocrx_word' id='word_1_498' title='bbox 1529 2381 1724 2423; x_wconf 75' lang='lat' dir='ltr'>praemissis,</span> <span class='ocrx_word' id='word_1_499' title='bbox 1749 2394 1785 2415; x_wconf 86' lang='lat' dir='ltr'>ac</span> <span class='ocrx_word' id='word_1_500' title='bbox 1803 2384 1843 2415; x_wconf 80' lang='lat' dir='ltr'>se-</span> 
     </span>
     <span class='ocr_line' id='line_1_92' title="bbox 1088 2427 1844 2474; baseline 0.007 -15"><span class='ocrx_word' id='word_1_501' title='bbox 1088 2427 1158 2460; x_wconf 85' lang='lat' dir='ltr'>licis</span> <span class='ocrx_word' id='word_1_502' title='bbox 1169 2427 1400 2460; x_wconf 86' lang='lat' dir='ltr'>recordationis</span> <span class='ocrx_word' id='word_1_503' title='bbox 1412 2428 1502 2461; x_wconf 85' lang='lat' dir='ltr'>Pauli</span> <span class='ocrx_word' id='word_1_504' title='bbox 1515 2429 1552 2470; x_wconf 88' lang='lat' dir='ltr'>ll,</span> <span class='ocrx_word' id='word_1_505' title='bbox 1567 2435 1597 2462; x_wconf 89' lang='lat' dir='ltr'>et</span> <span class='ocrx_word' id='word_1_506' title='bbox 1612 2441 1844 2474; x_wconf 81' lang='lat' dir='ltr'>quorumcum-</span> 
     </span>
     <span class='ocr_line' id='line_1_93' title="bbox 1088 2477 1843 2522; baseline 0.005 -14"><span class='ocrx_word' id='word_1_507' title='bbox 1088 2487 1150 2520; x_wconf 89' lang='lat' dir='ltr'>que</span> <span class='ocrx_word' id='word_1_508' title='bbox 1172 2477 1393 2510; x_wconf 83' lang='lat' dir='ltr'>Romanorum</span> <span class='ocrx_word' id='word_1_509' title='bbox 1409 2477 1601 2510; x_wconf 77' lang='lat' dir='ltr'>Pontificum</span> <span class='ocrx_word' id='word_1_510' title='bbox 1617 2480 1843 2522; x_wconf 76' lang='lat' dir='ltr'>praedeeesso-</span> 
     </span>
     <span class='ocr_line' id='line_1_94' title="bbox 1088 2526 1842 2567; baseline 0.005 -9"><span class='ocrx_word' id='word_1_511' title='bbox 1088 2536 1160 2558; x_wconf 88' lang='lat' dir='ltr'>rum</span> <span class='ocrx_word' id='word_1_512' title='bbox 1186 2530 1385 2567; x_wconf 84' lang='lat' dir='ltr'>nostrorum,</span> <span class='ocrx_word' id='word_1_513' title='bbox 1415 2526 1453 2559; x_wconf 83' lang='lat' dir='ltr'>de</span> <span class='ocrx_word' id='word_1_514' title='bbox 1477 2527 1575 2559; x_wconf 86' lang='lat' dir='ltr'>rebus</span> <span class='ocrx_word' id='word_1_515' title='bbox 1595 2527 1757 2561; x_wconf 83' lang='lat' dir='ltr'>Ecclesiae</span> <span class='ocrx_word' id='word_1_516' title='bbox 1778 2540 1842 2561; x_wconf 91' lang='lat' dir='ltr'>non</span> 
     </span>
     <span class='ocr_line' id='line_1_95' title="bbox 1087 2574 1843 2618; baseline 0.004 -12"><span class='ocrx_word' id='word_1_517' title='bbox 1087 2574 1279 2615; x_wconf 81' lang='lat' dir='ltr'>alienandis,</span> <span class='ocrx_word' id='word_1_518' title='bbox 1298 2579 1329 2608; x_wconf 85' lang='lat' dir='ltr'>et</span> <span class='ocrx_word' id='word_1_519' title='bbox 1345 2574 1511 2618; x_wconf 72' lang='lat' dir='ltr'>quibusvis</span> <span class='ocrx_word' id='word_1_520' title='bbox 1524 2575 1594 2609; x_wconf 83' lang='lat' dir='ltr'>aliis</span> <span class='ocrx_word' id='word_1_521' title='bbox 1606 2577 1843 2609; x_wconf 86' lang='lat' dir='ltr'>constitutioni-</span> 
     </span>
     <span class='ocr_line' id='line_1_96' title="bbox 1087 2623 1842 2670; baseline 0.005 -13"><span class='ocrx_word' id='word_1_522' title='bbox 1087 2624 1148 2657; x_wconf 87' lang='lat' dir='ltr'>bus</span> <span class='ocrx_word' id='word_1_523' title='bbox 1166 2629 1197 2658; x_wconf 85' lang='lat' dir='ltr'>et</span> <span class='ocrx_word' id='word_1_524' title='bbox 1216 2623 1477 2658; x_wconf 84' lang='lat' dir='ltr'>ordinationibus</span> <span class='ocrx_word' id='word_1_525' title='bbox 1494 2625 1692 2670; x_wconf 86' lang='lat' dir='ltr'>apostolicis;</span> <span class='ocrx_word' id='word_1_526' title='bbox 1716 2636 1842 2661; x_wconf 87' lang='lat' dir='ltr'>necnon</span> 
     </span>
    </p>
   </div>
   <div class='ocr_carea' id='block_1_7' title="bbox 1859 2421 1877 2437">
    <p class='ocr_par' dir='ltr' id='par_1_11' title="bbox 1859 2421 1877 2437">
     <span class='ocr_line' id='line_1_97' title="bbox 1859 2421 1877 2437; baseline 0 0"><span class='ocrx_word' id='word_1_527' title='bbox 1859 2421 1877 2437; x_wconf 71' lang='lat' dir='ltr'>tr</span> 
     </span>
    </p>
   </div>
   <div class='ocr_carea' id='block_1_8' title="bbox 1754 228 2060 268">
    <p class='ocr_par' dir='ltr' id='par_1_12' title="bbox 1754 228 2060 268">
     <span class='ocr_line' id='line_1_98' title="bbox 1754 228 2060 268; baseline 0.023 -8"><span class='ocrx_word' id='word_1_528' title='bbox 1754 228 1817 263; x_wconf 66' lang='lat'>1⁶23</span> <span class='ocrx_word' id='word_1_529' title='bbox 1876 240 1927 267; x_wconf 71' lang='lat' dir='ltr'>An.</span> <span class='ocrx_word' id='word_1_530' title='bbox 1947 241 1973 268; x_wconf 86' lang='lat' dir='ltr'>c.</span> <span class='ocrx_word' id='word_1_531' title='bbox 1995 241 2060 268; x_wconf 70' lang='lat'>1850</span> 
     </span>
    </p>
   </div>
   <div class='ocr_carea' id='block_1_9' title="bbox 1916 302 2056 323">
    <p class='ocr_par' dir='ltr' id='par_1_13' title="bbox 1916 302 2056 323">
     <span class='ocr_line' id='line_1_99' title="bbox 1916 302 2056 323; baseline -0.007 -1"><span class='ocrx_word' id='word_1_532' title='bbox 1916 302 2010 323; x_wconf 22' lang='lat' dir='ltr'>Pretium</span> <span class='ocrx_word' id='word_1_533' title='bbox 2038 309 2056 322; x_wconf 75' lang='lat' dir='ltr'>m</span> 
     </span>
    </p>
   </div>
   <div class='ocr_carea' id='block_1_10' title="bbox 1890 335 2059 355">
    <p class='ocr_par' dir='ltr' id='par_1_14' title="bbox 1890 335 2059 355">
     <span class='ocr_line' id='line_1_100' title="bbox 1890 335 2059 355; baseline -0.006 0"><span class='ocrx_word' id='word_1_534' title='bbox 1890 341 1951 355; x_wconf 80' lang='lat' dir='ltr'>onum</span> <span class='ocrx_word' id='word_1_535' title='bbox 1962 336 2008 355; x_wconf 54' lang='lat' dir='ltr'>iii-*ti</span> <span class='ocrx_word' id='word_1_536' title='bbox 2019 335 2059 355; x_wconf 54' lang='lat' dir='ltr'>ent&gt;</span> 
     </span>
    </p>
   </div>
   <div class='ocr_carea' id='block_1_11' title="bbox 1995 370 2057 392">
    <p class='ocr_par' dir='ltr' id='par_1_15' title="bbox 1995 370 2057 392">
     <span class='ocr_line' id='line_1_101' title="bbox 1995 370 2057 392; baseline 0 -7"><span class='ocrx_word' id='word_1_537' title='bbox 1995 370 2057 392; x_wconf 59' lang='lat' dir='ltr'>chm</span> 
     </span>
    </p>
   </div>
   <div class='ocr_carea' id='block_1_12' title="bbox 1900 369 1990 392">
    <p class='ocr_par' dir='ltr' id='par_1_16' title="bbox 1900 369 1990 392">
     <span class='ocr_line' id='line_1_102' title="bbox 1900 369 1990 392; baseline 0 -7"><span class='ocrx_word' id='word_1_538' title='bbox 1900 369 1925 392; x_wconf 69' lang='lat' dir='ltr'>gii</span> <span class='ocrx_word' id='word_1_539' title='bbox 1956 374 1990 392; x_wconf 65' lang='lat' dir='ltr'>pia</span> 
     </span>
    </p>
   </div>
   <div class='ocr_carea' id='block_1_13' title="bbox 1897 406 1959 424">
    <p class='ocr_par' dir='ltr' id='par_1_17' title="bbox 1897 406 1959 424">
     <span class='ocr_line' id='line_1_103' title="bbox 1897 406 1959 424; baseline 0 -7"><span class='ocrx_word' id='word_1_540' title='bbox 1897 406 1959 424; x_wconf 40' lang='lat' dir='ltr'>‘sinnii</span> 
     </span>
    </p>
   </div>
   <div class='ocr_carea' id='block_1_14' title="bbox 1882 2387 1935 2438">
    <p class='ocr_par' dir='ltr' id='par_1_18' title="bbox 1882 2387 1935 2438">
     <span class='ocr_line' id='line_1_104' title="bbox 1887 2387 1922 2407; baseline 0 0"><span class='ocrx_word' id='word_1_541' title='bbox 1887 2387 1922 2407; x_wconf 74' lang='lat' dir='ltr'>Dc·</span> 
     </span>
     <span class='ocr_line' id='line_1_105' title="bbox 1882 2424 1935 2438; baseline 0.019 -1"><span class='ocrx_word' id='word_1_542' title='bbox 1882 2424 1935 2438; x_wconf 68' lang='lat' dir='ltr'>aive.</span> 
     </span>
    </p>
   </div>
   <div class='ocr_carea' id='block_1_15' title="bbox 1930 2390 1975 2412">
    <p class='ocr_par' dir='ltr' id='par_1_19' title="bbox 1930 2390 1975 2412">
     <span class='ocr_line' id='line_1_106' title="bbox 1930 2390 1975 2412; baseline 0 -7"><span class='ocrx_word' id='word_1_543' title='bbox 1930 2390 1975 2412; x_wconf 62' lang='lat' dir='ltr'>vgn</span> 
     </span>
    </p>
   </div>
   <div class='ocr_carea' id='block_1_16' title="bbox 1989 2393 2040 2407">
    <p class='ocr_par' dir='ltr' id='par_1_20' title="bbox 1989 2393 2040 2407">
     <span class='ocr_line' id='line_1_107' title="bbox 1989 2393 2040 2407; baseline 0 0"><span class='ocrx_word' id='word_1_544' title='bbox 1989 2393 2040 2407; x_wconf 49' lang='lat' dir='ltr'>son*</span> 
     </span>
    </p>
   </div>
  </div>
 </body>
</html>
