2226 3070
69 280 121 308 An.
136 280 165 307 C.
185 280 252 308 1590

93 601 121 621 De
139 602 228 622 notatio.

80 1616 112 1637 -De
132 1618 241 1637 exactori>-

57 1647 95 1667 bus
111 1650 131 1667 et
147 1648 240 1668 exactio-

57 1678 126 1699 nibus.

938 279 1042 303 SIth's
1061 279 1081 302 V
1100 279 1148 302 Pr.

266 341 352 363 nunc
389 336 472 364 extat
508 332 687 374 diligentia,
725 342 798 365 cnm
836 331 1022 365 inventariis

266 384 401 427 integris
421 390 451 418 ct
468 385 619 418 fidelibus
639 385 786 418 omnium
818 391 848 418 et
878 385 1021 428 singula-

266 449 337 470 rum
359 439 598 482 scripturarum
625 439 715 472 libris
740 440 964 479 collectarum,
992 444 1020 471 et

265 491 344 524 filsis
365 492 591 536 receptionum
614 497 644 525 et
663 492 929 535 quietantiarum.

311 545 371 577 XV.
409 546 568 584 Quoniam
603 545 792 578 Doininicus
822 545 1020 577 Valiscianus

266 598 422 638 notarius,
445 598 501 642 qui
522 598 581 630 suit
601 597 746 630 notarius
768 603 795 630 et
828 602 1021 641 procurator

263 651 434 684 duodecim
457 656 706 695 procuratorum
734 650 918 690 comitatus,
942 660 1018 683 con-

263 706 348 738 venit
369 710 398 738 et
423 715 455 737 se
476 704 629 746 obligarit
667 703 776 736 omnia
805 703 1020 736 instrumenta

262 765 291 792 et
325 759 502 801 scripturas
534 767 594 801 pro
632 757 787 790 comitatu
822 757 1020 790 necessarias

262 812 436 852 conticere,
474 822 532 855 pro
551 811 668 843 salario
704 816 872 844 scutorum
907 810 1019 853 viginti

261 864 405 908 quinquo
423 875 508 897 anno
525 864 684 907 quolibet,
707 870 737 897 et
756 864 793 896 de
812 863 922 896 multis
944 874 1020 896 con-

261 919 416 951 tractibus
437 918 572 960 aliisque
585 918 755 961 seripturis
771 918 810 950 ad
826 917 1017 950 comitatum

260 971 497 1016 pertinentibus
522 977 653 1014 rogatus
677 978 735 1012 est,
759 972 895 1014 illasque
911 970 1018 1003 consi-

258 1036 358 1068 gnare
379 1030 518 1064 recuset,
546 1025 606 1058 sub
626 1031 795 1068 praetextu
816 1024 902 1066 quod
923 1024 1019 1056 debe·

260 1084 312 1112 tur
325 1078 385 1112 sibi
405 1089 541 1116 merces,
556 1084 684 1121 praeter
697 1078 781 1111 dicta
800 1083 889 1111 scuta
905 1077 1017 1120 viginti

258 1131 414 1174 quinque,
443 1137 592 1165 teneatur
623 1131 768 1172 omnino,
804 1131 893 1164 nulla
918 1130 1017 1163 inter-

259 1184 362 1228 posita
377 1195 481 1224 mora,
503 1184 696 1227 consignare
709 1184 897 1227 regentibus
914 1183 1017 1216 dictos

257 1243 444 1271 contractus
468 1244 499 1271 et
530 1238 707 1282 scripturas
732 1249 790 1282 per
813 1248 868 1271 eos
895 1238 928 1270 in
963 1247 1016 1270 ar-

257 1291 361 1336 chivio
375 1291 562 1335 supradicto
584 1291 788 1334 reponendas
809 1296 1016 1324 etasservan-

257 1344 324 1385 das,
345 1350 477 1388 recepto
491 1344 576 1377 dicto
589 1344 707 1377 salario
721 1355 831 1377 annuo
846 1349 1013 1377 scutorum

257 1397 368 1442 viginti
388 1397 533 1442 quinque
555 1398 642 1430 iuxta
668 1398 737 1430 eius
767 1397 1012 1441 obligationem,

257 1453 378 1495 absque
409 1462 447 1484 eo
472 1451 560 1495 quod
580 1451 670 1484 aliud
699 1451 878 1495 quidquam
903 1457 1013 1495 petere

256 1511 310 1539 aut
332 1505 545 1549 praetendere
570 1505 682 1548 possit.

300 1559 375 1591 XVI.
398 1558 511 1592 Debita
527 1559 699 1592 comitatus
722 1558 878 1602 quoniam
899 1558 1014 1592 debitis

257 1611 460 1656 temporibus
484 1623 549 1645 non
571 1613 750 1648 solvuntur.
785 1617 815 1645 et
839 1618 1013 1656 propterea

257 1665 557 1697 commissariorum
580 1665 774 1708 represalias
798 1665 942 1708 aliasque
963 1676 1013 1698 ex-

256 1728 372 1762 pensas
396 1718 541 1761 quotidie
562 1718 710 1757 sustinet,
729 1718 839 1762 idque,
859 1725 894 1752 ut
915 1730 1011 1763 cxpe-

257 1771 373 1804 rientia
393 1771 516 1811 docuit,
539 1771 658 1805 accidit
673 1772 755 1805 facto
776 1778 805 1805 et
827 1773 922 1816 culpa
938 1784 1012 1806 exa-

255 1830 396 1865 ctorum,
433 1825 488 1869 qui
522 1825 705 1858 communis
734 1826 810 1859 boni
841 1827 944 1868 obliti,
975 1839 1013 1861 ac

255 1879 408 1923 propriae
442 1881 607 1912 dumtaxat
643 1879 790 1913 utilitatis
817 1881 960 1922 solliciti,
995 1892 1011 1914 a

255 1932 456 1966 debitoribus
480 1933 652 1966 comitatus
683 1933 810 1976 exigere
830 1935 1010 1977 negligunt,

255 1985 384 2030 illisque
403 1986 576 2020 dilationes
608 1998 706 2030 quam
732 1987 936 2030 longissimas
957 1999 1012 2022 eo-

257 2051 328 2073 rum
358 2041 493 2074 arbitrio
515 2042 711 2082 concedunt,
734 2043 781 2074 vel
803 2047 838 2074 ut
859 2042 921 2075 illis
938 2053 1012 2085 gra-

256 2093 432 2134 tificentur,
464 2095 513 2127 vel
546 2101 581 2127 ut
616 2095 758 2136 interim,
786 2107 851 2139 quo
889 2096 1013 2129 diutius

257 2147 376 2180 exactio
410 2148 623 2191 protrahitur,
652 2159 690 2182 eo
717 2149 821 2182 maius
841 2149 903 2193 ipsi
932 2150 1013 2183 sala-

258 2199 342 2232 rium
371 2201 595 2243 lucrifaciant;
618 2201 762 2243 idcirco,
790 2208 825 2235 ut
850 2203 1011 2237 indemni-

257 2252 313 2284 tati
333 2254 506 2287 comitatus
522 2255 722 2295 consulatur,
746 2266 916 2299 poenaque
937 2267 1012 2290 suos

257 2310 537 2348 auctoresteneat‚
554 2313 728 2341 teneantur
747 2309 920 2342 duodecim
938 2320 1012 2354 pro-

258 2363 423 2393 curatores
451 2360 596 2394 invenire
617 2366 793 2401 exactores,
820 2362 876 2405 qui
897 2373 1010 2396 eorum

256 2412 390 2452 damno,
407 2413 553 2457 periculo
567 2419 598 2446 et
612 2414 760 2457 expensis
777 2415 937 2458 accipiant
951 2427 1010 2460 pro

257 2461 386 2501 exactis,
408 2468 730 2504 quascumquetaxas
747 2467 811 2495 tam
830 2463 1011 2497 ordinarias

256 2521 353 2554 quam
369 2510 653 2551 extraordinarias,
671 2510 749 2544 alias
762 2511 921 2545 deeorum
933 2523 1009 2556 pro-

258 2558 328 2602 prio
350 2559 535 2602 persolvant
559 2564 589 2592 et
612 2560 803 2601 refundant,
833 2566 863 2593 et
892 2561 931 2594 de
959 2562 1010 2595 his

256 2607 409 2640 omnibus
441 2607 615 2651 implendis
641 2608 791 2642 idoneam
822 2610 1007 2643 cautionem

256 2662 431 2703 praestent,
455 2667 637 2701 eorumque
657 2658 814 2699 officium,
841 2669 902 2693 nec
922 2659 1007 2693 diem

1184 302 1198 313 a
1711 271 1775 304 163
1835 279 1888 307 An.
1903 279 1932 307 C.
1951 280 2020 308 1590

1064 331 1196 375 quidem
1213 332 1299 365 ultra
1320 331 1496 365 triennium
1524 332 1628 372 duret,
1647 333 1701 365 scd
1728 333 1817 376 lapso

1064 385 1204 417 triennio
1233 385 1380 428 expiret,
1405 395 1511 429 neque
1537 385 1636 428 possit
1666 386 1812 428 sequenti

1065 438 1204 471 triennio
1236 438 1333 481 eligi,
1370 439 1425 482 qui
1455 438 1659 471 antecedenti
1689 445 1820 472 exactor

1063 491 1174 523 fuerit.

1108 544 1197 577 xvtl.
1210 545 1279 577 Non
1291 550 1463 578 teneantur
1473 545 1648 578 comitativi
1669 546 1818 580 Caesena)
1834 544 2018 602 „miliaszi‘iiiiff

1063 597 1195 630 domino
1216 599 1356 641 praesidi
1377 599 1574 642 provinciae,
1593 599 1729 642 aliisque
1747 600 1817 632 otti-
1834 607 2018 641 rinlibusifflffwn·

1063 650 1198 683 cialibus
1219 657 1247 683 et
1263 651 1417 684 ministris
1435 652 1663 693 cameralibus‚
1678 664 1752 686 cum
1768 664 1818 686 re·
1833 641 2015 694 {illitiss'ci'imm

1062 704 1161 735 cturis
1182 715 1236 737 seu
1248 705 1396 747 carrigiis
1409 706 1493 739 ultra
1510 706 1553 746 id,
1565 707 1653 750 quod
1664 707 1816 751 importat

1063 767 1174 788 eorum
1202 758 1417 798 territorium,
1441 760 1614 800 inservire3
1637 767 1819 794 serventur-

1061 821 1123 853 que
1144 810 1176 842 in
1189 812 1314 851 ceteris,
1338 813 1444 855 quoad
1465 813 1550 846 dicta
1562 814 1711 858 carrigitu
1734 815 1818 848 dicta

1061 863 1204 906 capitula
1223 875 1259 897 ex
1285 865 1403 898 Sacrae
1422 865 1594 899 Consultac
1619 868 1745 909 ordine,
1762 880 1820 912 per

1061 927 1144 959 quae
1171 917 1257 950 circa
1287 919 1421 951 modum
1450 920 1607 953 serviendi
1629 932 1703 954 cum
1725 922 1819 956 dictis

1061 969 1207 1013 carrigiis
1228 977 1273 1003 est
1291 972 1413 1015 optime
1435 973 1612 1016 provisum.

1105 1023 1208 1057 xvtll.
1226 1024 1272 1056 Ad
1293 1027 1486 1058 resecandas
1510 1027 1673 1070 impensas
1701 1040 1818 1073 super-

1060 1076 1139 1108 ssuas
1159 1076 1343 1118 ctinutiles‚
1366 1089 1430 1112 non
1451 1080 1702 1124 possitamplius
1713 1082 1818 1115 dictus

1059 1129 1233 1162 comitatus
1271 1131 1389 1164 babere
1430 1139 1691 1176 procuratorem,
1719 1146 1816 1178 quem

1059 1182 1144 1215 dicta
1159 1184 1302 1227 capitula
1315 1185 1375 1218 sibi
1391 1190 1502 1219 tenere
1517 1187 1722 1230 permittunt,
1742 1200 1816 1222 cum

1059 1236 1175 1269 salario
1201 1248 1311 1271 annuo
1336 1245 1504 1272 scutorum
1530 1239 1642 1282 viginti
1675 1247 1818 1284 quatuor

1058 1290 1129 1322 auri
1151 1291 1183 1323 in
1196 1302 1290 1330 auro,
1309 1304 1394 1337 quae
1408 1295 1722 1328 constituuntlibras
1744 1305 1814 1337 cet;

1057 1353 1163 1386 neque
1202 1345 1323 1378 habere
1361 1352 1509 1389 agentem
1544 1347 1681 1388 Romae,
1718 1360 1815 1392 quem

1057 1392 1142 1426 dicta
1164 1394 1306 1438 capitula
1331 1406 1406 1428 cum
1434 1396 1552 1430 salario
1579 1407 1690 1430 annuo
1715 1399 1814 1432 libra-

1057 1453 1129 1474 rum
1147 1453 1205 1476 cxx
1224 1449 1336 1477 tener«-
1351 1445 1549 1485 eoncedun13
1570 1456 1677 1490 neque
1695 1448 1815 1482 habere

1057 1495 1226 1536 factorem,
1248 1509 1346 1541 quem
1367 1509 1456 1531 nunc
1476 1505 1588 1532 tenent
1606 1511 1680 1533 cum
1696 1502 1815 1535 salario

1055 1550 1331 1584 annuolibrarum
1345 1552 1594 1596 quinquaginta:
1618 1554 1672 1587 sed
1694 1555 1725 1587 hi
1741 1566 1813 1588 om-

1055 1613 1111 1636 nes
1135 1611 1386 1645 removeantur,
1411 1617 1592 1650 eorumque
1624 1608 1730 1641 officia
1758 1620 1813 1652 pe-

1887 1023 2017 1049 &unguitur

1833 1054 1924 1074 officium
1939 1060 2017 1081 procu-

1832 1086 2017 1111 ratorisetagen—

1833 1116 1860 1135 tis
1901 1118 2015 1136 cernuatus

1832 1145 1918 1171 Rornae.
1935 1150 1956 1167 el
1978 1146 2015 1167 fu-

1832 1179 1903 1198 cteris.

1042 1656 1142 1689 'nitus
1162 1658 1406 1701 extinguantur,
1439 1659 1621 1703 salariaque
1646 1662 1812 1705 praedicta

1055 1710 1119 1744 illis
1146 1722 1183 1744 ac
1209 1712 1306 1745 etiam
1341 1713 1530 1756 regentibus
1559 1724 1616 1746 seu
1647 1714 1811 1758 prioribus

1055 1765 1210 1799 salarium
1238 1766 1398 1799 librarum
1419 1766 1532 1809 viginti
1550 1767 1710 1811 quinque,
1728 1781 1811 1813 quae

1055 1820 1165 1855 omnia
1185 1821 1303 1853 salaria
1318 1821 1418 1854 libras
1435 1831 1547 1854 cDLxxl
1559 1821 1591 1854 in
1613 1827 1716 1856 totum
1733 1834 1811 1857 con-

1055 1875 1203 1914 stituunt,
1224 1874 1359 1908 omnino
1379 1875 1578 1916 adimantur,
1601 1882 1629 1909 et
1651 1877 1689 1909 de
1703 1882 1812 1911 cetero

1056 1935 1120 1957 non
1151 1925 1326 1964 solvantur,
1359 1925 1418 1957 sub
1445 1935 1550 1968 poena
1575 1925 1666 1969 dupli
1696 1937 1810 1959 eorum

1055 1984 1138 2016 quac
1159 1973 1264 2006 soluta
1291 1972 1424 2008 fuerint,
1457 1979 1522 2006 tam
1548 1974 1686 2017 persolvi
1723 1986 1812 2008 man·

1055 2023 1168 2056 dantes
1197 2028 1225 2055 et
1257 2022 1408 2055 mandata
1433 2022 1602 2064 facientes,
1628 2034 1726 2067 quam
1753 2036 1810 2069 per

1055 2071 1303 2115 depositarium,
1327 2072 1383 2114 qui
1415 2072 1556 2112 solverit,
1586 2077 1617 2105 ct
1650 2083 1724 2106 eum
1754 2075 1809 2118 qui

1056 2121 1215 2164 receperit
1225 2120 1435 2161 incurrenda,
1449 2121 1603 2157 Gamerae
1615 2122 1810 2165 Apostolicae

1055 2171 1124 2215 ipso
1145 2171 1229 2203 sacto
1257 2171 1375 2211 soluta,
1408 2170 1523 2213 quinta
1552 2175 1642 2214 parte
1676 2182 1809 2206 accusa-

1055 2220 1117 2253 tori
1155 2220 1373 2264 applicanda;
1405 2219 1491 2252 dicta
1511 2230 1587 2253 vero
1608 2231 1736 2254 summa
1757 2221 1808 2255 in-

1054 2269 1171 2303 serviat
1190 2280 1249 2313 pro
1282 2268 1399 2302 salario
1419 2269 1579 2303 exactoris
1598 2275 1629 2303 et
1657 2270 1730 2304 aliis
1757 2282 1809 2305 ex—

1053 2317 1161 2363 pensis
1199 2317 1392 2351 necessariis
1425 2329 1485 2362 pro
1524 2318 1612 2351 dicto
1650 2319 1807 2353 comitatu

1053 2366 1222 2406 faciendis,
1246 2367 1341 2400 modo
1363 2367 1508 2401 etforma
1519 2372 1551 2400 et
1562 2378 1637 2401 cum
1654 2368 1808 2402 solemni-

1055 2417 1172 2449 tatibus
1198 2415 1404 2459 supradictis.

1097 2464 1174 2497 xlx.
1201 2464 1271 2497 Non
1288 2465 1413 2508 possint
1441 2471 1590 2508 regentes
1609 2476 1667 2498 seu
1688 2476 1807 2509 procu·
1848 2477 2004 2512 xxpensqeeg.

1053 2519 1176 2546 ratores
1204 2513 1329 2557 aliquas
1353 2525 1510 2558 expensas
1533 2514 1806 2548 extraordinarias
1820 2508 2004 2559 {1⁸ggdss'222'2'2,

1053 2563 1171 2602 facere,
1203 2562 1299 2595 etiam
1328 2563 1536 2607 quantumvis
1560 2563 2002 2606 urgentissimasconsitiimiutme

1052 2618 1082 2644 et
1101 2612 1312 2653 necessarias,
1349 2612 1501 2654 cuiusvis,
1534 2613 1630 2646 etiam
1656 2612 1801 2652 minime,
1818 2601 1934 2622 ‘³⁰¹⁶⁰‘¹³⁶'

1051 2660 1253 2704 quantitatis,
1268 2661 1340 2699 ,nisi
1361 2661 1451 2706 prius
1471 2662 1555 2695 facta
1581 2660 1804 2707 propositione
