2226 3070
281 300 329 327 An.
347 300 375 328 C.
394 299 460 327 1592

293 359 331 379 Hic
341 357 402 378 modo
411 358 462 378 Pon-

281 385 329 405 tifex
338 385 415 404 dictam
428 384 463 404 de·

281 412 416 432 clai-ationem
432 417 462 431 re·

282 441 341 458 vocat
370 438 463 463 Gregorii

281 465 325 484 xlv
334 473 337 485 2

507 290 570 324 5202

478 360 568 386 rum,
593 349 773 387 civitatum,
795 349 985 393 oppidorum
1009 353 1036 380 et
1069 348 1213 380 locorum

478 403 660 437 huiusmodi
679 404 832 436 haetenus
846 404 955 438 factae,
970 413 1005 434 ex
1020 401 1135 444 quibus
1149 412 1214 433 ma-

479 467 539 498 gna
564 457 661 490 laesio
691 463 718 489 et
752 456 931 488 imminutio
965 454 1146 498 patrimonii
1179 465 1213 486 ac

478 511 717 544 existimationis
737 516 864 543 sanctae
875 509 1037 542 Romanae
1057 508 1214 541 Ecclesiae

477 570 609 607 sequuta
627 570 682 601 est,
698 564 791 596 etiam
810 563 868 595 sub
889 568 1052 606 praetextu
1066 567 1095 594 et
1108 562 1214 594 colore

477 627 567 649 verae
588 622 615 648 et
638 615 790 649 evidentis
810 615 1005 648 necessitatis
1026 615 1072 647 vel
1094 614 1214 646 utilita-

477 670 514 701 tis
542 669 840 713 praedecessoribus
864 669 1046 702 Sanctitatis
1065 668 1147 701 Suae
1168 668 1213 699 in-

475 722 616 755 sinuatae
638 724 775 763 fuerunt,
791 733 863 755 cum
884 729 990 755 tamen
1012 722 1059 754 vix
1080 722 1144 754 ulla
1161 732 1216 753 ne-

478 776 605 809 cessitas
623 777 793 819 excogitari
815 777 924 820 possit,
942 776 991 808 cui
1010 788 1046 808 ex
1067 775 1137 807 aliis
1157 775 1214 806 bo-

477 830 524 862 nis
544 835 596 862 aut
619 830 795 863 redditibus
824 836 850 863 et
881 830 1089 874 proventibus
1119 839 1214 872 quam

476 885 702 918 constitutione
720 885 880 928 praedicta
895 883 1026 917 alienari
1045 882 1216 926 prohibitis

475 939 635 972 subveniri
667 944 822 982 nequeat,
846 938 894 970 vix
926 937 1020 970 etiam
1052 937 1117 969 ulla
1148 936 1214 969 dari

478 993 572 1036 possit
592 993 730 1029 utilitas,
752 992 801 1025 eui
826 1002 890 1024 non
910 991 1146 1034 praeponderet
1166 1000 1215 1022 re-

477 1046 639 1090 cuperatio
660 1052 690 1079 et
708 1046 802 1078 realis
830 1044 1037 1085 reintegratio
1064 1044 1095 1076 in
1116 1043 1214 1087 patri-

477 1100 621 1132 monium
642 1100 671 1133 8.
695 1100 730 1132 P„
746 1099 780 1132 E.
805 1099 989 1131 carumdem
1008 1097 1170 1129 civitatum
1186 1102 1213 1129 et

477 1154 619 1187 locorum
641 1153 804 1197 hucusque
828 1153 1055 1188 alienator1nu2
1080 1160 1215 1193 cunique.

477 1207 660 1240 huiusmodi
698 1218 788 1239 casus
823 1206 987 1239 absolutae
1021 1204 1216 1237 necessitatis

477 1266 530 1293 aut
560 1271 649 1293 verae
679 1266 707 1293 et
737 1260 890 1293 evidentis
920 1258 1063 1291 utilitatis
1093 1258 1216 1290 facilius

477 1320 581 1346 mente
616 1320 710 1357 atquc
742 1314 848 1346 auimo
878 1312 1003 1355 concipi
1028 1317 1058 1344 et
1092 1311 1214 1352 effingi,

477 1378 572 1411 quam
601 1379 659 1400 usu
690 1368 796 1400 venire
826 1366 965 1410 possint,
991 1366 1091 1398 multo
1117 1365 1217 1405 inagis

477 1421 626 1464 expedire
644 1432 772 1454 omnem
792 1431 922 1464 prorsus
943 1419 1173 1452 alienationum
1187 1423 1213 1451 et

477 1474 746 1512 investiturarum,
757 1473 1022 1518 prorogationum
1038 1478 1065 1505 ct
1081 1472 1215 1504 aliarum

478 1529 735 1565 concessionum,
768 1528 1072 1572 quomodocumque
1099 1533 1124 1559 et
1158 1526 1216 1559 sub

478 1583 732 1626 quibuscumque
752 1582 853 1615 causis
882 1587 910 1614 et
940 1581 1153 1624 praetextibus
1173 1586 1218 1613 at-

479 1637 619 1670 tentandi
639 1637 721 1669 viam
736 1636 868 1669 omnino
886 1635 1106 1679 praecludere,
1121 1644 1216 1677 quam

478 1691 518 1723 ob
551 1690 730 1723 rarissimos
766 1700 876 1726 casus,
900 1688 954 1732 qui
983 1688 1031 1720 vix
1064 1698 1215 1731 umquam

479 1745 642 1787 contigere
674 1750 816 1788 possunt,
850 1750 991 1787 apertam
1019 1743 1214 1785 relinquere;

479 1809 615 1842 cumque
644 1799 768 1830 lucrum
796 1797 826 1829 in
859 1803 1000 1840 tempore
1031 1796 1214 1838 negligere,

480 1852 653 1884 maximum
685 1851 878 1895 quandoque
910 1850 950 1883 sit
982 1849 1140 1882 Ecclesiae
1172 1850 1218 1881 lu-

480 1917 580 1945 crum,
604 1905 713 1938 utilius
733 1916 800 1938 esse
821 1904 943 1937 radices
960 1915 1082 1941 omnes,
1098 1914 1133 1936 ex
1150 1903 1219 1947 qui-

480 1959 538 1992 bus
559 1959 742 1992 huiusmodi
763 1957 1148 2002 alienationesprovenire
1166 1968 1218 1989 va-

482 2014 576 2053 leant,
600 2013 725 2056 penitus
746 2013 890 2049 evellere,
915 2023 1011 2056 quam
1029 2023 1064 2044 ex
1083 2011 1218 2055 eoquod

482 2067 652 2110 aliquando
672 2066 770 2110 possit
788 2077 896 2099 earum
915 2066 1019 2109 aliqua
1033 2065 1118 2098 utilis
1139 2075 1216 2102 csse,

482 2120 681 2153 occasionem
702 2120 855 2163 praebere
887 2126 920 2152 ut
950 2120 1067 2152 multae
1095 2119 1220 2162 praeiu-

484 2175 611 2207 diciales
632 2180 659 2207 et
681 2175 853 2207 damnosae
875 2175 970 2209 fiant:
1002 2174 1052 2206 cui
1081 2174 1219 2206 absurdo

484 2233 578 2270 atque
606 2228 810 2260 incommodo
842 2227 944 2271 ipsum
974 2227 1062 2260 Pium
1088 2227 1221 2270 praede-

485 2291 640 2313 cessorem
669 2281 847 2324 praefatum
880 2280 962 2314 dieta
995 2280 1220 2313 constitutione

484 2345 547 2367 non
582 2335 742 2367 immerito
780 2346 948 2368 occurrere
983 2335 1141 2373 voluisse,
1167 2334 1219 2377 qui

485 2389 578 2430 longe
598 2388 704 2431 plures
725 2394 754 2421 et
771 2389 932 2430 graviores
945 2389 1079 2421 iacturas
1091 2398 1127 2421 ex
1139 2388 1221 2421 mul-
1238 2408 1239 2418 t

485 2442 521 2475 tis
541 2441 728 2485 perniciosis
746 2442 1002 2475 distractionibus
1019 2442 1109 2485 sequi
1129 2452 1221 2485 posse

484 2495 616 2532 censuit,
637 2506 732 2538 quam
760 2495 909 2528 utilitates
936 2506 972 2528 ex
998 2495 1217 2539 paucissimis,

486 2603 620 2646 proinde
640 2602 794 2635 Sanctitas
811 2602 883 2639 Sua,
900 2602 1007 2634 habita
1038 2613 1134 2645 super
1161 2602 1222 2635 hoc

486 2666 557 2688 cum
579 2655 811 2688 venerabilibus
830 2655 979 2687 fratribus
996 2656 1025 2688 S.
1050 2655 1085 2687 R.
1107 2655 1139 2688 E.
1155 2666 1223 2687 car-

488 2709 646 2742 dinalibus
667 2709 896 2742 deliberatione
917 2714 1051 2745 matura,
1067 2714 1095 2740 et
1116 2708 1239 2749 singu-¹

1054 300 1235 323 BULLAmUM
1255 299 1406 323 ROMANUM

1248 348 1352 380 lorum
1373 347 1487 380 auditis
1515 346 1690 385 sententiis,
1715 347 1753 379 de.
1773 356 1885 379 eorum
1905 356 1983 379 eon-

1249 401 1319 433 silio
1348 406 1378 433 et
1408 400 1551 433 unanimi
1583 410 1733 436 assensu,
1763 400 1925 432 decretum
1958 405 1986 432 et

1250 454 1497 487 declarationem
1518 453 1663 497 superius
1684 458 1894 485 memoratam
1921 452 1988 484 feli-

1249 507 1293 540 cis
1314 507 1545 540 reeordationis
1564 506 1709 548 Gregorii
1728 506 1802 543 xlv,
1823 511 1986 548 tamquam

1249 562 1414 594 destruens
1444 560 1596 604 praedicti
1626 560 1673 592 Pii
1705 559 1985 597 constitutionem,

1250 615 1473 658 alienandiquc
1510 614 1710 647 occasionem
1748 613 1925 656 praebens,
1953 623 1988 645 ac

1250 669 1381 701 minime
1410 668 1633 705 necessariam,
1658 673 1688 700 et.
1714 667 1852 710 desuper
1883 666 1988 699 forsan

1250 724 1408 756 confectas
1428 723 1548 756 litteras
1561 729 1709 766 (quarum
1731 721 1875 753 omnium
1898 726 1988 753 teno-

1249 788 1299 810 res
1327 777 1435 809 haberi
1467 776 1566 809 voluit
1600 786 1657 819 pro
1689 774 1844 818 expressis
1883 785 1919 807 ac.
1950 774 1988 806 ad

1250 831 1380 863 verbum
1411 830 1548 873 insertis)
1578 829 1765 862 auctoritate
1795 827 1985 872 apostolica,

1252 884 1407 917 revocavit
1422 912 1429 921 ,
1474 878 1658 926 abrogavit,
1697 883 1829 916 cassavit
1866 888 1893 915 et
1933 892 1989 914 an-

1250 937 1400 975 nullavit,
1424 937 1557 980 perinde
1588 936 1613 969 si
1642 946 1818 979 numquam
1845 945 1989 968 emanas-

1249 996 1328 1023 seut.

1294 1046 1310 1086 ξ
1328 1044 1358 1077 8.
1381 1045 1550 1078 Declarans
1571 1043 1653 1076 dicta
1674 1042 1899 1076 constitutione
1916 1052 1990 1086 pro-

1250 1098 1350 1131 hiberi
1374 1098 1546 1134 civitatum,
1568 1104 1746 1135 terrarum,
1770 1097 1964 1140 oppidorum
1979 1122 1987 1135 ,

1250 1153 1418 1185 feudorum
1440 1158 1468 1184 et
1491 1152 1635 1184 locorum
1654 1151 1685 1183 in
1699 1162 1736 1183 ea
1753 1155 1987 1189 contentorum,

1251 1212 1312 1238 tam
1332 1216 1413 1249 quae
1431 1216 1594 1248 nunquam
1614 1211 1705 1238 antea
1723 1205 1753 1236 in
1772 1204 1903 1237 feudum
1916 1213 1991 1236 con-

1251 1270 1348 1295 cessa,
1365 1270 1461 1303 quam
1476 1270 1556 1303 quae
1569 1259 1646 1291 alias
1659 1258 1755 1291 etiam
1773 1257 1900 1301 saepius
1914 1256 1990 1289 alie-

1251 1318 1323 1345 nata
1341 1314 1389 1345 vel
1412 1313 1590 1351 infeudata,
1614 1323 1650 1344 ac
1667 1311 1873 1355 postmodum
1895 1310 1991 1342 dero-

1251 1369 1326 1404 luta,
1343 1374 1395 1400 aut
1410 1367 1503 1400 etiam
1523 1367 1665 1399 nondum
1688 1365 1835 1398 devoluta
1851 1365 1989 1399 fuerunt,

1251 1422 1469 1459 alienationes,
1494 1420 1725 1453 infeudationes
1745 1425 1775 1451 et.
1793 1418 1993 1462 prorogatio-

1251 1486 1306 1509 nes
1327 1482 1355 1509 et
1376 1475 1574 1508 extensiones
1595 1475 1863 1509 investiturarum,
1884 1472 1994 1505 feudo·

1251 1541 1322 1562 rum
1355 1536 1382 1562 et
1416 1528 1675 1566 concessionum,
1704 1527 1799 1559 etiam
1831 1537 1867 1559 cx
1898 1536 1992 1559 causa

1252 1584 1446 1617 necessitatis
1467 1589 1518 1615 aut
1540 1582 1693 1615 evidentis
1725 1587 1753 1614 et
1783 1591 1876 1613 verae
1907 1579 1993 1613 utili-

1253 1639 1323 1671 tatis
1338 1638 1433 1670 factas
1451 1642 1478 1669 et
1499 1636 1670 1673 faciendas,
1686 1635 1902 1668 iuramentum
1915 1644 1993 1677 qno-

1252 1703 1313 1735 que
1341 1701 1436 1734 super
1465 1690 1607 1724 eiusdem
1629 1687 1862 1722 constitutiOnis
1883 1687 1993 1720 obser-

1252 1745 1410 1777 vationem
1440 1755 1496 1787 per
1527 1743 1731 1776 Sanctitatem
1752 1742 1848 1775 Suam
1873 1746 1992 1774 0151111-

1253 1809 1393 1832 cessores
1406 1810 1489 1834 suos,
1507 1809 1542 1830 ac
1563 1798 1592 1830 S.
1604 1799 1640 1830 R.
1656 1798 1689 1830 E.
1714 1796 1891 1829 cardinales
1902 1805 1993 1839 prae-

1252 1853 1360 1886 stitum
1380 1859 1407 1885 et
1431 1851 1670 1896 praestandum,
1693 1861 1800 1883 casum
1831 1849 1916 1882 1111110
1936 1858 1992 1881 110-

1253 1907 1415 1944 cessitatis,
1440 1906 1534 1939 etiam
1557 1905 1719 1938 absolutae
1741 1909 1771 1936 et
1791 1902 1944 1936 evidentis
1964 1908 1992 1935 et

1253 1972 1345 1993 verae
1369 1959 1524 1996 utilitatis,
1545 1958 1677 1991 omnino
1699 1957 1990 2001 comprehendere:

1254 2025 1310 2056 nec
1329 2019 1497 2057 propterea
1519 2012 1638 2056 aliquid
1659 2011 1803 2044 illicitum
1824 2010 1922 2043 iurari
1941 2015 1991 2042 aut

1254 2070 1338 2112 quod
1361 2074 1471 2101 contra
1494 2066 1714 2099 necessitatem
1747 2065 1794 2097 vel
1823 2064 1993 2097 utilitatem

1254 2122 1410 2155 Ecclesiae
1430 2121 1479 2156 511,
1496 2120 1550 2152 sed
1564 2119 1650 2162 quod
1669 2117 1785 2151 rationi
1803 2128 1991 2153 consonum,

1254 2182 1348 2218 atque
1369 2185 1385 2205 e
1403 2185 1436 2206 re
1454 2173 1537 2206 illius
1558 2178 1617 2212 est,
1639 2183 1674 2205 ac
1691 2181 1895 2214 summopere
1913 2180 1991 2204 con-

1255 2229 1352 2268 ducit,
1375 2233 1471 2272 prout
1495 2227 1607 2260 eadem
1637 2225 1825 2258 auctoritate
1853 2224 1995 2257 declara-

1255 2283 1293 2315 rit
1311 2310 1317 2320 ,
1341 2281 1447 2314 statuit
1469 2287 1495 2313 et
1519 2280 1677 2316 decrevit,
1703 2289 1774 2311 cum
1796 2278 1945 2311 clausulis
1965 2284 1993 2310 et

1256 2335 1516 2376 derogationibus
1536 2333 1735 2377 opportunis.

1321 2391 1434 2422 Actum
1470 2389 1589 2421 Romae.
1624 2387 1655 2419 in
1692 2387 1796 2419 Monte
1833 2384 1991 2424 Qurinali,

1256 2443 1305 2475 die
1325 2453 1398 2476 xxvi
1419 2441 1485 2474 iulii
1509 2451 1639 2477 Mnxcu,
1665 2440 1694 2471 in
1722 2438 1916 2472 Consistorio
1945 2448 1994 2470 se-

1237 2507 1239 2518 =·
1256 2502 1352 2530 creto.

484 2549 593 2592 siquae
604 2559 757 2592 umquam
779 2549 999 2589 contingerent
1021 2549 1217 2581 fructuosae:
1238 2577 1239 2592 2

1291 2561 1348 2587 Dat.
1366 2560 1410 2586 die
1425 2560 1459 2586 ⁶.)ss
1478 2559 1533 2586 iulii
1556 2559 1632 2593 1591,
1649 2561 1722 2594 pont.
1735 2566 1777 2584 an.
1796 2564 1814 2583 1.

2001 295 2049 323 An.
2067 294 2095 322 C.
2115 294 2183 323 4592>

2014 1049 2188 1070 prohihitionem-

2005 1076 2110 1102 quel'itx'
2127 1082 2188 1096 casus

2005 1104 2068 1123 etiam
2078 1108 2139 1123 verae
2152 1109 2187 1122 nc—

2005 1129 2110 1150 cessitatis
2122 1131 2140 1149 et
2149 1130 2189 1150 uti-

2005 1156 2070 1176 litatis
2096 1161 2188 1181 compre-

2006 1183 2097 1203 hendero
2120 1183 2188 1202 decta-

2006 1212 2044 1230 rab
