2226 3070
278 290 329 315 ΛΠ.
347 290 374 315 li.

306 505 357 524 itt

279 533 312 552 l¹.·i
330 538 341 557 Ῑ
349 534 438 552 Ἰι1ιι.-ι“.

297 929 354 952 Quae
368 931 414 949 :ic-t
419 934 454 948 rar

280 962 324 975 ium
352 962 374 980 pr
377 955 419 984 ote
413 961 463 974 5511-

279 988 326 1002 115111
341 982 463 1007 5116111161-61

293 1408 404 1432 Pru-:tvm
416 1414 463 1427 {wli-

280 1435 335 1455 nutta
349 1442 358 1450 ι·
370 1437 452 1454 11661511

297 2470 457 2496 Nonnullaquea

284 2523 318 2544 hic
329 2524 455 2544 indicantur.

399 288 464 315 1502)
510 277 573 311 590

478 336 680 372 auctoritate,
712 334 848 368 cuiusvis
873 333 1003 366 alterius
1024 333 1150 365 licentia
1168 332 1221 365 de-

477 401 573 433 super
594 389 725 421 minime
746 387 909 431 requisita,
925 387 1024 419 libere
1042 386 1221 429 apprehen-

479 444 553 475 dero
574 448 601 475 et
624 447 780 485 perpetuo
802 441 956 475 retinere,
982 440 1066 472 illius
1093 450 1220 482 quoque

478 495 671 528 abbatissam
695 505 752 538 pro
774 500 919 536 tempore
941 493 1128 525 existentem
1150 503 1221 535 per-

479 555 574 592 petuo
595 549 642 580 vel
663 548 701 579 ad
732 546 923 586 triennium,
950 546 1053 583 iuxta,
1078 546 1219 579 eiusdem

478 601 603 635 Ordinis
624 599 782 642 regularia
803 599 956 639 instituta,
975 599 1025 631 illa
1039 600 1142 643 prima
1154 600 1220 632 1-166

479 657 640 688 dumtaxat
668 659 814 697 excepta,
849 653 922 695 eligi
949 664 1061 697 posse,
1095 654 1220 686 statuit-

480 720 542 751 que
572 707 685 751 puellis
706 706 878 750 praedietis
903 711 931 739 et
955 706 1024 739 aliis
1056 707 1221 739 mulieribs

479 762 582 804 ipsum
609 759 853 796 monasterium,
884 765 914 791 ut
941 760 1135 804 praefertur,
1167 759 1218 792 in-

479 812 567 855 gredi
594 818 621 845 et
650 812 680 844 in
707 823 744 845 eo
773 812 917 855 profiteri
948 812 1127 845 volentibus
1146 839 1153 852 ,
1189 818 1219 845 ut

480 866 624 898 habitum
655 876 712 908 per
742 865 897 898 moniales
925 866 1112 898 monasterii
1142 867 1220 899 Con-

457 919 634 963 ceptionis
662 920 776 952 Beatae
806 920 919 953 Mariae
952 920 1087 962 Virginis
1113 920 1221 953 11111115-

480 973 566 1006 modi
597 973 715 1006 deferri
746 973 895 1011 solitum,
931 984 948 1006 a
982 973 1129 1005 manibus
1162 984 1220 1017 pro

481 1032 624 1070 tempore
645 1026 806 1059 existentis
826 1027 1003 1060 abbatissae
1017 1027 1093 1059 dicti
1108 1038 1220 1060 mona-

479 1080 567 1113 sterii
595 1081 664 1114 16511
694 1080 809 1114 Mariae
837 1081 1020 1124 suscipere,
1045 1087 1071 1113 et
1100 1082 1221 1124 profes-

479 1134 601 1167 sionem
624 1145 682 1177 per
706 1134 806 1167 dictas
831 1134 988 1167 moniales
1017 1135 1118 1167 emitti
1144 1135 1220 1167 soli-

480 1193 543 1220 tam
564 1188 595 1219 in
615 1188 706 1220 dietis
725 1188 871 1220 manibus
889 1188 1045 1225 emittere.
1070 1189 1220 1232 ‹ptodque

480 1246 543 1273 tam
564 1240 650 1284 ipsae
669 1252 764 1284 quain
780 1241 943 1281 officiales,
959 1241 1133 1281 ministrae,
1151 1253 1220 1275 mo-

481 1294 592 1335 niales,
621 1295 758 1328 novitiae
789 1301 816 1328 et
847 1295 927 1328 aliae
959 1306 1116 1339 personae
1145 1296 1220 1328 dicti

480 1349 666 1381 monasterii
681 1360 857 1392 earumque
872 1360 921 1382 res
934 1355 962 1382 et
976 1350 1061 1382 bona
1075 1350 1221 1383 universa

480 1401 630 1434 omnibus
650 1407 678 1434 et
700 1401 833 1443 singulis
854 1402 1016 1445 quibusvis
1030 1408 1058 1435 et
1077 1402 1145 1434 aliis
1158 1402 1222 1445 pri-

480 1454 612 1497 vilegiis,
630 1455 844 1492 facultatibus,
869 1455 1081 1493 libertatibus,
1106 1455 1222 1488 immu-

480 1508 645 1548 nitatibus,
679 1508 947 1552 exemptionibus,
979 1508 1218 1552 praerogativis,

480 1562 751 1597 concessionibus,
770 1562 912 1602 indultis,
923 1562 1094 1600 favoribus,
1109 1573 1221 1606 praee-

481 1615 655 1653 minentiis,
691 1615 871 1648 bonoribus
902 1616 1037 1659 aliisque
1069 1616 1222 1648 universis

481 1669 601 1711 gratiis,
618 1669 837 1712 spiritualibus
851 1675 881 1701 et
895 1670 1138 1712 temporalibus,
1154 1681 1223 1712 qui-

481 1723 540 1755 bus
560 1722 621 1755 alia
647 1732 871 1766 quaecumque
893 1722 968 1754 dicti
994 1722 1121 1755 Ordinis·
1141 1723 1222 1755 Con-

482 1775 638 1819 ceptionis
659 1775 862 1814 monasteria,
885 1775 979 1808 etiam
1001 1776 1059 1808 sub
1080 1787 1156 1808 cura
1177 1776 1223 1808 di-

481 1883 606 1922 stentia,
631 1893 808 1926 eorumque
829 1883 1020 1920 abbatissae,
1044 1883 1220 1919 ministrae,

482 1999 564 2032 quae
584 1999 740 2032 personae
761 1999 797 2022 ac
825 1999 875 2022 res
905 1995 935 2022 et
964 1989 1049 2022 bona
1079 1989 1222 2033 ipsorum

482 2042 630 2075 universa
650 2043 688 2075 de
709 2042 788 2081 iure,
809 2053 879 2080 11511,
903 2048 1033 2083 statuto,
1055 2038 1242 2076 consuetu-³

483 2096 556 2129 dine
576 2096 623 2129 vel
649 2095 816 2139 privilegio
842 2101 896 2129 aut
921 2096 998 2128 alias
1021 2096 1225 2139 quomodoli-

482 2150 534 2182 bet
556 2155 699 2189 utuntur,
714 2149 882 2193 potiuntur
900 2155 930 2182 et
946 2150 1097 2191 gaudent,
1114 2161 1149 2182 ac
1164 2149 1221 2189 uti,

482 2203 577 2245 potiri
599 2209 627 2235 et
659 2204 797 2245 gaudet-e
828 2209 977 2247 poterunt
1007 2203 1037 2235 in
1068 2204 1220 2242 futurum,

483 2266 563 2298 eque
582 2255 822 2299 principaliter,
848 2263 873 2289 et
904 2257 1025 2300 absque
1044 2257 1111 2289 ulla
1130 2256 1224 2300 peni-

485 2314 533 2341 tus
553 2309 743 2345 differentia.
768 2310 823 2345 uti,
850 2310 946 2353 potiri
971 2317 997 2343 et
1027 2311 1167 2353 gaudere
1189 2310 1226 2342 li-

484 2363 559 2395 bere
581 2368 608 2395 et
631 2363 717 2395 licite
743 2363 773 2395 in
800 2364 950 2396 omnibus
977 2370 1004 2397 et
1036 2374 1094 2407 per
1117 2364 1225 2397 onmia

486 2415 637 2448 valerent.
661 2416 816 2449 Similiter
836 2422 991 2460 perpetuo
1020 2417 1165 2454 indulsit,
1189 2428 1243 2465 1161

462 2475 559 2502 -111116
589 2469 733 2502 existenti
761 2469 910 2513 episcopo
942 2470 1167 2509 Patentinensi,
1191 2475 1243 2518 utj

283 2498 312 2517 lia
325 2497 404 2520 statuit,
414 2503 468 2523 quae

1061 285 1243 309 BULLARH'M
1260 285 1412 308 ROMANL'M

1255 342 1328 365 nem
1350 332 1453 375 ipsum
1476 343 1622 376 expresse
1644 333 1835 375 professam,
1861 343 1919 376 pro
1943 333 1997 365 ab·

1256 385 1373 418 batissa
1401 385 1544 418 eiusdem
1574 385 1758 418 monasterii
1778 386 1849 418 lesu
1868 386 1994 424 Mariae,

1255 449 1417 482 unamque
1439 438 1502 471 sive
1520 439 1598 471 duas
1616 438 1693 471 alias
1714 439 1857 471 eiusdem
1878 439 1996 472 Conce-

1256 491 1395 535 ptionis,
1428 503 1482 524 seu
1504 491 1642 524 cuiusvis
1662 492 1792 525 alterius
1813 492 1998 526 monasterii

1255 545 1329 578 dicti
1351 545 1479 579 Ordinis
1499 545 1666 586 moniales,
1684 546 1806 578 nullam
1824 546 1920 579 etiam
1942 547 1999 580 do-

1256 598 1293 631 tis
1314 599 1549 642 eleemosynam
1567 609 1676 631 secum
1693 599 1872 632 deserentes
1886 605 1941 632 aut
1953 599 1997 633 ei—

1255 653 1328 686 dem
1344 652 1539 686 monasterio
1558 653 1596 685 de
1609 653 1679 686 lesu
1693 653 1790 686 Maria
1801 654 1923 693 dantes,
1940 654 1997 686 ba-

1254 705 1335 738 biles
1359 711 1465 738 tamen
1492 711 1521 738 et
1540 705 1683 742 idoneas,
1707 711 1737 738 et
1763 706 1893 739 obtenta
1910 707 1997 749 prius

1256 760 1295 792 ab
1316 759 1443 792 illarum
1465 759 1686 803 superioribus
1706 760 1746 792 ad
1766 759 1797 792 id
1818 760 1947 793 licentia
1960 771 1996 793 ex

1257 813 1470 852 monasteriis,
1503 812 1619 856 quibus
1637 819 1763 851 essent,
1788 814 1945 847 educendi
1967 820 1998 847 et

1256 866 1441 899 extrahendi
1472 878 1507 899 ac
1537 867 1577 899 ad
1608 867 1729 900 dictum
1764 868 1996 901 monasterium

1255 921 1322 953 lesu
1334 920 1448 953 Mariae
1464 920 1690 959 transferendi,
1707 931 1824 964 easque
1842 926 1873 954 et
1885 931 1997 954 earum

1255 974 1396 1016 singulas
1417 973 1447 1006 in
1469 973 1582 1006 officiis
1601 973 1807 1017 praelationis
1832 974 1907 1007 dicti
1930 985 1997 1007 mo-

1255 1027 1384 1060 nasterii
1404 1028 1474 1060 Iesu
1494 1027 1609 1060 Mariae
1626 1027 1835 1070 praeficiendi
1856 1033 1884 1060 et
1904 1038 1997 1070 prae-

1255 1081 1306 1113 tici
1328 1080 1475 1119 faciendi,
1493 1086 1524 1113 et
1543 1080 1575 1113 in
1596 1091 1634 1113 eo
1654 1081 1874 1124 postmodum,
1891 1081 1998 1124 quoad

1255 1134 1406 1170 virerent,
1421 1134 1446 1166 si
1467 1134 1688 1177 superioribus
1707 1133 1879 1178 praedietis
1897 1134 1997 1167 visum

1256 1189 1348 1227 soret,
1372 1187 1546 1227 retinendi,
1572 1193 1667 1231 atque
1691 1187 1856 1231 Alphonso
1886 1193 1917 1220 et
1944 1188 1999 1221 ad-

1256 1241 1528 1274 ministratoribus
1568 1241 1740 1285 praedietis
1755 1268 1762 1281 ‚
1800 1246 1865 1274 tam
1903 1252 1999 1285 super

1256 1295 1405 1328 omnibus
1435 1301 1463 1327 et
1497 1295 1630 1337 singulis
1661 1295 1866 1339 praemissis,
1902 1306 1998 1339 quani

1257 1348 1398 1381 eiusdem
1421 1347 1606 1381 monasterii
1624 1348 1691 1381 lesu
1706 1348 1833 1387 Mariae,
1850 1347 1999 1392 illiusque

1257 1401 1435 1434 abbatissae
1458 1401 1658 1441 monialium,
1672 1402 1855 1445 puellarum
1876 1401 1996 1445 orpha-

1257 1465 1371 1488 narum
1398 1454 1557 1497 virginum
1576 1465 1611 1487 ae
1642 1465 1751 1487 rerum
1781 1460 1812 1487 et
1838 1455 1999 1488 bonorum

1257 1508 1495 1552 praedictorum
1510 1508 1630 1540 salubri
1645 1507 1833 1547 directione,
1843 1507 2000 1550 regimine

1258 1569 1285 1596 et
1314 1562 1609 1602 administratione,
1639 1573 1676 1595 ae
1707 1562 1793 1595 iuxta
1812 1562 1998 1595 reddituum

1257 1617 1496 1661 praedictorum
1525 1616 1715 1660 qualitates,
1746 1616 1939 1660 quantitates
1969 1622 1999 1649 et

1257 1680 1425 1705 numeros,
1461 1669 1679 1713 receptionem
1710 1675 1739 1702 et
1771 1669 1998 1702 admissionem

1258 1734 1380 1763 earum,
1405 1729 1432 1755 et
1452 1734 1547 1767 super
1571 1723 1830 1767 quibuscumque
1857 1722 1926 1756 aliis
1953 1723 2001 1756 di-

1239 1782 1343 1821 ὶ6111111
1368 1776 1598 1809 monasterium
1621 1777 1689 1810 lesu
1718 1776 1834 1809 Mariae
1864 1786 2000 1820 quomo-

483 1836 608 1862 ctorum
640 1829 775 1862 fratrum
806 1829 964 1862 Minorum
993 1829 1127 1862 ubilibet
1158 1830 1241 1863 exi-'

1258 1830 1376 1862 dolibet
1400 1829 1679 1870 concernentibus,
1695 1840 1920 1874 quaecumque
1939 1835 2000 1863 sta-

1241 1888 1324 1926 ¹tuta
1350 1888 1377 1915 et
1405 1882 1637 1921 ordinationes,
1661 1883 1747 1915 licita
1768 1888 1875 1915 tamen
1895 1888 1925 1916 et
1942 1882 2001 1916 ho-

483 1936 649 1974 moniales‚
666 1935 804 1969 novitiae
822 1941 851 1968 et
872 1936 1045 1969 servientes
1065 1941 1224 1969 caeterae-
1240 1951 1242 1955 ¹

1258 1942 1358 1976 nesta,
1375 1947 1409 1968 ae
1424 1936 1522 1969 sacris
1537 1936 1715 1969 canonibus
1728 1942 1758 1969 et
1769 1936 1905 1969 decretis
1921 1936 2001 1969 Con-

1259 1989 1321 2021 cilii
1346 1989 1535 2027 Tridentini,
1559 2000 1595 2022 ac
1616 1989 1819 2031 regularibus
1850 1989 2001 2022 institutis

1259 2042 1333 2075 dieti
1355 2042 1482 2075 Ordinis
1500 2053 1564 2075 non
1585 2042 1746 2076 contraria
1760 2070 1767 2079 ,
1790 2053 1848 2086 per
1868 2041 2002 2076 Ordina—

1260 2096 1342 2129 rium
1361 2095 1573 2129 examinanda
1594 2101 1622 2129 et
1641 2096 1852 2140 approbanda
1866 2096 1904 2129 de
1918 2105 2001 2129 novo

2012 283 2059 309 An.
2077 281 2105 310 C.
2129 283 2195 311 1592

2036 1196 2142 1222 A'phons.)
2155 1195 2199 1216 sun-

2015 1222 2082 1242 datm-i
2105 1225 2197 1245 potesta—

2013 1251 2056 1270 tem
2066 1249 2124 1269 dedit
2134 1251 2199 1269 statu-

2014 1278 2035 1296 ta
2045 1275 2177 1296 conficiendi.

1259 2149 1395 2183 faciendi
1417 2155 1445 2182 et
1464 2149 1644 2187 condendi,
1669 2149 1806 2192 illaque,
1830 2154 2001 2193 postquam
2020 2161 2024 2163 Δ

1260 2204 1339 2236 facta
1361 2209 1391 2236 et
1411 2202 1541 2236 condita
1561 2207 1663 2235 essent
1678 2229 1685 2241 ‚
1710 2202 1796 2235 iuxta
1818 2208 2001 2245 temporum

1259 2256 1458 2299 qualitatem,
1474 2255 1667 2298 corrigendi,
1690 2254 1898 2295 reformandi,
1923 2255 2001 2288 alte-

1259 2310 1351 2343 randi
1372 2315 1402 2342 et
1422 2309 1613 2343 moderandi
1633 2309 1796 2342 licentiam
1817 2314 1845 2342 et
1866 2308 2001 2342 liberam

1259 2364 1462 2401 facultatem,
1494 2367 1686 2406 potestatem
1719 2368 1749 2395 et
1776 2361 2001 2395 auctoritatem

1260 2415 1435 2452 concessit·,
1459 2415 1629 2459 ipsumque
1650 2415 1880 2449 monasterium
1908 2425 2002 2458 supe-

1261 2469 1395 2509 riorum,
1415 2469 1639 2509 visitatorum,
1674 2475 1703 2502 61
1724 2468 1945 2501 ministrorum
1971 2473 2002 2501 et

484 2532 520 2554 ex
552 2522 637 2555 dicto
667 2522 862 2555 monasterio
886 2523 1075 2555 monialium
1105 2525 1224 2557 (Lonee-
1241 2519 1242 2558 ζ
1259 2523 1397 2555 aliorum
1418 2523 1553 2555 fratrum
1579 2522 1737 2555 Minorum
1759 2522 1797 2555 de
1825 2521 2001 2555 Observan—

483 2575 612 2618 ptionis
634 2575 805 2608 dilectam
799 2586 830 2607 m
846 2575 916 2607 t2b1
910 2581 969 2609 isto
983 2576 1081 2609 tiliam
1094 2577 1242 2609 llla1iam

484 2630 523 2662 de
543 2630 668 2668 Acosta,
694 2639 711 2661 a
728 2628 838 2671 xigintt
859 2629 950 2661 annis
971 2629 1033 2661 111111
1060 2635 1135 2663 111116
1162 2630 1242 2663 ela—t

483 2683 547 2727 psis
563 2683 611 2716 vel
632 2683 727 2724 enea,
743 2682 774 2715 in
791 2683 905 2716 eodem
923 2683 1117 2717 monasteiio
1135 2683 1242 2724 01111-

1259 2576 1313 2615 tia,
1331 2576 1447 2620 quibus
1465 2576 1621 2609 moniales
1634 2577 1673 2609 de
1690 2575 1904 2619 Conceptione
1924 2575 2000 2608 sub-

1241 2604 1242 2653 l
1259 2636 1359 2663 lectae
1380 2635 1535 2670 θΧΙΞῙΠΠῙ,
1556 2640 1735 2673 eorumque
1756 2628 2000 2669 Cttl'ae,V1Sita-

1260 2682 1337 2716 tioni
1359 2688 1387 2715 et
1406 2682 1619 2716 1111151116110111
1639 2688 1705 2715 tam
1725 2682 1757 2715 in
1782 2681 2001 2725 spiritualibus

2041 2473 2201 2494 Mouasterium-

2017 2506 2057 2526 que
2067 2505 2131 2520 curae
2139 2502 2160 2520 et
2167 2505 2200 2519 su-

2016 2526 2137 2551 pertentati
2159 2525 2200 2546 sra-

2016 2555 2070 2573 trum
2084 2552 2110 2573 de
2123 2552 2200 2573 Obser-

2017 2579 2088 2599 tantia
2102 2579 2200 2599 subiecit.
