2226 3070
196 252 248 280 An.
264 252 294 281 C.
312 252 380 281 1589

208 2228 324 2248 Subniissio
343 2235 365 2248 n—

183 2260 255 2279 ltarum
273 2260 366 2286 episeo-

182 2289 259 2315 panum
272 2290 367 2310 ecclesi-

182 2326 246 2340 arum.

439 242 503 277 10⁶2

394 315 466 337 rum
501 304 672 338 territoriis
705 310 736 337 et
764 304 923 344 terminis,
946 314 981 335 ac
1011 302 1145 334 dilectos

392 358 477 390 filios
499 368 611 391 earum
633 358 847 400 singularum,
880 357 1002 389 clerum
1030 360 1060 388 et
1086 366 1144 398 po-

393 411 506 454 pulum
528 411 728 450 universum,
752 421 825 442 cnm
856 409 921 441 suis
951 408 1141 451 collegiatis,

392 464 634 507 parochialibus
665 469 695 496 et
725 463 795 495 aliis
824 461 980 502 ecclesiis,
1017 472 1142 495 necnon

393 516 597 550 monasteriis
626 517 796 559 utriusque
821 526 926 554 sexus,
961 516 1143 559 ceterisque

391 570 557 603 beneficiis
586 575 616 602 et
649 569 761 602 osticiis
789 568 1032 608 ecclesiasticis,
1068 580 1142 601 cum

392 635 470 657 cura
491 629 521 655 et
541 623 609 655 sine.
631 633 720 662 cura,
752 622 973 655 saecularibus
1002 627 1033 655 et
1061 633 1142 665 quo-

391 677 512 709 rumvis
533 676 689 708 Ordinum
723 680 751 707 et
775 675 964 708 militiarum
989 676 1143 719 regulari-

389 730 461 769 bus;
486 739 613 762 necnon
639 728 867 772 hospitalibus,
891 728 1055 768 domibus,
1078 729 1142 761 col-

390 782 480 824 legiis
500 787 529 814 et
550 781 630 814 loeis
645 781 804 824 religiosis
815 781 1088 824 quibuscumque,
1103 782 1142 814 ab

389 835 534 868 eiusdem
561 834 650 867 Sedis
666 834 851 867 immediata
875 835 1086 874 subiectione,
1107 846 1138 867 a-

389 887 545 931 postolica
561 887 765 927 auctoritate,
777 893 889 921 tenore
910 888 1140 931 praesentium,

388 945 546 984 perpetuo
577 940 749 973 dividimus
776 946 807 973 et
836 951 1036 984 separamus,
1068 952 1141 973 nec-

389 1004 455 1026 non
470 1004 487 1026 a
503 994 607 1027 dictae
621 993 710 1026 Sedis
726 994 911 1026 immediata
929 994 1139 1035 subiectione,

389 1046 584 1085 visitatione,
608 1046 810 1080 correctione
836 1053 868 1080 et
891 1047 979 1080 omni
1008 1053 1039 1080 et
1062 1059 1140 1091 qua-

388 1110 528 1143 cumque
542 1100 605 1132 alia
622 1100 842 1134 iurisdictione
864 1101 960 1134 etiam
982 1107 1139 1145 perpetuo

387 1153 558 1186 eximimus
578 1159 605 1186 et
628 1153 817 1194 liberamus,
845 1154 1013 1198 ipsamque
1034 1156 1138 1188 eccle-

387 1206 465 1240 siam
487 1207 683 1247 Firmanam,
706 1207 745 1240 ad
777 1207 907 1240 laudem
929 1214 961 1241 et
980 1209 1138 1241 honorem

386 1260 616 1303 omnipotentis
636 1260 690 1293 Dei
718 1271 754 1293 ac
775 1261 808 1293 B.
834 1261 972 1304 Virginis
997 1262 1135 1302 Mariae,

385 1324 511 1346 necnon
533 1313 608 1346 fidei
638 1314 815 1347 catholicae
842 1315 1079 1355 exaltationem,
1108 1322 1135 1348 et

385 1366 482 1399 totius
513 1366 684 1399 militantis
717 1367 878 1400 Ecclesiae
921 1368 1069 1409 gloriam,
1106 1369 1136 1400 in

384 1420 669 1463 metropolitanam
698 1420 890 1461 eeclesiam,
914 1426 945 1453 et
971 1421 1080 1454 sedem
1107 1436 1136 1455 e-

384 1473 583 1516 piscopalem
620 1472 824 1513 Firmanam,
859 1474 889 1505 in
921 1474 1136 1519 arehiepisco-

383 1526 502 1569 palem,
525 1526 876 1570 archiepiscopalisque
897 1532 926 1560 et
953 1529 1137 1571 metropoli-

384 1579 448 1612 tani
466 1579 620 1622 praesidis
640 1580 763 1619 sedem,
777 1585 806 1612 et
823 1580 1005 1623 provinciae
1025 1587 1133 1625 caput,

383 1643 442 1675 pro
463 1643 528 1665 uno
544 1632 696 1676 deinceps
716 1633 977 1678 archiepiscopo,
1000 1635 1056 1678 qui
1069 1636 1136 1678 pal-

382 1686 415 1718 lii
437 1691 467 1718 et
487 1686 593 1719 crucis
606 1697 700 1720 usum
713 1687 851 1720 aliorum
870 1688 1134 1733 archiepiscopo—

383 1750 453 1771 rum
487 1750 577 1772 more
602 1739 732 1780 habeat,
756 1741 972 1784 omnibusque.
993 1742 1063 1774 aliis
1085 1744 1134 1776 in-

384 1791 529 1835 signibus
548 1793 892 1837 archiepiscopalibus,
920 1806 1047 1828 necnon
1068 1797 1133 1839 pri-

383 1845 518 1888 vilegiis,
528 1846 707 1879 honoribus
724 1853 754 1880 et
767 1848 997 1890 praerogativis
1011 1850 1135 1882 archie—

384 1898 525 1942 piscopis
544 1899 659 1932 debitis
680 1906 708 1932 et
730 1901 891 1934 concessis
911 1902 1067 1943 gaudeat,
1091 1903 1132 1935 si-

383 1951 503 1984 militer
536 1957 694 1996 perpetuo
729 1953 884 1996 eriginnis
928 1960 955 1987 ct
993 1955 1133 1989 institui—

383 2015 466 2042 mus,
498 2016 533 2037 ac
565 2006 708 2046 nomine,
741 2007 832 2039 titulo
863 2018 900 2040 ac
932 2009 1055 2041 honore
1085 2021 1134 2042 ar-

383 2058 612 2101 chiepiscopali
653 2065 683 2092 et
712 2061 962 2104 metropolitano
997 2062 1132 2095 decora-

383 2121 466 2144 mus.

427 2165 441 2206 ἓ
462 2164 493 2197 3.
508 2165 676 2198 Praeterea
688 2166 842 2199 ecclesiae
857 2167 1051 2210 praedictae,
1070 2169 1132 2200 Ma—

384 2223 581 2250 ceratensem
597 2244 604 2257 ,
645 2219 846 2252 Tolentinam
865 2246 872 2259 ,
904 2220 1130 2263 Ripanensem,

383 2270 498 2302 Montis
518 2271 591 2309 Alti,
615 2277 642 2303 et
666 2272 772 2304 Sancti
805 2272 945 2305 Severini
981 2275 1133 2307 ecclesias

383 2323 576 2365 praedictas,
596 2325 836 2367 modernosque
857 2330 887 2358 et
907 2337 966 2369 pro
989 2332 1132 2370 tempore

383 2376 553 2409 existentes
574 2377 701 2409 illarum
723 2380 888 2421 praesules
908 2390 963 2411 seu
994 2380 1132 2412 admini-

381 2430 546 2466 stratores,
570 2437 627 2468 pro
657 2427 723 2459 suis
752 2433 780 2460 et
807 2439 865 2470 pro
893 2433 1038 2471 tempore
1069 2430 1133 2462 exi-

382 2473 493 2506 stentis
513 2474 749 2517 archiepiscopi
761 2475 902 2509 Firmani
912 2477 1131 2520 suffraganeis,

381 2522 448 2564 qui,
474 2527 636 2565 tamquam
653 2523 799 2556 membra
820 2525 931 2567 capiti,
955 2525 1058 2558 eidem
1080 2538 1132 2559 ar-

381 2570 589 2615 chiepiscopo
619 2571 770 2605 Firmano
791 2573 861 2605 iure
883 2576 1131 2618 metropolitano

382 2619 518 2661 subsint,
541 2620 583 2653 ita
603 2621 690 2664 quod
711 2621 947 2666 archiepiscopi
975 2624 1130 2664 Firmani,

990 249 1170 274 BULLARIUM
1189 248 1341 273 ROMANUM

1187 301 1219 332 in
1244 301 1364 333 eisdem
1397 300 1617 340 lllaceratensi‚
1639 300 1819 341 Tolentina,
1842 302 1938 346 Ripa-

1187 353 1289 393 nensi,
1306 353 1419 386 Montis
1439 354 1502 386 Alti
1523 359 1553 386 et
1567 354 1673 386 Sancti
1695 354 1839 387 Severini
1861 355 1938 388 civi-

1187 406 1304 439 tatibus
1325 411 1355 439 et
1375 407 1578 439 dioecesibus
1594 407 1644 440 ius
1663 408 1937 451 metropoliticum

1186 459 1244 491 sibi
1265 460 1449 499 vindicent;
1472 471 1600 493 necnon
1620 460 1859 501 Macer-atensis,
1881 462 1939 495 To-

1185 513 1339 553 lentinus,
1360 513 1562 557 Rspanensis,
1581 513 1695 546 Montis
1714 514 1777 546 Alti
1803 519 1834 546 et
1859 514 1938 547 San-

1185 566 1225 599 cti
1259 566 1401 599 Severini
1432 566 1616 610 praedictae
1646 566 1751 599 eidem
1780 567 1939 610 archiepi-

1185 630 1282 663 scopo
1304 625 1335 652 et
1357 620 1606 664 metropolitano
1628 620 1666 652 ad
1687 620 1796 653 omnia
1821 626 1853 652 et
1872 620 1938 653 sin-

1184 673 1259 715 gula
1282 673 1465 706 habeantur
1485 679 1517 706 et
1537 673 1599 706 sint
1618 673 1774 713 adstricti,
1795 673 1835 705 ad
1855 684 1938 717 quae

1185 726 1397 769 suffraganeis
1429 726 1495 759 suis
1517 726 1762 769 metropoliticis
1792 726 1938 759 ecclesiis

1184 785 1214 812 et
1228 780 1486 823 metropolitanis
1497 785 1649 813 tenentur
1662 785 1693 813 et
1704 780 1836 822 obligati
1849 785 1935 820 sunt,

1183 838 1219 865 ut,
1239 833 1422 866 iudicentur
1455 834 1634 866 secundum
1663 834 1836 866 canonicas
1862 844 1935 867 san-

1183 886 1318 925 ctiones;
1339 892 1368 919 et
1389 887 1493 919 eidem
1519 886 1765 930 archiepiscopo
1785 887 1936 920 Firmano

1183 939 1367 981 praedictos
1379 950 1454 971 suos
1470 939 1691 981 suffraganeos
1710 940 1933 981 consecrandi,

1183 992 1221 1024 ad
1236 993 1451 1035 provinciales
1472 992 1610 1036 synodos
1626 993 1792 1033 evocandi,
1806 1003 1843 1025 ac
1861 1004 1935 1026 cum

1182 1045 1228 1078 eis
1245 1045 1341 1078 etiam
1365 1046 1584 1079 ecclesiastiea
1604 1045 1739 1089 negocia
1759 1046 1936 1079 terminan-

1180 1098 1233 1139 di,
1257 1110 1369 1131 earum
1395 1100 1548 1133 ecclesias
1579 1099 1590 1122 ¹
1618 1099 1811 1143 disponendi
1848 1100 1935 1134 iuxta

1182 1158 1299 1185 statuta
1323 1163 1490 1185 sarrorum
1512 1163 1687 1194 canonum,
1711 1153 1885 1196 omniaque
1904 1165 1935 1186 a-

1181 1205 1220 1238 lia
1244 1211 1274 1238 et
1295 1206 1420 1249 singula
1441 1217 1681 1250 quaecumque,
1701 1217 1784 1250 quae
1805 1207 1844 1240 de
1864 1207 1934 1240 iure

1180 1260 1227 1291 vel
1249 1260 1484 1292 consuetudine
1512 1265 1566 1293 aut
1596 1260 1675 1293 alias
1701 1261 1934 1303 quoquomodo

1180 1313 1218 1346 ad
1240 1313 1505 1357 archiepiscopos
1525 1320 1556 1347 et
1576 1314 1853 1358 archiepiscopale
1866 1325 1935 1347 mu-

1180 1377 1240 1399 nus
1256 1373 1401 1411 spectare
1420 1372 1447 1400 et
1467 1368 1631 1411 pertinere
1647 1368 1933 1408 solentetdebent,

1179 1420 1326 1462 gerendi,
1350 1421 1499 1461 faciendi,
1527 1421 1695 1454 exercendi
1717 1422 1846 1465 plenam
1859 1427 1933 1455 eto-

1181 1473 1378 1506 mnimodam
1399 1474 1628 1507 auctoritatem
1648 1480 1758 1508 tenore
1778 1485 1932 1519 praesen-

1179 1527 1218 1559 tis
1262 1527 1471 1560 concedimus
1511 1529 1709 1562 facultatem.
1744 1529 1932 1563 Provinciae

1178 1586 1309 1619 quoque
1330 1577 1499 1610 Firmanae
1520 1577 1642 1610 clerum
1664 1583 1695 1610 et¹
1713 1579 1870 1622 populum
1894 1591 1930 1611 u-

1179 1625 1355 1665 niversum,
1376 1637 1435 1669 pro
1456 1627 1647 1659 eorumdem
1663 1627 1818 1660 ecclesiae
1830 1632 1862 1660 et
1878 1639 1929 1660 ar-

1178 1674 1377 1717 chiepiscopi
1408 1675 1549 1708 Firmani
1570 1676 1822 1719 provincialibus
1848 1676 1931 1719 pari-

1179 1730 1226 1756 ter
1247 1723 1342 1756 etiam
1372 1729 1530 1767 perpetuo
1564 1725 1774 1758 concedimus
1794 1730 1825 1758 et
1854 1725 1930 1758 assi-

1177 1783 1324 1815 gnamus.

1221 1822 1286 1864 34,
1311 1823 1378 1855 Non
1410 1823 1612 1855 obstantibus
1642 1822 1929 1857 constitutionibus

1177 1877 1203 1903 et
1227 1870 1487 1903 ordinationibus
1507 1871 1704 1914 apostolicis,
1727 1883 1764 1904 ac
1787 1872 1929 1905 Macera-

1177 1919 1287 1958 tensis,
1301 1920 1499 1959 Tolentinae,
1513 1920 1704 1964 Ripanensis
1715 1947 1722 1961 ,
1737 1921 1851 1954 Montis
1866 1922 1928 1954 Alti

1177 1973 1207 2000 et
1224 1968 1254 2001 S.
1279 1968 1420 2001 Severini
1442 1969 1653 2002 ecclesiarum
1674 1970 1926 2013 praedictarum,

1177 2016 1272 2048 etiam
1304 2017 1500 2057 iuramento,
1530 2018 1777 2051 confirmatione
1802 2024 1930 2062 aposto-

1177 2065 1239 2097 lica
1259 2066 1308 2097 vel
1330 2066 1441 2108 quavis
1474 2066 1626 2099 firmitate
1658 2067 1720 2099 alia
1754 2068 1926 2108 roboratis,

1177 2113 1300 2146 statutis
1333 2120 1365 2147 ct
1399 2115 1711 2155 consuetudinibuffi
1751 2116 1928 2160 privilegiis

1175 2173 1317 2205 quoque,
1334 2163 1467 2195 indultis
1479 2169 1508 2197 et
1528 2164 1642 2197 litteris
1655 2165 1854 2208 apostolici&
1866 2166 1927 2199 eis-

1176 2211 1246 2243 dem
1266 2211 1412 2245 eeclesiis
1432 2213 1628 2255 illarumque
1642 2214 1858 2256 praesulibus,
1876 2215 1929 2248 ad-

1177 2259 1447 2293 ministratoribus
1481 2266 1512 2294 et
1541 2261 1701 2306 capitulis,
1724 2273 1760 2295 ac
1793 2263 1927 2306 quibus-

1176 2320 1315 2352 cumque
1343 2310 1412 2342 aliis
1440 2312 1598 2353 personis,
1627 2310 1686 2344 sub
1715 2311 1927 2355 quibuscum-

1175 2369 1237 2400 que
1258 2359 1425 2391 tcnoribus
1446 2364 1475 2391 vt
1496 2360 1607 2393 formis
1635 2371 1670 2393 ae
1697 2371 1771 2393 cum
1791 2361 1926 2404 quihus-

1176 2408 1221 2440 vis
1241 2408 1396 2440 clausulis
1421 2414 1451 2440 et
1480 2409 1629 2449 decretis,
1652 2409 1747 2442 etiam
1770 2410 1925 2443 irritanti-

1174 2460 1247 2497 bus,
1267 2457 1299 2489 in
1316 2467 1434 2499 genere
1455 2458 1503 2489 vel
1524 2457 1555 2489 in
1576 2457 1695 2501 specie,
1717 2458 1813 2491 etiam
1836 2463 1924 2491 motu

1176 2506 1310 2550 proprio
1330 2510 1426 2548 atque
1441 2517 1477 2538 ex
1494 2511 1577 2539 certa
1591 2512 1699 2540 nostra
1712 2507 1858 2547 scientia,
1872 2507 1926 2539 de-

1175 2565 1238 2597 que
1263 2554 1878 2598 :ipostolicaeffgpotestatis}plenitudine,
1895 2566 1927 2589 e-

1212 2634 1221 2660 1
1245 2633 1352 2669 Ughetl.
1371 2634 1403 2661 cle
1418 2641 1512 2661 eornm
1526 2634 1641 2663 ecclesiis
1656 2636 1694 2669 (n.
1711 2636 1760 2669 T.).

1954 250 2007 278 An.
2026 249 2055 278 C.
2074 250 2141 279 1589

1945 1844 2058 1870 Dei-ugano
2074 1849 2126 1863 con<

1944 1876 2062 1896 trux-iorum.
