2226 3070
103 240 157 269 Αιι.
173 239 203 269 C.
219 239 288 268 1589

121 2167 234 2189 clausulae
250 2168 282 2189 ir-

96 2200 194 2221 inantus.

109 2389 222 2415 Derogatto
230 2395 282 2411 con·

96 2423 214 2442 triariorum.

971 241 1076 266 stst
1095 241 1114 265 V
1138 240 1188 264 PP.

303 301 358 328 aut
377 295 440 328 illis
455 295 494 328 ad
516 293 548 327 id
568 293 773 338 deputandis,
796 294 933 337 singulis
952 295 1056 335 annis,

302 354 357 382 aut
381 348 507 392 quoties
534 348 580 381 illi
602 348 757 391 placeret,
778 348 887 381 debita
907 359 943 381 ac
969 349 1056 392 lega-

303 402 345 435 lia
365 403 507 435 rationes
526 407 557 435 et
577 406 730 445 computa
750 401 827 434 dare
842 413 942 445 super
953 402 1057 435 omni-

302 456 363 489 bus
383 461 414 488 et
437 455 585 498 singulis,
614 465 697 498 quae
719 454 778 498 ipsi
804 454 890 488 circa
914 455 1056 489 semina-

302 509 386 542 rium
407 507 596 541 huiusmodi
625 507 814 539 ordinarent
841 512 872 540 et
902 507 1056 558 dispone-

302 568 385 603 rent,
407 567 505 606 prout
524 561 556 594 in
577 560 764 604 patentibus
784 560 899 594 litteris
910 561 987 594 dicti
1001 562 1056 595 Er—

302 616 383 649 nesti
402 613 642 658 archiepiscopi
662 613 804 657 desuper
824 614 978 647 confectis
990 615 1057 658 ple-

302 669 375 703 nius
395 668 592 702 continetur.

344 722 359 765 ξ
382 722 415 754 4.
441 721 521 754 Cum
542 725 650 754 autem
671 720 782 754 dilecti
800 720 969 753 filiinostri
984 731 1056 754 san-

129 781 242 803 t'nedtcta
259 787 286 802 o-
299 780 368 808 ctae
388 775 425 807 R.
448 774 483 807 E.
507 774 688 808 cardinales
703 774 967 817 congregationis
980 785 1056 807 con-

101 812 156 834 mnia
176 812 285 833 confirmat

101 843 204 864 Pontifex.

298 827 363 861 cilii
383 828 578 869 Tridentini,
592 828 712 871 quibus
726 828 788 861 hoc
804 827 990 860 universum
1001 839 1055 861 ne-

296 881 421 925 gotium
430 887 558 915 mature
567 882 818 914 examinandum
832 881 1054 915 etnobisrese-

297 935 436 968 rendum
459 935 695 975 commisimus,
712 935 900 969 censuerint
920 935 1056 968 erectio-

296 1000 371 1023 nem
383 989 549 1023 seminarii
561 1000 598 1022 ac
608 989 745 1022 uniones
758 989 919 1031 praefatas
935 989 1054 1022 confir-

298 1043 444 1083 mandas,
465 1048 587 1076 attento
604 1053 766 1075 consensu
786 1053 901 1076 eorum
919 1042 956 1076 ad
973 1053 1056 1086 quos

296 1096 426 1130 collatio
446 1097 612 1130 ordinaria
631 1097 881 1137 beneficiorum,
910 1103 945 1129 ut.
965 1108 1057 1140 prae-

296 1150 411 1188 fertur.
433 1150 614 1191 unitorum,
637 1155 761 1194 spectat
777 1155 809 1182 et
830 1150 971 1194 pertinet
999 1161 1055 1184 seu

295 1205 459 1247 spectabat
479 1209 511 1236 et
537 1203 740 1247 pertinebatss
773 1213 843 1243 ηοε,
873 1203 1055 1237 litterarum

296 1263 436 1298 teneres,
459 1268 496 1291 ac
525 1257 638 1290 domos
663 1257 694 1290 S.
719 1257 870 1290 Matthiae
891 1263 922 1290 et
942 1268 1055 1302 perso-

295 1315 390 1344 natus
401 1322 438 1344 ac
451 1310 689 1355 parochialium
704 1311 918 1344 ecclesiarum
939 1311 1055 1345 liuius-

295 1364 382 1398 modi
406 1375 499 1398 veros
523 1375 648 1398 annuos
667 1365 804 1405 valeres,
825 1375 861 1397 ae
882 1365 989 1398 datam
1005 1365 1055 1398 di-

294 1423 420 1452 ctarum
430 1418 612 1452 litterarum
624 1418 848 1462 praesentibus
856 1428 916 1462 pro
928 1429 1054 1462 expres-

295 1472 336 1505 sis
351 1472 519 1513 habentes,
542 1472 580 1505 de
598 1472 737 1506 consilio
759 1472 922 1505 dictorum
949 1473 1055 1505 cardi-

294 1525 432 1566 nalium,
442 1526 637 1566 erectiones,
658 1525 892 1567 institutiones,
904 1526 1054 1565 uniones,

294 1580 504 1621 annexiones,
538 1579 831 1624 incorporationes,
864 1581 1056 1624 applicatio-

294 1643 363 1673 nes,
376 1633 659 1678 appropriationes
680 1645 717 1667 ac
742 1634 853 1667 omnia
875 1640 907 1667 et
927 1634 1055 1678 singula

295 1697 353 1731 per
368 1687 490 1720 dictum
509 1687 681 1720 Ernestum
696 1688 983 1732 archiepiscopum
996 1688 1056 1721 cir-

295 1751 331 1773 ca
350 1741 530 1784 praemissa
555 1746 645 1784 gesta
665 1752 703 1775 ac
723 1741 799 1774 inde
824 1747 936 1775 secuta
957 1753 1056 1785 quae-

296 1805 454 1838 cumque,
488 1795 665 1839 apostolica
695 1795 904 1834 auctoritate,
942 1801 1055 1828 tenore

295 1848 755 1892 praesentium,approbamus
766 1854 797 1882 et
808 1848 1052 1890 confirmamus,

295 1912 331 1934 ac
352 1901 417 1935 illis
436 1902 539 1936 robur
567 1902 767 1947 apostolicae
789 1902 951 1936 firmitatis
972 1903 1055 1936 adii—

295 1955 412 1996 cimus,
442 1966 621 2000 omnesque
652 1961 682 1990 et
713 1957 860 1999 singulos
887 1961 951 1989 tam
975 1956 1056 1990 iuris

295 2020 393 2053 quain
414 2009 488 2043 sacti
509 2010 667 2050 desectus,
690 2010 715 2043 si
736 2010 792 2054 qui
821 2010 1057 2043 intervenerint

295 2062 328 2096 in
349 2063 484 2104 eisdem,
507 2064 710 2108 supplemus.

341 2118 356 2161 ἓ
381 2118 412 2152 5.
440 2118 656 2152 Decernentes
686 2128 722 2151 ex
756 2127 844 2150 nunc
876 2117 1004 2150 irritum
1026 2122 1057 2150 et

297 2171 393 2205 inane
409 2172 434 2204 si
454 2182 548 2206 secus
568 2182 666 2216 super
686 2172 736 2205 his
750 2182 768 2204 a
782 2182 960 2215 quoquam,
977 2182 1057 2215 qua-

297 2224 343 2257 vis
372 2225 577 2265 auctoritate,
609 2225 749 2258 scienter
777 2225 826 2258 vel
852 2225 1054 2268 ignoranter,

298 2278 470 2321 contigerit
489 2278 650 2312 attentari.

342 2331 357 2374 g
377 2330 408 2364 6.
426 2331 496 2364 Non
516 2331 719 2364 obstantibus
739 2336 849 2364 nostra
869 2331 908 2364 de
928 2330 1057 2364 unioni-

298 2383 359 2416 bus
380 2384 623 2418 committendis
644 2385 682 2417 ad
704 2390 824 2428 partes,
837 2384 956 2417 vocatis
976 2395 1057 2428 quo-

299 2443 370 2465 rum
393 2433 538 2475 interest,
556 2438 587 2466 et
606 2433 818 2477 exprimendo
838 2443 912 2466 vero
934 2433 1054 2473 valore,

298 2492 334 2514 ac
361 2482 585 2516 Lateranensis
614 2482 743 2516 concilii
772 2482 944 2515 novissime
974 2483 1058 2515 cele—

297 2531 380 2564 brati
402 2532 540 2564 uniones
556 2537 743 2576 perpetuas,
766 2531 826 2564 nisi
848 2531 879 2563 iu
901 2531 1057 2563 casibusa

298 2581 369 2614 iure
391 2580 568 2626 permissis,
584 2581 653 2614 fieri
676 2580 898 2624 prohibentes,
918 2580 1056 2623 aliisque

297 2629 585 2664 constitutionibus
624 2635 654 2662 et
686 2629 948 2663 ordinationibus
977 2638 1057 2671 apo-

1099 293 1233 334 stolicis;
1259 305 1296 327 ac
1316 293 1433 327 domus
1451 299 1481 326 et
1500 293 1628 327 Ordinis
1653 294 1853 335 huiusmodi,

1100 348 1294 389 iuramento,
1317 348 1566 382 confirmatione
1597 348 1786 392 apostolica,
1807 350 1854 382 vel

1098 401 1209 445 quavis
1238 401 1389 434 firmitate
1422 401 1485 434 alia
1518 402 1702 442 roboratis,
1729 402 1855 435 statutis

1098 460 1130 487 et
1150 454 1465 495 consuetudinibus;
1500 454 1679 498 privilegiis
1708 466 1853 499 quoque,

1098 507 1232 541 indultis
1254 514 1284 541 et
1304 508 1420 541 litteris
1441 508 1626 552 apostolicis
1642 508 1701 541 sub
1722 509 1855 552 quibus-

1097 571 1238 604 cumque
1259 562 1427 595 tenoribus
1448 566 1478 595 et
1498 561 1622 602 formis,
1636 573 1674 596 ac
1694 573 1768 596 cum
1784 563 1856 605 qui—

1098 614 1205 646 busvis
1226 615 1381 648 clausulis
1401 620 1432 648 et
1452 615 1603 655 decretis,
1625 615 1658 648 in
1678 626 1797 658 genere
1807 617 1854 648 vel

1099 666 1131 698 in
1152 668 1274 710 specie,
1291 679 1329 700 ae
1349 667 1427 701 alias
1443 667 1475 701 in
1496 669 1697 702 contrarium
1718 679 1856 713 quomo-

1097 719 1221 752 dolibet
1241 722 1413 762 concessis,
1429 722 1619 766 approbatis
1634 728 1665 755 et
1684 722 1852 756 innovatis.

1097 772 1220 813 Quibus
1242 775 1395 808 omnibus
1421 781 1451 808 et
1483 776 1630 819 singulis,
1659 777 1785 810 etiarnsi
1816 777 1854 809 de

1098 826 1161 860 illis
1182 828 1343 871 specialis,
1367 829 1520 872 specifica
1540 834 1570 862 et
1590 840 1740 874 expressa
1754 841 1791 864 ac
1807 830 1856 863 in-

1098 881 1240 922 dividua,
1263 892 1329 915 non
1350 887 1457 915 autem
1485 894 1543 927 per
1571 884 1734 917 clausulas
1757 894 1855 927 gene-

1098 934 1273 968 ralesidem
1290 935 1640 979 impo1·tantes,mentio
1653 948 1709 971 seu
1726 938 1857 981 quaevis

1098 988 1158 1022 alia
1179 990 1342 1034 expressio
1369 990 1521 1023 habenda
1541 991 1634 1031 foret,
1657 991 1787 1025 illorum
1809 999 1854 1025 te-

1098 1053 1194 1076 nores
1221 1043 1446 1087 praesentibus
1467 1055 1526 1087 pro
1547 1045 1707 1089 expressis
1732 1046 1855 1079 haben-

1099 1102 1156 1137 tes,
1171 1096 1234 1129 illis
1249 1096 1328 1130 alias
1348 1098 1380 1130 in
1401 1108 1460 1130 suo
1481 1097 1599 1131 robore
1619 1098 1853 1142 permansuris,

1099 1151 1159 1183 liae
1175 1150 1243 1184 vice
1261 1151 1440 1192 dumtaxat,
1453 1151 1637 1195 specialiter
1657 1156 1687 1184 et
1707 1162 1855 1196 expresse

1099 1204 1307 1247 derogamus,
1330 1205 1512 1248 ceterisque
1533 1205 1705 1238 contrariis
1722 1205 1856 1248 quibus-

1098 1268 1251 1301 cumque.

1142 1312 1256 1345 Datum
1277 1313 1398 1346 Romae
1419 1313 1506 1356 apud
1527 1313 1681 1347 Sanctum
1710 1312 1854 1352 Petrum,

1097 1367 1157 1399 suh
1196 1367 1317 1399 annulo
1349 1366 1542 1407 piscatoris,
1583 1366 1633 1400 die
1663 1376 1693 1399 x1
1727 1377 1856 1399 novem-

1098 1419 1164 1453 bris
1195 1430 1372 1461 Manxxix,
1403 1420 1611 1464 pontificatus
1642 1421 1741 1453 nostri
1771 1430 1856 1453 anno

1098 1474 1224 1517 quinto.

1126 1532 1189 1561 Dat.
1211 1532 1257 1562 die
1281 1533 1313 1562 tt
1334 1532 1470 1562 novemb.
1497 1532 1584 1570 1589,
1601 1532 1706 1572 pontis.
1731 1541 1777 1562 an.
1802 1541 1824 1561 v.

1431 1707 1519 1741 CLX.

1097 1783 1284 1817 Nonnullae
1299 1783 1523 1816 ordinationes
1531 1793 1592 1826 pro
1604 1782 1684 1815 bono
1699 1782 1858 1825 reqimz'ne

1142 1842 1171 1871 ec
1186 1837 1342 1881 yubernio
1366 1837 1594 1870 thesaurariae
1614 1846 1716 1870 novae
1731 1840 1759 1868 et
1774 1840 1857 1868 vele—

1141 1892 1188 1924 ris
1205 1891 1423 1924 Bononiensis
1443 1890 1470 1923 1.

1141 1986 1238 2014 sixtus
1247 1987 1318 2021 Papa
1328 1986 1358 2018 V.
1370 1985 1403 2013 ad
1414 1986 1578 2021 perpetuam
1591 1985 1632 2014 rei
1641 1984 1811 2014 memoriam.

1142 2072 1325 2105 Romanum
1355 2071 1446 2104 decet
1476 2070 1665 2103 Pontificem
1694 2070 1748 2103 illa
1773 2081 1857 2114 quae

1098 2125 1136 2159 ad
1158 2125 1353 2158 obviandum
1374 2124 1544 2157 fraudibus
1565 2124 1596 2157 in
1623 2124 1855 2157 detrimentum

1099 2178 1266 2222 publicum
1295 2178 1453 2211 committi
1482 2177 1584 2211 solitis
1613 2183 1699 2210 recte
1730 2177 1857 2221 riteque

1099 2231 1221 2266 sancita
1249 2232 1348 2265 fuisse
1377 2231 1545 2271 dicuntur,
1573 2236 1608 2263 utv
1639 2230 1764 2263 firmius
1797 2231 1856 2264 ob-

1098 2290 1280 2327 serventur,
1313 2284 1483 2329 apostolici
1504 2284 1697 2317 muniminis
1716 2283 1856 2317 adiicere

1099 2340 1305 2379 firmitatem,
1339 2350 1376 2372 ac
1406 2339 1485 2372 alias
1516 2338 1656 2382 desuper
1683 2338 1856 2381 disponere

1099 2398 1197 2438 prout
1219 2392 1378 2437 conspicit
1400 2392 1431 2425 in
1451 2392 1589 2426 Domino
1610 2391 1786 2424 salubriter
1803 2402 1855 2423 ex—

1099 2447 1222 2490 pedire.

1143 2502 1158 2545 g
1182 2502 1213 2534 t.
1242 2502 1337 2542 Sane,
1360 2501 1443 2535 sicut
1463 2499 1755 2545 accepimus,alias
1783 2498 1854 2532 seli-

1138 2638 1148 2664 1
1172 2635 1214 2665 Ex
1234 2636 1345 2671 aegest.
1364 2636 1393 2664 tn
1412 2635 1520 2665 secret„
1536 2635 1679 2665 Brevium.

1746 232 1810 266 127
1871 241 1924 270 An.
1941 241 1970 270 c.
1986 242 2055 271 ¹589

1900 2092 2043 2114 Pnooemtum.

1897 2499 1990 2521 loannes
2010 2499 2055 2520 Ma-

1870 2530 2041 2553 riacardsteMon
2050 2542 2055 2545 -

1100 2556 1146 2589 cis
1165 2556 1404 2590 recordationis
1425 2556 1526 2589 Iulius
1550 2555 1609 2588 ΡΙ).
1636 2554 1687 2595 ΙΙΙ,
1719 2553 1853 2598 praede·
1871 2566 1891 2584 ω
1916 2563 2055 2584 commune-
