2226 3070
238 277 290 305 Αῐι.
308 274 338 303 C.
357 273 425 302 ¹590

278 659 419 679 vii-ethome<

238 692 322 713 tarium,
337 691 419 710 =militn-

238 722 420 745 “gemuere-es

235 756 277 772 etc.
308 752 420 778 deputandi

236 788 255 805 et
272 791 309 804 suo
334 784 421 805 nubum>

235 817 366 840 removendi;

267 1838 345 1857 (isiusas
361 1844 416 1864 spo-

234 1870 245 1889 li
250 1877 306 1890 ιιιιιι
330 1873 350 1889 (²¹
369 1870 417 1889 inde

233 1901 415 1926 ‹iepeudeutpri⁴

236 1933 305 1951 vanive
348 1932 416 1957 quoad

234 1964 287 1983 alios
330 1968 415 1987 cogno-

234 1996 307 2015 scendi

482 262 547 297 170

438 325 550 370 poenis
569 329 624 358 tuo
635 325 768 358 arbitrio
780 322 996 368 imponendis,
1015 322 1187 355 moderan-

437 379 485 411 dis
510 384 540 411 et
574 378 785 423 applicandis,
818 376 1000 416 inhibendi,
1037 376 1186 420 ipsasque

436 443 589 465 censuras
609 437 638 465 et
665 442 796 475 poenas,
823 430 950 473 quoties
975 439 1057 473 opus
1077 429 1184 469 fuerit,

436 486 585 519 incidisse
606 484 802 524 declarandi,
826 483 1018 527 aggravandi
1039 488 1070 516 et
1094 493 1185 526 reag-

434 539 600 583 gravandi.

479 594 493 636 ἓ
528 592 581 625 31.
616 591 747 624 Necnon
786 590 1097 623 vicetlicsaurarium
1131 594 1186 622 aut

436 647 707 678 locumtenentem
729 643 927 687 generalem,
950 655 986 676 ac
1007 654 1109 677 unum
1129 654 1186 676 seu

436 699 544 743 plures
561 698 726 731 auditores
746 698 818 730 loco
839 698 899 739 tui,
927 708 1000 730 cnm
1023 697 1118 730 simili
1132 701 1187 729 aut

435 753 569 785 limitata
591 757 759 795 potestate,
774 752 867 786 toties
886 752 1013 795 quotics
1023 751 1080 784 tibi
1093 762 1186 795 expe-

435 806 503 839 dire
523 806 696 845 videbitur,
728 812 758 838 et
782 806 820 839 ad
845 817 941 840 omne
973 811 1063 838 tuum
1087 805 1186 838 bene·

435 859 603 903 placitum,
625 859 815 902 deputandi,
835 858 1053 892 constituendi
1079 864 1111 891 et
1140 859 1185 891 fa-

434 913 552 952 ciendi,
563 924 601 947 ac
616 913 803 954 revocandi;
820 924 948 947 necnon
960 922 1186 957 quoscumque

433 968 635 1007 collectores,
649 968 914 1008 subcollectores,
937 965 1185 1006 commissarios,

432 1021 734 1054 subcommissarios
754 1032 790 1054 ac
815 1021 1028 1065 depositarios
1057 1026 1088 1054 et
1112 1031 1185 1053 exa-

432 1080 536 1108 ctores
553 1075 765 1119 pecuniarum
785 1081 815 1108 et
826 1074 946 1108 iurium
958 1075 1063 1108 dictae
1076 1075 1187 1108 Came-

433 1139 499 1169 rae,
513 1140 568 1162 seu
580 1129 661 1162 alios
676 1129 831 1162 officiales
844 1129 1001 1162 hactenus
1015 1129 1186 1173 deputatos

431 1182 1184 1226 seudeputandos,revoeaudiseueonsirmandi,

431 1242 459 1268 et
474 1236 552 1269 alios
565 1247 788 1280 quoscumque
802 1236 934 1270 illorum
949 1237 1022 1269 loco
1042 1247 1101 1280 per
1117 1242 1186 1269 tuas

432 1290 553 1323 litteras
571 1296 624 1323 tuo
635 1290 742 1333 sigillo
760 1290 914 1330 triunitas,
931 1290 962 1322 iu
975 1289 1186 1333 quibuscum-

432 1354 495 1386 que
516 1343 710 1383 civitatibus,
736 1343 876 1387 oppidis,
909 1343 1003 1376 terris
1031 1348 1063 1376 et
1090 1343 1183 1383 locis,

431 1397 607 1440 deputandi
629 1402 660 1430 et
678 1397 925 1440 subdelegandi,
943 1396 1038 1429 toties
1057 1397 1186 1440 quoties

432 1450 488 1483 tibi
513 1450 675 1483 videbitur
699 1450 863 1494 expedire,
885 1456 1057 1494 ceteraque
1077 1450 1185 1483 onmia

433 1503 584 1543 faciendi,
616 1504 749 1546 gerendi
775 1509 806 1536 et
826 1503 1018 1547 exequendi,
1045 1514 1127 1547 quae
1154 1503 1184 1536 in

432 1557 618 1601 praemissis
638 1563 668 1590 et
693 1557 779 1591 cirea
800 1568 837 1590 ea
862 1557 1045 1590 necessaria
1066 1557 1186 1590 suerint,

431 1612 677 1655 quomodolibet
702 1617 732 1644 et
757 1617 954 1656 opportuna,
976 1611 1105 1655 plenam
1127 1611 1183 1644 tibi

431 1671 462 1697 et
494 1665 629 1698 liberam
660 1676 719 1709 per
755 1671 941 1709 praesentes
976 1665 1185 1699 concedimus

431 1720 632 1753 facultaten‘i.

477 1774 491 1816 ᾗ
516 1772 569 1805 32.
606 1773 642 1805 Et
668 1773 801 1816 insuper
830 1778 865 1805 ut
888 1773 1082 1817 spoliorum,
1116 1773 1184 1805 t'ru-

433 1831 557 1867 ctuum,
588 1826 752 1859 redituum
774 1832 804 1859 et
833 1827 1184 1869 proventuuni,arbo-

433 1891 549 1913 norum
573 1880 759 1924 iuriumque
780 1880 967 1913 huiusmodi
989 1881 1111 1913 exactio
1133 1892 1184 1913 re-

434 1934 533 1967 lerius
546 1935 813 1978 commotumque
830 1934 896 1975 liat,
914 1935 1086 1967 statuimus
1097 1935 1184 1978 quod

432 1999 545 2021 omnes
556 1994 587 2021 et.
597 2000 824 2032 quaecumque
839 1988 960 2021 similes
972 1989 1055 2029 lites,
1070 2000 1185 2021 causae

433 2048 464 2074 et
488 2043 740 2083 controversiae,
763 2053 861 2086 super
880 2042 1046 2085 quibusvis
1072 2042 1185 2074 frueti-

433 2096 514 2137 bus,
546 2097 704 2129 reditibus
735 2102 766 2129 et
792 2096 1020 2140 proventibus,
1051 2096 1184 2139 spoliis,

433 2149 526 2182 bonis
546 2156 572 2182 et
597 2150 666 2183 aliis
685 2150 870 2194 praedietis,
888 2156 916 2182 et
939 2150 1068 2182 illorum
1091 2161 1184 2183 ocra-

434 2203 535 2244 sione,
564 2209 591 2236 et
617 2204 698 2236 aliae.
720 2214 804 2247 quae
835 2204 875 2236 ab
909 2203 986 2247 ipsis
1015 2204 1126 2236 litibus
1155 2210 1183 2236 et

434 2258 539 2289 causis
554 2257 799 2300 quomodolibet
822 2257 1018 2301 dependent,
1036 2267 1092 2290 seu
1112 2268 1184 2289 eum

435 2311 496 2343 illis
520 2311 755 2343 connexitatem
777 2311 962 2351 habuerint,
979 2322 1065 2344 nunc
1086 2316 1114 2343 et
1128 2321 1187 2355 pro

433 2370 580 2408 tempore
601 2375 809 2407 quocumque
826 2365 973 2398 locorum
995 2365 1184 2409 pendentes,

435 2418 558 2451 etiamsi
577 2429 675 2462 super
699 2419 812 2462 spoliis
837 2429 891 2451 scu
915 2419 1073 2452 fructibus
1103 2420 1186 2451 male

436 2468 597 2511 perceptis
626 2474 657 2501 et
676 2468 746 2500 aliis
772 2468 958 2511 praedictis,
982 2468 1079 2501 fuerit
1105 2468 1187 2500 sarta

435 2516 626 2560 compositio
662 2516 693 2548 in
723 2516 876 2557 Camera,
907 2523 937 2550 et
971 2518 1055 2549 iuter
1081 2522 1187 2560 partes

436 2566 541 2598 adbuc
561 2565 671 2608 aliqua
691 2566 909 2598 controversia
930 2567 1082 2609 pendeat,
1097 2566 1187 2598 nullo

436 2615 500 2648 alio
514 2625 611 2658 quam
625 2625 641 2646 a
662 2619 691 2647 te
703 2625 739 2646 ac
761 2615 822 2646 tuis
838 2625 894 2647 seu
916 2615 987 2647 aliis
1003 2626 1187 2658 superspe-

436 2663 486 2697 liis
506 2670 534 2697 et
562 2664 720 2697 fructibus
749 2664 923 2706 rebusque,
948 2664 1041 2696 bonis
1062 2675 1097 2695 ac
1119 2663 1188 2696 aliis

1032 269 1212 294 BULLARIUM
1231 269 1383 295 Romnum

1993 271 2046 300 An.
2063 271 2092 300 C.
2110 271 2179 301 1590

1229 322 1414 366 praemissis
1433 333 1451 355 a
1476 329 1505 355 te
1527 333 1587 367 pro
1611 328 1757 367 tempore
1785 324 1979 368 deputandis

1229 376 1469 416 collectoribus,
1490 376 1782 409 subcollectoribus
1807 383 1837 410 et
1848 377 1920 410 aliis
1935 377 1979 411 os-

1230 429 1388 463 sscialibus
1408 435 1438 462 et
1451 429 1617 471 ministriS,
1640 430 1836 474 specialibus
1854 432 1903 465 vel
1923 442 1978 475 ge-

1228 483 1403 516 neralibus.

1273 536 1287 579 §
1311 535 1365 570 33.
1384 536 1516 569 Necnon
1541 546 1657 569 causae
1680 537 1937 581 appellationum
1962 549 1979 571 a
2014 551 2178 579 Appellationes

1228 590 1395 623 sententiis
1410 590 1483 623 latis
1503 601 1561 634 per
1580 595 1652 623 tuos
1666 590 1916 631 commissarios,
1929 591 1978 624 vel
1994 590 2005 604 ¹¹
2064 583 2178 603 ⁸⁸⁰¹⁶⁰¹³³⁸

1993 614 2178 638 nunciorum‚cot-

1229 643 1324 676 etiam
1338 654 1396 687 pro
1412 649 1559 688 tempore
1572 644 1784 677 existentibus
1797 644 1889 677 Sedis
1897 645 1980 688 Apo·
1993 645 2098 666 ¹⁰⁰¹⁰f²¹¹¹¹
2117 647 2139 665 θ’
2154 651 2179 663 ·“·

1228 697 1360 730 stolicae
1389 697 1519 730 nunciis
1545 697 1577 730 in
1604 697 1830 741 Neapolitano,
1862 697 1978 741 Hispa-
1992 675 2179 731 '12222'1‘12323‘3’2‘

1229 750 1370 790 uiarum,
1384 750 1600 793 Portugalliac
1611 760 1668 783 seu
1679 750 1904 794 Algarbiorum
1931 744 2178 789 1·e-1¹J.'‡,‘„⁸,2¹3¹.2¹'02{}I

1227 803 1311 845 gnis,
1338 814 1375 836 ac
1395 803 1517 837 ducatu
1538 803 1719 837 Sabaudiae
1739 810 1770 837 et
1794 804 1980 848 principatu
1994 801 2104 821 ⁶⁶⁶⁰¹¹¹¹¹“

1229 856 1489 899 Pedemontium,
1504 857 1640 900 aliisque
1657 858 1920 902 quibuscumque
1932 869 1980 892 re-

1227 910 1298 953 guis
1312 916 1343 943 ct
1362 911 1549 954 provinciis,
1563 922 1600 944 ac
1620 911 1820 955 ubicumque
1831 912 1979 946 locorum

1229 964 1455 1004 residentibus,
1478 974 1605 997 necnon
1622 964 1840 998 visitatoribus
1860 970 1891 999 et
1910 965 1980 999 aliis

1228 1018 1501 1061 quibuscumque,
1527 1018 1837 1062 quomodocumque
1858 1025 1889 1053 et
1903 1030 1981 1064 qua-

1229 1072 1444 1116 litercumque
1464 1077 1495 1105 et
1514 1072 1574 1105 sub
1594 1072 1708 1116 quovis
1727 1072 1872 1115 nomine,
1887 1073 1981 1107 titulo

1228 1132 1280 1158 aut
1307 1136 1454 1165 munere,
1476 1132 1507 1159 et
1530 1125 1602 1159 aliis
1626 1126 1856 1160 collectoribus
1882 1136 1980 1170 gene-

1229 1180 1348 1212 ralibus
1378 1180 1539 1224 deputatis
1566 1185 1596 1214 et
1616 1191 1676 1225 pro
1704 1186 1851 1224 tempore
1881 1181 1982 1225 depu-

1229 1234 1346 1275 tandis,
1376 1235 1415 1267 ad
1447 1240 1475 1267 te
1509 1235 1613 1268 solum
1648 1240 1679 1267 et
1709 1239 1782 1268 tuos
1810 1235 1981 1279 deputatos

1228 1288 1412 1331 praedictos
1432 1288 1463 1320 in
1489 1288 1634 1321 secunda
1658 1287 1809 1321 instantia
1834 1299 1891 1322 seu
1917 1289 1981 1322 alia

1229 1342 1423 1385 pertineant;
1449 1352 1628 1386 omnesque
1661 1342 1896 1386 appellationes
1925 1342 1980 1375 de-

1228 1406 1326 1438 super
1342 1395 1549 1438 interpositas
1569 1401 1599 1428 et
1620 1395 1890 1439 interponendas,
1912 1406 1930 1428 a
1951 1401 1981 1428 te

1229 1449 1356 1492 tuisque
1377 1449 1562 1492 praedictis,
1591 1454 1622 1481 et
1646 1458 1711 1482 non
1736 1449 1776 1481 ab
1796 1449 1872 1491 alio,
1895 1449 1981 1483 iuxta

1228 1502 1364 1534 sormam
1386 1502 1463 1534 dicti
1481 1502 1626 1545 Gregorii
1648 1502 1906 1546 praedecessoris
1926 1513 1980 1536 co-

1228 1555 1351 1597 gnoser,
1366 1566 1425 1588 nec
1444 1556 1551 1597 alteri,
1566 1556 1627 1588 nisi
1648 1567 1707 1600 per
1718 1556 1980 1590 commissionem

1228 1619 1327 1641 manu
1354 1615 1463 1642 nostra
1488 1609 1659 1651 signatam,
1688 1609 1736 1642 vel
1772 1620 1832 1653 per
1856 1615 1981 1643 nostras

1229 1663 1365 1703 litteras,
1383 1663 1521 1696 etcitato
1539 1663 1643 1696 dictae
1663 1663 1816 1696 Gamerae
1829 1663 1981 1696 commis-

1228 1716 1311 1749 sario
1336 1717 1480 1759 generali
1516 1723 1547 1749 et
1578 1717 1706 1750 notario
1738 1717 1918 1761 spoliorum
1951 1723 1981 1750 et

1228 1781 1397 1802 causarum
1429 1770 1616 1803 huiusmodi
1642 1781 1702 1814 pro
1730 1776 1876 1814 tempore
1900 1780 1918 1802 a
1951 1776 1980 1802 te

1228 1825 1394 1867 deputato,
1418 1823 1569 1866 cognosci
1590 1829 1621 1856 et
1646 1824 1811 1857 terminari
1842 1823 1977 1867 possint.

1227 1877 1383 1919 Quodque
1397 1877 1584 1917 monitoria,
1611 1877 1792 1918 citationes,
1816 1877 1982 1910 inhibitio-

1228 1943 1296 1972 nes,
1332 1942 1516 1975 processus,
1543 1932 1721 1965 sententiae
1746 1937 1776 1964 et
1806 1931 1979 1971 mandata,

1227 1996 1310 2028 quae
1326 1986 1405 2018 alias
1415 1996 1512 2028 quam
1525 1996 1562 2018 ex
1574 1985 1739 2026 citatione,
1753 1985 1981 2018 commissione

1228 2039 1275 2071 vel
1312 2039 1426 2071 litteris
1454 2039 1572 2071 nostris
1609 2039 1842 2079 emanaverint,
1873 2038 1981 2082 quoad

1228 2093 1418 2125 earumdem
1446 2103 1617 2125 causarum
1651 2092 1924 2125 introductionem
1951 2097 1978 2124 et

1228 2146 1292 2178 litis
1326 2146 1532 2190 pendentiam
1569 2157 1625 2178 seu
1661 2151 1747 2178 tuam
1782 2152 1981 2188 tuorumque

1229 2200 1449 2233 ministrorum
1476 2201 1515 2234 ad
1551 2201 1581 2233 id
1614 2212 1630 2232 a
1661 2207 1690 2233 te
1718 2201 1980 2245 deputandorum

1230 2255 1462 2288 iurisdictionis
1491 2261 1519 2287 et
1534 2265 1745 2298 processuum
1769 2254 1981 2299 impedimen—

1229 2313 1310 2349 tum,
1339 2309 1588 2342 retardationem
1615 2309 1661 2341 vel
1688 2309 1977 2352 perturbationem,

1229 2363 1353 2396 nullius
1372 2363 1436 2395 sint
1453 2363 1578 2396 roboris
1595 2363 1641 2395 vel
1664 2363 1832 2396 momenti.

1274 2417 1288 2459 ἓ
1314 2417 1367 2449 ali.
1391 2417 1451 2449 Sed
1464 2428 1535 2457 nec,
1555 2417 1616 2449 nisi
1648 2417 1799 2461 praestita
1831 2416 1980 2450 cautione
2021 2433 2143 2460 „ponium
2162 2441 2173 2453 a

1231 2466 1346 2499 idonea
1367 2467 1398 2498 in
1415 2466 1517 2499 forma
1537 2466 1686 2510 depositi,
1710 2478 1727 2498 a
1743 2466 1908 2499 sententiis
1923 2476 1981 2509 per
1994 2465 2128 2485 ¹¹¹⁸³¹¹uf³¹‘⁵⁰
2140 2466 2178 2485 ‘¹⁰‘

1231 2521 1259 2548 te
1283 2516 1626 2549 seulocumtenentem
1644 2516 1691 2548 vel
1717 2516 1897 2548 auditorem
1922 2519 1978 2547 aut
1994 2495 2178 2553 «ἷζξιιῖιὲῖιῗιιιιῗηῖᾝῖἶ

1994 2559 2102 2578 retardata
2123 2564 2177 2579 ue-

1995 2590 2087 2610 cutione.

1231 2565 1394 2597 ministros
1410 2565 1592 2608 praedictos
1612 2576 1711 2609 super
1726 2563 1909 2608 praemissis
1921 2574 1980 2606 pro

1230 2619 1375 2657 tempore
1407 2614 1489 2653 latis,
1519 2614 1585 2646 ullo
1611 2614 1707 2646 modo
1727 2613 1897 2657 appellari,
1919 2612 1978 2645 nisi

1230 2669 1299 2706 post
1322 2664 1437 2695 tactam
1459 2663 1682 2695 executionem
1703 2662 1742 2694 ad
1763 2661 1914 2695 effectum
1926 2661 1979 2694 de-
