2226 3070
41 290 90 317 An.
105 287 134 316 C.
157 287 225 315 1592

79 928 174 949 Clemens
194 928 221 948 ad

38 955 91 976 alios
128 955 221 981 quinque

38 987 103 1002 annos
121 983 222 1007 prorogat

38 1009 157 1030 huiusmodi
185 1013 222 1034 ap-

37 1036 177 1062 put-ationem.

858 289 1004 315 CLEMENS
1024 291 1081 315 VIII
1102 291 1152 315 PP.

238 336 443 379 pontificatus
463 337 511 369 sui
533 347 617 370 anno
638 348 674 375 v,
695 338 830 380 collegio
851 339 979 371 scliola-
1016 338 1180 371 nistratori
1198 349 1253 371 seu
1271 338 1401 377 vicario,
1419 337 1471 381 qui
1487 338 1675 371 auctoritate
1689 350 1765 382 apo-

237 389 320 422 rium
340 390 548 431 Graecorum,
572 391 604 423 in
625 391 709 423 alma
726 391 810 424 Urbe
827 397 900 424 tunc
915 402 983 424 ere-

237 449 288 475 cto
309 449 339 476 ct
360 443 516 481 instituto,
530 443 562 476 in
575 444 838 478 sustentationem
853 456 983 478 eorum-

237 495 310 528 dem
335 495 542 537 scholarium,
567 497 797 530 Chissamensis
829 498 983 530 ecclesiae

237 548 268 580 iu
296 549 399 581 insula
428 549 548 590 Cretae,
572 556 647 583 tunc
678 557 765 583 certo
798 551 895 584 modo
925 562 980 583 va-

238 602 349 641 cantis
374 603 504 640 fructus,
520 604 676 641 redditus,
697 611 883 647 proventus,
900 604 984 636 iura-

235 665 309 697 que,
330 655 539 689 obventiones
559 663 589 689 et
609 657 827 689 emolumenta
842 658 982 700 (dempta

236 718 348 741 eorum
370 715 455 742 certa
477 710 642 753 portione)
663 710 703 743 ad
724 721 825 743 annos
846 711 982 753 quinde-

236 761 298 794 cim
320 763 543 806 applicaverit2
566 769 661 807 prout
684 764 714 796 iu
737 763 880 796 ciusdem
902 764 983 796 litte-

237 815 280 848 ris
300 815 427 859 plenius
448 817 642 850 continetur.

281 869 296 912 g
313 868 343 901 12.
367 869 423 910 Et,
445 869 525 903 sicut
545 871 729 914 accepimus
742 898 749 912 ‚
772 877 897 915 tempus
917 871 979 904 liu-

237 921 375 955 iusmodi
397 924 460 956 iam
487 924 595 956 forsan
622 924 802 964 effluxerit,
823 924 888 957 sive
915 925 983 957 eius

237 975 310 1008 finis
330 986 415 1009 nunc
436 976 546 1017 instet3
569 987 642 1017 nos,
666 977 906 1010 considerantes
926 988 980 1010 ec-

238 1028 367 1062 clesiam
388 1030 608 1073 praedictam,
633 1041 716 1074 quae
738 1030 841 1063 adhuc
868 1036 979 1069 vacat,

236 1083 322 1115 clero
343 1083 530 1127 populoque
561 1083 659 1116 latino
684 1083 816 1116 omnino
848 1094 957 1116 carere
972 1110 979 1123 ,

235 1142 364 1179 praeter
383 1147 503 1180 paucos
535 1137 691 1180 quosdam
721 1137 904 1177 canonicos,
928 1136 981 1180 qui

236 1195 343 1222 tamen
365 1201 382 1222 a
402 1190 499 1232 longo
528 1200 583 1223 seu
612 1189 863 1222 immemorabili
896 1196 979 1222 tem-

235 1252 325 1286 pore,
345 1243 410 1276 sive
427 1244 468 1276 ob
493 1243 682 1277 tenuitatem
703 1243 978 1287 praebendarum,

235 1296 299 1329 sive
310 1296 388 1330 alias
400 1297 440 1330 ob
453 1308 575 1334 causas,
591 1297 624 1330 in
636 1308 673 1331 ea
683 1308 748 1330 non
762 1297 912 1337 resident,
927 1298 982 1330 sed

239 1350 325 1393 apud
345 1351 569 1384 Cidoniensem
596 1351 764 1384 ecclesiam
778 1378 785 1388 ,
810 1351 861 1384 cui
882 1351 983 1384 inser-

235 1402 301 1435 vire
319 1403 437 1443 solent,
469 1409 565 1447 atque
590 1403 662 1447 piae
690 1404 788 1437 menti
811 1404 885 1436 dicti
907 1404 983 1437 Gre-

237 1456 319 1498 gorii
339 1457 596 1500 praedecessoris
616 1457 840 1497 inhaerentes,
862 1467 979 1490 conve-

236 1510 305 1543 nire
337 1510 549 1544 iudicavimus
582 1512 761 1545 subsidium
797 1511 982 1544 huiusmodi

238 1563 375 1606 collegio
410 1565 575 1609 praedicto
610 1565 650 1598 ad
689 1565 820 1609 aliquod
855 1565 983 1607 longius

237 1622 363 1661 tempus
380 1629 570 1662 prorogare,
588 1619 701 1657 donec,
723 1619 787 1652 Deo
809 1619 916 1659 dante,
938 1625 983 1651 ta-

237 1670 274 1703 lis
292 1671 474 1714 praedictae
494 1672 722 1705 Chissameusis
735 1671 887 1705 eeclesiae
905 1682 982 1705 con-

237 1723 325 1757 stitui
350 1725 448 1768 possit
479 1725 659 1769 episcopus,
683 1725 737 1769 qui
769 1724 865 1758 etiam
895 1725 982 1758 clero

239 1782 267 1809 et
289 1778 410 1821 populo
427 1788 543 1821 graeco
564 1778 596 1811 in
614 1779 726 1812 eadem
748 1778 851 1811 insula
878 1789 983 1811 sacra-

237 1838 345 1865 menta
366 1838 397 1865 et
424 1842 506 1876 quae
534 1838 607 1865 sunt
637 1832 833 1875 pontificalis
861 1832 983 1865 ordinis

236 1886 337 1918 valeat
354 1886 547 1919 ministrare.
567 1886 671 1925 Quare
691 1886 940 1929 applicationem
953 1892 981 1919 et

235 1939 484 1982 assignationem
506 1939 651 1972 omnium
666 1939 769 1972 dictae
782 1939 983 1972 Chissamcn-

235 1992 277 2026 sis
290 1993 443 2026 ecclesiae
463 1993 637 2033 fructuum,
662 1992 846 2025 reddituum
867 1999 896 2025 et
908 2004 983 2036 pro-

235 2051 400 2087 ventuum,
427 2046 638 2090 omniumque
658 2045 794 2086 iurium,
818 2045 984 2079 obventio-

236 2110 314 2132 num
332 2106 363 2133 et
382 2100 676 2133 emolumentorum
693 2110 752 2143 per
774 2099 878 2143 ipsum
900 2100 979 2134 Gre-

236 2154 363 2195 gorium
383 2154 665 2197 praedecessorem
678 2153 764 2186 dicto
785 2153 932 2195 collegio,
949 2160 983 2187 ut

236 2207 429 2251 praefertur,
452 2208 580 2248 factam,
605 2213 634 2240 et
655 2207 761 2251 ipsum
782 2213 908 2251 tempus
929 2207 979 2240 di-

237 2267 362 2294 ctorum
397 2261 583 2305 quindecim
616 2271 774 2294 annorum
789 2289 796 2301 ,
825 2267 983 2305 quatenus

235 2315 340 2348 adhue
368 2315 472 2355 duret,
497 2315 537 2348 ad
566 2314 645 2347 alios
672 2314 815 2358 quinque
845 2325 945 2347 annos
965 2325 982 2347 a

235 2368 299 2401 fine
317 2368 392 2401 dicti
410 2367 600 2412 quindennii
611 2367 858 2410 computandos,
872 2373 982 2400 aueto-

236 2422 329 2455 ritate
342 2423 529 2466 apostolica,
548 2428 657 2455 tenore
669 2421 898 2465 praesentium,
909 2431 983 2464 pro-

235 2485 398 2518 rogamus,
415 2475 615 2509 extendimus
635 2481 665 2508 et
679 2474 888 2518 ampliamus3
906 2485 983 2517 qua-

237 2534 329 2562 tenus
352 2540 427 2563 vero
451 2530 577 2573 lapsum
603 2528 659 2568 sit,
680 2528 810 2561 eosdem
841 2528 979 2567 fructus,

236 2583 392 2623 redditus,
412 2588 597 2626 proventus,
618 2582 698 2622 iura,
723 2580 933 2614 obventiones
953 2586 982 2613 et

237 2638 456 2670 emolumenta
476 2636 595 2675 onmia,
612 2635 750 2680 exceptis
771 2634 893 2668 ducatis
910 2644 984 2667 cen-

238 2696 305 2725 tum
319 2690 554 2736 quinquaginta
565 2695 714 2723 monetae
724 2694 866 2729 venetae,
878 2687 982 2721 admi·

1017 392 1129 424 stolica
1147 392 1250 424 eidem
1272 391 1425 424 ecclesiae
1448 391 1664 434 deputabitur,
1686 403 1761 435 per-

1017 445 1176 478 solvendis
1205 445 1263 488 ipsi
1295 445 1490 478 Graecorum
1521 445 1676 487 collegio,
1707 455 1764 488 pro

1018 498 1086 531 eius
1114 499 1319 531 alumnorum
1349 498 1595 534 sustentatione,
1619 498 1765 531 similiter

1018 552 1058 583 ad
1078 561 1179 583 annos
1207 551 1360 594 quinque,
1385 557 1417 583 ut
1448 551 1627 594 praefertur
1653 561 1765 583 muue-

1020 605 1147 641 randos,
1173 615 1245 636 cum
1268 605 1418 637 omnibus
1439 610 1465 637 et
1485 604 1619 647 singulis
1639 604 1766 647 privile-

1018 657 1098 697 giis,
1134 658 1414 701 exemptionibus,
1447 658 1704 690 immunitatibus
1736 664 1763 690 et

1018 711 1139 750 gratiis,
1164 721 1245 753 quae
1275 711 1306 743 in
1336 711 1436 754 ipsius
1457 711 1583 753 collegii
1604 711 1765 743 erectione

1018 774 1052 795 ac
1074 764 1245 806 praedictis
1265 764 1410 805 Gregorii
1429 764 1686 807 praedecessoris
1709 764 1762 796 lit-

1019 816 1094 848 teris
1115 817 1253 860 desuper
1272 817 1435 853 conl'ectis,
1459 824 1529 850 sunt
1550 828 1712 861 expressa,
1736 824 1766 850 et

1018 869 1105 906 alias,
1127 869 1213 902 iuxta
1234 870 1362 902 illarum
1381 876 1538 908 tenorem,
1558 882 1652 914 quem
1675 882 1766 915 prac-

1017 922 1160 955 seutibus
1191 923 1303 955 haberi
1333 924 1481 955 volumus
1508 934 1566 967 pro
1598 935 1760 967 expresso,

1018 976 1208 1009 auctoritate
1229 983 1256 1009 et
1281 982 1391 1009 tenore
1412 978 1598 1020 praedictis.
1624 979 1662 1010 de
1683 989 1765 1011 novo

1017 1029 1236 1071 applicamus,
1261 1021 1518 1063 concedimuset
1541 1031 1741 1073 assignamus
1755 1059 1762 1068 ,

1018 1083 1094 1115 itaut
1109 1083 1148 1115 ab
1164 1083 1264 1126 ipsius
1285 1084 1410 1126 collegii
1428 1085 1692 1128 procuratoribus
1708 1095 1766 1128 per

1017 1136 1150 1169 dilectos
1175 1137 1258 1170 tilios
1289 1144 1417 1170 nostros
1445 1144 1572 1170 sanctae
1602 1139 1765 1171 Romanae

1017 1190 1175 1223 Ecclesiae
1195 1191 1375 1224 cardinales
1389 1191 1531 1224 eiusdem
1551 1192 1676 1233 collegii
1692 1204 1766 1236 pro-

1018 1248 1153 1276 tectores
1173 1254 1258 1277 nunc
1279 1250 1307 1277 et
1335 1255 1394 1288 pro
1421 1251 1566 1289 tempore
1595 1245 1765 1279 existentes

1018 1297 1188 1340 deputatis,
1211 1298 1344 1342 propria
1366 1299 1576 1339 auctoritate,
1599 1310 1634 1332 ea
1656 1300 1765 1332 onmia

1018 1349 1110 1392 exigi,
1131 1351 1254 1394 percipi
1281 1358 1311 1384 et
1340 1352 1448 1391 levari,
1472 1353 1680 1396 praediaque,
1702 1353 1762 1386 do-

1018 1414 1088 1436 mus
1109 1410 1139 1436 et
1159 1404 1243 1437 hona
1265 1416 1491 1449 quaecumque
1511 1406 1621 1444 locari,
1639 1406 1765 1450 aliaque

1017 1458 1056 1490 ad
1078 1458 1109 1491 id
1131 1464 1314 1502 opportuna
1338 1465 1367 1493 et
1392 1459 1573 1493 necessaria
1595 1460 1664 1493 sieri
1685 1471 1763 1504 pos-

1017 1517 1093 1544 sint.

1062 1563 1124 1607 53.
1145 1565 1277 1598 Interim
1299 1575 1386 1606 vero,
1410 1576 1450 1598 ne
1471 1566 1540 1609 ipsa
1561 1566 1695 1599 ecclesia
1708 1566 1766 1599 ali-

1018 1618 1095 1661 quid
1116 1618 1147 1650 in
1169 1619 1388 1662 spiritualibus
1407 1619 1590 1652 detrimenti
1612 1621 1762 1663 patiatur,

1018 1672 1169 1705 dilectum
1204 1672 1307 1706 filium
1337 1674 1473 1707 Paulum
1505 1674 1698 1716 Magnanum
1727 1675 1765 1707 de

1017 1725 1127 1765 Uino,
1151 1725 1278 1759 Ordinis
1302 1726 1516 1759 Eremitarum
1542 1726 1572 1760 S.
1597 1727 1765 1769 Augustini

1017 1779 1242 1822 professorem,
1259 1779 1392 1823 eiusque
1411 1780 1574 1819 ecclesiae,
1589 1780 1674 1813 illius
1685 1781 1765 1814 Sede

1016 1838 1170 1873 vacante,
1199 1833 1231 1865 iu
1263 1833 1486 1877 spiritualibus
1521 1833 1696 1873 vicarium,
1726 1835 1764 1867 ad

1017 1886 1275 1930 quinquennium
1294 1887 1507 1930 praedictum,
1525 1887 1714 1920 auctoritate
1735 1894 1764 1921 et

1017 1946 1128 1973 tenore
1146 1941 1343 1984 praemissis,
1368 1941 1593 1974 constituimus
1613 1947 1642 1974 et
1664 1942 1764 1985 depu-

1017 2000 1132 2033 tamus,
1153 1994 1247 2038 eique
1263 2005 1323 2038 pro
1345 2005 1401 2028 sua
1422 2000 1451 2027 et
1470 1995 1566 2027 unius
1586 1995 1765 2039 presbyteri

1017 2047 1190 2090 capellani,
1214 2047 1269 2091 qui
1303 2047 1362 2091 ipsi
1399 2047 1551 2081 ecclesiae
1585 2048 1761 2088 deserviat,

1017 2111 1159 2143 cong-rua
1179 2101 1421 2148 sustentatione,
1445 2107 1474 2134 et
1496 2111 1631 2134 onerum
1646 2112 1704 2145 pro
1719 2102 1766 2135 di-

1016 2154 1090 2187 vino
1111 2154 1199 2187 cultu
1225 2154 1257 2186 in
1283 2154 1352 2198 ipsa
1383 2154 1517 2187 ecclesia
1545 2155 1765 2188 conservando

1016 2207 1270 2251 supportatione,
1293 2208 1426 2241 ducatos
1447 2214 1577 2241 centum
1598 2208 1761 2252 quinqua-

1017 2261 1104 2304 ginta
1133 2267 1281 2294 monetae
1312 2267 1444 2294 venetae
1475 2262 1680 2306 praedictos,
1704 2262 1763 2295 sibi

1017 2314 1193 2355 annuatim,
1213 2325 1271 2358 per
1291 2314 1435 2348 eiusdem
1457 2315 1582 2358 collegii
1603 2327 1760 2359 procura—

1018 2374 1113 2407 tores,
1129 2368 1160 2400 in
1181 2368 1284 2401 tribus
1304 2368 1462 2409 terminis,
1479 2369 1511 2401 in
1531 2369 1596 2401 fine
1617 2369 1762 2402 videlicet

1017 2421 1185 2454 cuiuslibet
1219 2422 1483 2465 quadrimestris,
1507 2423 1758 2466 persolvendos,

1017 2474 1222 2507 attribuimus
1243 2480 1273 2507 et
1293 2475 1504 2518 assignamus.

1061 2528 1076 2571 g
1089 2527 1119 2560 4.
1137 2528 1200 2561 Nec
1213 2538 1278 2561 non
1291 2529 1396 2562 eidem
1409 2530 1508 2563 Paulo
1520 2529 1639 2563 vicario
1654 2530 1762 2563 omnia

1017 2634 1204 2675 exercendi,
1227 2635 1422 2676 mandandi,
1446 2636 1615 2669 ordinandi
1635 2641 1663 2668 et
1684 2646 1758 2668 cxc-

1017 2687 1148 2731 quendi,
1165 2687 1261 2721 etiam
1273 2699 1333 2733 per
1348 2700 1382 2723 se
1402 2690 1451 2723 vel
1471 2690 1571 2723 alium
1591 2700 1647 2723 seu
1668 2689 1758 2732 alios,

1671 281 1734 315 519
1783 290 1832 318 An.
1850 291 1876 317 c.
1899 292 1965 319 1592

1822 1574 1929 1596 Vicarium
1946 1576 1965 1596 in

1782 1602 1873 1622 ecclesia
1883 1603 1966 1622 tjlnssa-

1781 1629 1847 1649 mcnsi
1858 1629 1952 1655 deputat..

1826 2534 1963 2556 Necessaria<

1778 2561 1846 2582 ciulem
1882 2563 1962 2582 vicario

1017 2587 1045 2614 et
1065 2581 1191 2623 singula
1210 2581 1242 2614 in
1262 2582 1427 2626 praedicta
1448 2583 1581 2616 ecclesia
1606 2583 1757 2625 gerendi,
1777 2589 1874 2608 mmmm
1899 2589 1961 2609 sacnt-

1751 2621 1753 2623 ’
1777 2617 1838 2635 tates.
