2226 3070
81 304 129 331 An.
146 302 174 330 C.
196 302 258 330 1591

111 2276 181 2298 sixtus
197 2277 211 2297 V
231 2283 266 2298 nos

85 2304 179 2332 quolibet
205 2305 267 2325 trien-

83 2336 118 2350 nio
156 2330 267 2351 sindicatui

84 2358 140 2378 stare
162 2357 227 2378 voluit
248 2360 268 2378 et

84 2383 182 2404 decrevit.

869 302 1046 328 onsssonms
1065 302 1118 327 xiv
1140 302 1188 327 er.
1687 288 1749 325 385
1796 301 1843 328 An.
1863 300 1890 328 c.
1913 301 1976 329 1591

277 351 399 394 luitque
419 351 505 395 quod
526 362 638 385 causae
667 361 779 385 omnes
799 351 890 385 dictis
918 352 1012 385 audi-

278 405 401 438 toribus
421 405 700 438 committerentur
715 411 745 438 et
765 405 963 438 reserrentur
982 406 1014 438 in

277 458 367 499 Rota,
391 465 419 492 et
441 459 480 492 dc
500 459 662 492 communi
694 469 850 492 consensu
878 469 913 491 ac
942 465 1015 492 voto

277 512 517 547 deciderenturz
542 519 569 545 et
591 513 677 556 quod
697 513 773 545 dicti
799 512 962 545 auditores
984 512 1014 544 in

276 566 444 600 consilium
466 567 586 599 intrare
608 572 792 600 tenerentur
816 566 965 599 omnibus
984 572 1015 599 et

276 619 408 662 singulis
438 620 566 658 diebus,
589 626 813 663 praeterquam
845 619 875 652 in
904 620 1015 652 diebus

277 673 363 706 festis
383 674 414 706 in
435 673 591 707 honorem
608 673 662 707 Dei
683 673 805 706 dicatis.
821 675 863 706 Ac.
883 679 1011 716 praete-

277 737 341 767 rea,
365 727 439 770 quia
460 727 491 759 in
511 727 649 760 cartellis
675 732 704 760 et
734 726 847 759 litteris
877 727 1014 759 iustitiae

275 790 331 813 seu
351 779 504 813 iustitiam
524 780 791 813 concernentibus
809 790 904 823 saepe
925 785 1031 821 nota<

276 832 398 866 riorum
420 833 582 877 imperitia
611 840 663 866 aut
696 834 802 866 forsan
829 833 903 866 dolo
928 830 1031 866 non-³

276 886 382 919 nullae
401 887 561 920 clausulae
582 887 728 920 insolitae
753 893 783 920 et
804 887 933 931 iniquae
952 897 1011 931 ap·
1028 859 1031 900 ¹

275 941 490 984 ponebantur,
514 951 550 973 ac
569 941 677 984 plures
701 947 731 974 et
752 941 867 974 diversi
888 951 1014 974 errores

276 995 572 1033 committebantur,
596 995 653 1028 fuit
683 1006 740 1039 per
768 995 888 1028 dictum
909 995 1011 1029 Geor-

275 1048 364 1090 gium
386 1047 581 1081 cardinalem
611 1049 797 1081 ordinatum
828 1048 914 1092 quod
939 1059 1011 1081 car-

276 1101 341 1135 telli
362 1112 473 1135 omnes
494 1113 528 1135 ac
549 1102 673 1135 litterae
701 1102 853 1135 iustitiam
878 1112 1011 1135 concer-

276 1160 406 1195 nentes,
437 1161 608 1199 antequam
643 1156 747 1198 legato
780 1165 840 1199 pro
870 1161 1015 1198 tempore

276 1209 421 1242 existenti
442 1220 501 1253 pro
521 1209 686 1251 signatura
705 1209 896 1253 apponenda
916 1220 1011 1253 prae-

276 1268 490 1299 sentarentur,
507 1263 658 1306 praefatis
673 1263 874 1296 auditoribus
893 1274 949 1297 seu
963 1274 1015 1296 eo-

278 1328 348 1350 rum
369 1317 460 1350 alteri
481 1317 724 1354 exhiberentur,
748 1317 802 1361 qui
823 1317 877 1350 illa
896 1327 951 1351 seu
973 1317 1012 1350 il-

277 1371 322 1404 las
333 1371 502 1413 diligenter
515 1372 680 1415 perlegere
693 1378 724 1404 et
736 1371 917 1405 examinare
931 1377 1016 1404 tene-

278 1431 399 1465 rentur,
414 1431 444 1458 et
463 1425 580 1469 siquid
595 1425 625 1457 in
639 1425 682 1458 eis
696 1425 832 1465 incivile,
848 1425 1012 1463 iniustum,

278 1479 440 1512 insolitum
462 1484 515 1511 aut
537 1479 746 1523 impertinens
766 1479 956 1522 reperirent,
981 1479 1016 1511 il-

277 1533 332 1566 lud
352 1532 566 1575 corrigerent,
590 1538 618 1565 et
640 1533 764 1566 mendis
790 1538 1012 1576 expurgarent.

277 1597 313 1619 ac
333 1592 477 1619 correcta
490 1592 519 1619 et
531 1586 699 1620 emendata
712 1592 766 1619 aut
785 1586 861 1619 alias
876 1586 1017 1628 legitime
1031 1597 1034 1626 ι

278 1640 358 1673 facta
379 1650 475 1672 manu
496 1640 628 1683 propria
648 1639 874 1679 inscriberen13
893 1651 1016 1683 proque

279 1693 387 1726 labore
418 1693 583 1726 revisionis
611 1693 794 1726 huiusmodi
826 1693 884 1726 tria
915 1694 1016 1727 solida

280 1747 464 1780 turonensia
499 1757 558 1790 pro
591 1746 732 1790 quolibet
767 1747 897 1779 cartello
935 1747 1017 1780 inter

279 1800 364 1843 ipsos
383 1806 492 1844 postea
520 1800 754 1844 stipendiorum
784 1811 916 1833 suorum
947 1802 1016 1833 loc-o

278 1853 448 1887 dividenda
461 1853 605 1897 accipere
626 1854 746 1893 liceret,
764 1865 799 1886 ac
819 1854 907 1891 alias,
923 1861 1015 1898 prout

278 1907 371 1940 latius
393 1907 422 1939 in
444 1907 559 1940 litteris
571 1907 675 1941 dictae
688 1908 868 1945 erectionis,
884 1919 941 1941 nec
953 1919 1017 1941 nou

279 1961 308 1993 in
331 1961 563 2003 regulamento,
586 1961 722 1994 decretis
743 1972 779 1994 ao
798 1962 1013 1995 ordinationi-

278 2014 336 2048 bus
356 2015 517 2059 praesatis,
542 2026 620 2059 quas
649 2026 761 2049 omnes
791 2016 853 2054 hic,
877 2027 912 2048 ac
932 2017 956 2049 si
979 2017 1017 2049 de

280 2068 375 2101 verbo
385 2069 425 2102 ad
435 2069 568 2102 verbum
582 2069 811 2109 insererentur,
823 2080 882 2113 pro
892 2081 926 2102 ex
930 2081 1018 2113 pres-

279 2121 321 2154 sis
341 2121 450 2155 haberi
473 2122 629 2159 volumus,
653 2123 778 2166 plenius
799 2123 916 2155 dicitur
936 2134 1014 2156 con-

282 2180 387 2207 tineri.

325 2229 342 2269 ᾖ
362 2227 392 2260 3.
415 2229 491 2261 Cum
511 2235 629 2269 autem,
652 2230 732 2263 sicut
763 2230 858 2263 etiam
889 2221 1034 2274 accepi—¹

283 2291 364 2320 mus,
377 2281 416 2314 ab
430 2293 467 2315 eo
488 2288 633 2326 tempore
647 2283 831 2327 (assumptis
850 2284 888 2316 ad
910 2284 1018 2317 huius-

284 2334 370 2367 modi
392 2334 553 2369 iudicandi
574 2347 689 2369 munus
709 2336 820 2380 peritis
837 2347 872 2369 ac
886 2337 1019 2370 eruditis

284 2387 371 2429 viris)
389 2399 539 2431 magnum
560 2390 680 2423 dictum
703 2390 840 2422 tribunal
861 2391 1018 2434 acceperit

284 2440 527 2483 incrementum⁷
551 2454 585 2475 ac
616 2444 733 2476 nedum
763 2454 799 2475 ex
819 2444 1019 2486 „apostoticae

282 2494 371 2528 Sedis
400 2496 588 2529 auctoritate
616 2502 757 2529 erectum
789 2502 818 2529 et
841 2496 1018 2530 institutum

282 2548 386 2589 fuerit,
401 2549 456 2582 sed
467 2549 551 2582 dicta
561 2549 743 2592 Apostolica
755 2549 834 2583 Sede
845 2556 1015 2589 annuente,

281 2602 393 2635 saltem
418 2602 511 2636 tacite
542 2602 768 2636 confirmatum
797 2609 827 2636 et
854 2604 1015 2647 approba-

283 2661 349 2689 tum
370 2657 520 2700 (propter
539 2656 642 2690 varias
661 2656 867 2690 Summorum
889 2656 1020 2690 Pontifi-

282 2719 354 2743 cum
364 2710 646 2754 praedecessorum
657 2716 841 2744 nostrorum
851 2720 1019 2744 causarum

331 2771 407 2800 Bull.
424 2772 506 2801 Rom.
523 2772 583 2801 Vol.
599 2773 641 2800 IX
834 2772 868 2800 49

1049 351 1288 384 commissiones
1308 356 1337 383 et
1351 351 1566 393 delegationes
1585 350 1677 383 dictis
1695 351 1784 383 audi-

1050 405 1172 438 toribus
1192 405 1301 447 sactas)
1322 403 1471 443 extiterit,
1494 412 1531 437 ac
1550 403 1627 436 alias
1648 415 1665 437 a
1686 404 1784 437 felicis

1050 458 1280 492 recordationis
1299 458 1385 491 Sixto
1405 458 1490 502 Papa
1509 457 1547 495 V.
1571 457 1666 490 etiam
1687 468 1781 501 prae-

1049 513 1214 545 decessore
1235 517 1355 551 nostro,
1377 512 1416 545 ad
1436 510 1594 545 tollendos
1613 510 1786 544 nonnullos

1048 566 1175 603 abusus,
1190 566 1242 609 qui
1257 566 1287 598 in
1299 575 1476 609 pauperum
1488 564 1677 608 praesertim
1694 573 1786 608 prae-

1050 619 1215 659 iudicium,
1229 619 1287 652 sub
1308 624 1472 663 praetextu
1493 617 1707 662 impunitatis,
1721 623 1785 651 tam

1050 673 1079 705 in
1100 673 1203 706 dictae
1223 673 1320 706 Rotae
1341 672 1500 705 auditorio
1531 681 1627 715 quam
1652 671 1692 704 ab
1717 671 1786 704 aliis

1048 726 1150 759 dictae
1170 727 1303 759 civitatis
1316 726 1474 759 iudicibus
1486 725 1782 764 committebantur,

1049 785 1149 812 ratam
1173 780 1203 811 in
1225 779 1357 812 caeteris
1378 779 1480 812 dictae
1495 779 1593 812 Rotae
1614 778 1785 812 institutio—

1048 843 1120 866 nem
1142 833 1289 870 habente,
1305 838 1393 865 motu
1414 833 1482 865 eius
1501 833 1634 876 proprio
1654 832 1785 865 manda·

1047 893 1114 919 tum
1145 886 1201 919 fuit
1230 886 1315 930 quod
1342 886 1435 928 legati
1466 891 1495 918 et
1525 885 1702 928 vice-legati
1726 895 1785 930 pro

1048 947 1193 984 tempore
1213 940 1380 973 existentes
1401 949 1514 972 curare
1535 949 1570 972 ac
1591 940 1694 972 facere
1725 939 1783 972 de-

1048 994 1159 1027 berent
1181 993 1266 1036 quod
1287 988 1415 1036 p'raeses
1435 1002 1470 1025 ac
1495 992 1657 1025 auditores
1678 1002 1787 1025 causa-

1049 1057 1119 1080 rum
1143 1047 1217 1079 dicti
1238 1046 1349 1079 Palatii
1371 1046 1481 1084 nostri,
1504 1051 1599 1089 prout
1620 1046 1714 1078 etiam
1735 1045 1784 1077 vi-

1049 1111 1214 1143 cesgerens
1234 1107 1263 1133 et
1284 1100 1336 1132 alii
1362 1099 1565 1142 magistratus
1585 1099 1737 1132 deberent
1758 1105 1788 1132 et

1049 1154 1181 1199 quilibet
1203 1164 1314 1187 eorum
1347 1158 1511 1186 teneretur
1540 1153 1634 1185 tertio
1659 1161 1788 1196 quoque

1048 1219 1132 1241 anno
1153 1209 1184 1240 in
1206 1208 1274 1252 ipsa
1293 1207 1418 1240 civitate
1438 1207 1477 1239 de
1497 1206 1592 1249 gestis
1621 1212 1649 1239 et
1680 1205 1784 1239 admi-

1049 1262 1189 1295 nistratis
1209 1271 1266 1305 per
1285 1272 1350 1301 effi,
1373 1271 1485 1294 eorum
1513 1260 1618 1293 officio
1639 1260 1785 1298 durante,

1051 1316 1207 1349 rationem
1229 1315 1362 1349 reddere
1392 1320 1421 1347 et
1449 1314 1641 1347 sindicatum
1666 1313 1785 1352 subire,

1050 1370 1159 1414 illique
1188 1375 1271 1403 stare
1300 1379 1408 1402 coram
1446 1367 1694 1401 sindicatoribus
1731 1377 1789 1411 per

1050 1423 1216 1456 consilium
1239 1423 1340 1456 dictae
1370 1422 1503 1455 civitatis
1524 1421 1728 1465 deputandis,
1753 1419 1789 1453 il-

1051 1478 1144 1520 loque
1173 1478 1318 1512 durante,
1343 1487 1359 1509 a
1380 1476 1462 1509 dicta
1483 1475 1607 1509 civitate
1639 1473 1787 1508 recedere

1051 1531 1230 1574 nequirent.

1095 1586 1110 1626 ξ
1132 1584 1161 1616 4.
1185 1584 1359 1617 Novissime
1380 1593 1454 1616 vero
1480 1582 1668 1615 venerabilis
1688 1582 1786 1614 frater
1812 1590 1985 1623 νΕρῑεςοριιεβιι

1049 1638 1233 1672 Dominicus
1245 1637 1417 1679 Bisignani‚
1431 1637 1598 1680 episcopus
1619 1635 1786 1678 vice-lega·
1800 1623 1881 1670 {affl}
1900 1625 1986 1667 affixi

1052 1698 1099 1724 tus
1117 1689 1624 1739 Avenionensis„animadvertens
1648 1689 1680 1721 in
1701 1688 1786 1721 dicto
1800 1673 1938 1720 {ssgssssffl'g'
1952 1679 1985 1721 2²15

1050 1745 1213 1782 tribunali,
1238 1745 1269 1777 in
1290 1753 1467 1788 pauperum
1488 1742 1678 1787 praesertim
1698 1742 1787 1775 dam—
1801 1731 1913 1773 iiifffmm
1926 1732 1985 1752 'm'

1050 1809 1127 1832 num
1148 1805 1175 1831 et
1199 1798 1437 1834 detrimentum,
1452 1807 1562 1830 causas
1582 1796 1677 1829 etiam
1698 1795 1789 1829 levis-

1050 1853 1146 1886 simas
1166 1853 1326 1885 interdum
1348 1851 1630 1895 agita1‘i,]‘qtta1·um
1652 1849 1786 1883 extima-

1051 1907 1095 1939 tio
1115 1912 1270 1950 sumptus,
1294 1905 1346 1948 qui
1381 1911 1442 1937 tam
1473 1914 1533 1948 pro
1566 1903 1790 1936 informatione

1051 1971 1105 1994 seu
1126 1960 1310 1993 auditorum
1333 1969 1428 2002 quam
1455 1958 1551 1991 etiam
1571 1957 1789 2001 sportularum

1051 2025 1087 2047 ac
1108 2013 1308 2047 notariorum
1330 2012 1477 2045 mercede
1494 2011 1585 2051 fiunt,
1610 2011 1655 2044 rei
1678 2010 1787 2054 ipsius,

1052 2069 1089 2101 de
1110 2079 1173 2111 qua
1190 2066 1407 2100 controversia
1422 2065 1536 2101 existit,
1552 2064 1789 2097 extimationem

1052 2132 1189 2165 aequare
1221 2126 1275 2153 aut
1303 2119 1397 2152 etiam
1429 2128 1581 2162 superare
1606 2117 1790 2161 saepissime

1033 2175 1275 2212 2c0nsuerisset.
1309 2174 1479 2206 nonnullas
1509 2173 1729 2206 ordinationes
1761 2177 1791 2205 et

1053 2229 1296 2262 reformationes
1316 2233 1379 2260 tam
1401 2227 1484 2259 circa
1500 2237 1667 2259 causarum
1689 2226 1720 2258 in
1737 2226 1787 2259 di-

1052 2288 1101 2315 cta
1118 2283 1197 2315 Rota
1219 2281 1513 2323 cognoscendarum
1536 2281 1679 2318 modum,
1694 2290 1789 2324 quam

1053 2336 1146 2368 etiam
1169 2335 1252 2367 circa
1273 2334 1432 2378 sportulas
1451 2339 1479 2366 et
1500 2334 1637 2367 aliorum
1659 2333 1791 2367 iudicia-

1053 2389 1131 2421 lium
1143 2394 1271 2421 actuum
1284 2387 1476 2420 taxationem
1489 2392 1517 2420 et
1535 2387 1790 2420 moderationem

1054 2442 1179 2480 fecerit,
1194 2447 1225 2474 et
1244 2447 1316 2474 ante
1337 2440 1446 2473 onmia
1470 2440 1670 2485 praeceperit
1690 2446 1724 2474 ut
1745 2440 1792 2473 in-

1053 2502 1101 2529 tra
1121 2501 1242 2528 certum
1264 2501 1339 2528 tunc
1361 2494 1536 2538 praefixum
1559 2499 1683 2538 tempus
1702 2494 1792 2528 audi-

1055 2554 1138 2582 tores
1158 2549 1216 2592 ipsi
1233 2559 1345 2581 eorum
1361 2548 1601 2592 deputationem
1623 2554 1653 2581 et
1666 2558 1790 2592 expres-

1052 2613 1119 2635 sam
1133 2603 1409 2647 approbationem,
1425 2602 1463 2636 de
1481 2613 1543 2647 qua
1564 2608 1639 2635 tunc
1659 2601 1791 2635 minime

1053 2656 1237 2700 apparebat,
1260 2667 1278 2689 a
1305 2656 1385 2691 Sede
1405 2656 1586 2700 Apostolica
1609 2655 1790 2698 acciperent

1053 2716 1082 2743 et
1104 2710 1297 2744 obtinerent.
