2226 3070
58 289 109 318 An.
123 285 152 316 C.
174 289 243 317 1590

258 340 378 374 mentio
390 351 447 374 seu
459 342 590 385 quaevis
602 341 663 375 alia
676 342 838 386 expressio
850 342 1010 382 habenda,

256 399 310 426 aut
335 394 445 438 aliqua
475 395 537 428 alia
563 395 721 438 exquisita
746 395 849 429 forma
879 395 917 428 ad
950 396 1010 429 hoc

255 448 410 480 servanda
437 448 529 489 foret,
563 455 691 482 tenores
708 449 909 489 huiusmodi,
932 460 969 482 ac
987 449 1010 482 si

256 501 296 534 de
316 502 414 535 verbo
448 503 487 535 ad
518 503 665 542 verbum,
693 513 729 535 ac
755 503 858 535 forma
889 503 919 535 in
950 503 1012 535 illis

256 554 372 588 tradita
388 555 567 595 observata,
591 555 701 589 inserti
720 556 837 596 forent,
862 566 1012 599 praesen-

257 608 342 641 tibus
362 619 421 652 pro
439 609 639 642 sufficienter
659 608 819 653 expressis
845 609 1010 648 habentes,

256 662 319 694 illis
339 662 417 695 alias
438 662 470 696 in
484 673 541 695 suo
562 663 680 696 robore
698 661 933 706 permansuris,
952 663 1011 695 hac

256 714 323 748 vice
343 715 520 757 dumtaxat,
556 716 672 748 harmn
701 715 795 755 serie,
831 715 1013 759 specialiter

255 775 286 801 et
299 778 448 812 expresse
469 769 677 812 derogamus,
693 769 864 802 contrariis
879 769 1013 812 quihus-

255 832 409 864 cumque.
440 822 503 854 Aut
532 823 556 855 si
593 823 758 866 aliquibus
795 822 1013 856 communiter

255 875 302 908 vel
323 875 449 908 divisim
475 876 514 908 ab
540 876 652 909 eadem
678 876 718 910 sit
738 876 820 909 Sede
847 876 1012 909 indultum

255 929 343 972 quod
364 928 525 970 interdici,
549 929 702 973 suspendi
723 930 770 963 vel
792 929 1013 963 exeommuni-

255 982 321 1015 cari
343 993 408 1015 non
434 982 556 1026 possint
583 994 641 1027 per
670 983 792 1016 litteras
820 983 1014 1026 apostolicas

255 1046 322 1069 non
342 1036 496 1070 facientes
510 1037 639 1080 plenam
653 1042 683 1070 et
704 1047 901 1081 expressam,
920 1048 957 1069 ac
975 1037 1013 1070 de

255 1089 354 1123 verbo
380 1090 419 1123 ad
439 1090 586 1132 verbum,
610 1090 650 1123 de
672 1091 797 1124 indulto
824 1090 1012 1123 huiusmodi

256 1143 469 1177 mentionem.

300 1197 388 1239 §52
424 1197 578 1230 Volumus
611 1203 719 1231 autem
741 1198 829 1241 quod
861 1208 1012 1241 praesen-

82 1250 337 1283 'l‘r-·¹·⁵u=¹¹1·²·‘-tiuin
364 1252 587 1295 transumptis,
629 1252 727 1285 ctiam
759 1251 937 1295 impressis,
977 1262 1012 1284 ac

255 1305 372 1338 notarii
393 1305 517 1349 publici
537 1315 636 1338 manu
657 1305 863 1349 subscriptis,
893 1312 1013 1349 tuoque

254 1357 362 1401 sigillo
393 1359 583 1402 obsignatis,
612 1359 725 1393 eadem
756 1369 889 1402 prorsus
920 1359 1010 1399 tides,

255 1411 537 1456 ubiquelocorum
560 1413 592 1446 in
613 1413 734 1446 iudicio
755 1418 786 1446 et
799 1419 898 1453 extra,
922 1412 1014 1445 adhi-

254 1465 382 1507 beatur,
405 1477 488 1509 quae
520 1466 598 1510 ipsis
628 1466 854 1511 praesentibus
879 1466 1012 1500 adhibe-

255 1524 358 1559 retur,
387 1519 413 1553 si
443 1526 550 1554 essent
581 1520 741 1554 exhibitae
773 1521 822 1554 vel
853 1526 1010 1553 ostensae.

299 1573 386 1606 Nulli
407 1585 496 1617 ergo,
519 1579 576 1607 etc.

301 1627 415 1660 Datum
441 1628 562 1661 Romae
588 1628 674 1672 apud
704 1628 735 1662 S.
759 1628 905 1668 Petrum,
928 1638 1013 1660 anno

257 1679 493 1715 Incarnationis
526 1681 710 1715 dominicae
740 1691 850 1721 MDXC,
885 1682 1013 1715 decimo

258 1733 410 1767 kalendas
417 1734 583 1776 februarii,
593 1735 802 1779 pontificatus
814 1735 915 1768 nostri
928 1746 1012 1768 anno

257 1793 383 1830 quinto.

310 1845 374 1878 Dat.
395 1847 442 1878 die
464 1848 502 1877 23
524 1847 582 1878 ian.
606 1847 701 1885 1590,
720 1848 824 1887 pontif.
844 1857 921 1878 anno
939 1855 964 1877 v.

9 1287 12 1289 '
55 1292 101 1306 rum
112 1286 171 1306 fides.

85 1579 172 1600 Sam-iio
188 1584 241 1606 poe-

66 1610 131 1631 uatis.

568 1962 694 1996 CLXIX.

257 2028 303 2062 De
326 2029 437 2073 Aquae
462 2029 578 2062 Felicis
603 2040 678 2062 inea:
710 2029 752 2062 ad
789 2028 904 2061 Urbem
937 2039 1013 2062 con-

300 2084 413 2116 ductae
437 2084 566 2116 ratione
584 2088 612 2116 et
628 2094 707 2116 curu
727 2083 923 2115 (lentandum
943 2093 1014 2116 cons-

300 2137 484 2180 qreyalioni
512 2136 547 2169 S.
577 2137 616 2169 R.
639 2137 680 2169 E.
708 2137 927 2169 cardinalium
964 2137 1014 2168 r'u-

302 2193 435 2224 statutae
468 2191 511 2223 ml
536 2202 647 2234 aquus,
674 2192 745 2223 rias
761 2195 936 2234 pontesque
963 2202 1015 2224 cu-

302 2245 441 2284 ranclos,·
467 2255 503 2277 ac
518 2244 555 2277 cle
574 2244 673 2287 officio
691 2248 720 2276 et
745 2254 878 2276 vzinzere
895 2244 1014 2276 civium

303 2297 524 2330 Romanorum
553 2296 693 2330 eiusdem
730 2307 832 2340 aquae
865 2298 1014 2330 visitato-

302 2361 377 2384 rum
397 2351 423 2383 ¹.

328 2421 426 2449 sixtus
444 2420 599 2457 episeopus.
621 2427 717 2449 servus
735 2427 876 2449 servorum
889 2421 944 2454 Dei.

412 2475 447 2503 ad
465 2475 629 2510 perpetuam
643 2475 684 2503 ret
699 2475 870 2504 memoriam.

88 2543 210 2566 nmmum.
304 2537 454 2581 Supremi
485 2547 563 2569 cura
588 2536 767 2579 regiminis,
790 2537 895 2569 divina
925 2536 1017 2569 nobis

295 2607 306 2632 1
334 2604 425 2632 Hqus
459 2604 687 2639 congregationis
716 2604 921 2632 institutionem
952 2604 1018 2632 feeit

260 2648 306 2677 hic
326 2649 409 2677 Pout.
426 2648 455 2676 in
481 2652 572 2676 const.
601 2655 686 2683 cxvii,
705 2652 761 2676 tom
793 2655 850 2683 rm,
874 2656 937 2684 pag.
954 2650 1016 2683 985,

260 2694 406 2727 limaeam,
423 2693 452 2722 iu
468 2700 564 2729 congr.
585 2694 628 2722 13.

380 2734 455 2766 Ball.
478 2733 556 2765 Rom.
580 2734 634 2765 Vol.
653 2734 702 2765 IX.
861 2734 898 2765 ⁹23

926 288 1030 314 sixrus
1049 274 1070 313 v
1087 289 1136 313 1³1³.

1706 280 1769 313 177

1053 342 1243 386 disponente
1270 341 1441 375 clementia
1468 342 1645 382 commissi,
1674 353 1732 375 nos
1757 343 1813 375 ad-

1054 402 1174 436 monet,
1198 401 1232 428 ut
1256 405 1482 439 quaecumque
1508 405 1566 438 pro
1588 396 1734 428 locorum
1753 407 1813 429 usu

1054 456 1083 483 et
1097 450 1310 489 incremento,
1325 459 1454 482 necnon
1472 459 1530 491 pro
1552 448 1722 481 hominum
1743 450 1814 483 vitae

1055 503 1300 537 necessitatibus
1335 502 1539 536 sublevandis
1559 508 1614 535 aut
1636 504 1814 536 commodi-

1055 557 1173 590 tatibus
1205 558 1348 601 ipsorum
1377 556 1546 599 augendis,
1575 555 1605 588 in
1627 556 1695 589 dies
1719 567 1813 600 pera-

1055 616 1186 651 guntur,
1209 622 1226 643 a
1252 611 1356 652 nobis,
1380 622 1428 651 ea,
1452 621 1517 655 quo
1543 610 1710 643 securiora
1745 611 1814 643 diu-

1056 664 1279 707 turnioraque,
1313 664 1420 697 divina
1449 664 1572 696 favente
1605 663 1719 706 gratia,
1742 675 1815 708 per-

1057 723 1218 756 maneant,
1241 717 1383 760 providis
1404 717 1581 760 solidisque
1608 717 1734 760 legibus
1755 718 1816 750 sul—

1056 770 1169 802 cicnda
1191 776 1381 803 statuamus.

1100 824 1114 866 ξ
1136 824 1147 855 ‘l
1161 851 1166 856 .
1180 824 1258 856 Cum
1279 823 1376 867 igitur
1392 824 1510 857 l'rhem
1527 824 1673 864 Romam,
1695 825 1813 857 beatis-

1055 877 1126 908 simi
1157 877 1239 909 Petri
1265 878 1485 921 aposttjdorum
1506 877 1662 921 principis
1686 877 1811 910 firmam

1055 930 1168 963 Sedem
1195 942 1232 963 ac
1262 931 1486 963 honorabilem
1521 931 1692 971 thronum,
1730 932 1815 964 chri-

1055 984 1177 1017 >tianae
1193 984 1357 1027 religionis
1368 984 1585 1024 domicilium,
1605 995 1813 1018 communem

1056 1038 1201 1071 fidelium
1222 1037 1367 1071 omnium
1397 1037 1533 1081 patriam
1564 1049 1601 1071 ac
1631 1045 1812 1081 parentem,

1057 1092 1156 1125 immo
1183 1098 1212 1125 et
1248 1098 1441 1125 cunctarum
1475 1092 1641 1124 nationum
1675 1092 1713 1125 ad
1744 1103 1814 1125 cam

1057 1146 1201 1189 undique
1215 1145 1450 1179 confluentium
1463 1150 1593 1189 portum
1607 1145 1814 1185 tutissimum,

1057 1210 1120 1232 non
1142 1200 1247 1232 solum
1270 1199 1372 1232 sacris
1393 1204 1423 1232 et
1444 1198 1669 1242 spiritualibus
1694 1199 1816 1242 pracsi-

1055 1254 1116 1287 diis
1137 1253 1308 1293 munitam,
1323 1253 1377 1285 sed
1399 1252 1657 1285 humanisetiam
1680 1263 1716 1285 ac
1735 1258 1815 1285 tem-

1056 1308 1222 1351 poralibus
1242 1307 1422 1340 commodis
1436 1305 1700 1349 ornamentisque
1719 1306 1815 1339 deco-

1056 1367 1159 1394 ratam
1182 1372 1249 1394 esse
1275 1361 1408 1401 deceat;
1437 1360 1559 1393 idcirco
1586 1359 1624 1391 ab
1646 1359 1715 1403 ipso
1736 1370 1816 1403 pon-

1057 1413 1197 1448 tificatus
1214 1414 1320 1454 initio,
1333 1413 1473 1457 puhlicis
1487 1412 1684 1457 privatisque
1698 1413 1815 1445 civium

1056 1480 1093 1503 ac
1114 1469 1297 1502 incolarum
1319 1468 1412 1501 Urbis
1434 1467 1680 1500 necessitatibus
1697 1478 1815 1500 consu-

1057 1524 1134 1564 lere,
1158 1523 1226 1556 eius
1252 1522 1401 1565 regiones
1418 1532 1584 1554 sacrarum
1606 1520 1734 1553 aedium
1753 1520 1816 1564 pri-

1056 1583 1268 1620 vatarumque
1295 1575 1467 1608 domorum
1497 1574 1652 1608 aedificiis
1682 1585 1813 1616 augere,

1055 1637 1086 1664 ct
1107 1631 1237 1664 demum
1264 1635 1371 1663 vetera
1397 1629 1595 1669 renovando,
1629 1638 1710 1661 nova
1740 1639 1814 1671 per-

1056 1684 1196 1718 ficiendo
1227 1690 1255 1718 et
1283 1683 1409 1726 singula
1436 1683 1473 1715 ad
1502 1681 1736 1726 omnipotentis
1759 1681 1815 1714 Dei

1054 1739 1204 1782 gloriam,
1227 1743 1256 1772 et
1277 1744 1406 1771 sanctae
1427 1737 1518 1770 Sedis
1539 1736 1636 1769 huius
1658 1736 1814 1769 honorem

1055 1793 1238 1833 referendo,
1262 1792 1360 1826 totius
1381 1790 1474 1824 Urbis
1495 1789 1744 1834 amplitudinem
1771 1794 1816 1822 at-

1055 1858 1117 1890 que
1138 1851 1301 1887 ornatum,
1325 1850 1483 1889 quantum
1507 1844 1538 1877 in
1555 1843 1648 1877 nobis
1669 1849 1728 1883 est,
1747 1842 1816 1876 diu-

1056 1900 1178 1934 tissime
1203 1900 1285 1933 tueri
1311 1910 1348 1933 ac
1374 1908 1566 1931 consem'are
1597 1897 1811 1930 decrevimus.

1100 1955 1114 1997 ξ
1136 1954 1166 1986 2.
1191 1954 1308 1995 Quare,
1333 1964 1407 1986 cum
1430 1953 1575 1985 eiusdem
1597 1951 1692 1984 Urbis
1717 1951 1816 1983 colles
1840 1955 2017 2006 mffiieffflliinbusss-

1056 2008 1324 2052 praeclarissimis
1345 2007 1421 2040 olim
1444 2005 1607 2045 Quiritum
1628 2004 1763 2038 aedibus
1784 2009 1817 2037 et
1832 2017 1878 2052 sing
1904 2017 1957 2036 iocis
1982 2021 2018 2051 rq-

1056 2062 1144 2101 soris,
1167 2061 1362 2094 sublimibus
1383 2060 1458 2092 inde
1478 2059 1651 2093 Caesarum
1673 2058 1813 2102 palatiis,
1831 2049 2016 2106 23⁰'s,.0q‡{{,¹f,¹is'0'f

1057 2115 1362 2159 superbissimisquc
1382 2113 1516 2147 theatris
1536 2112 1724 2150 etthermis‚
1746 2112 1816 2144 lon·
1831 2117 1874 2131 ΓΜ]
1894 2110 1955 2130 Usb³⁸
1972 2111 2015 2130 ¹¹²¹-

1830 2143 1939 2162 bitautium
1962 2142 2016 2162 ultra

1056 2170 1260 2213 gissimisquc
1279 2174 1309 2202 et
1328 2167 1530 2201 mirabilibus
1545 2165 1812 2209 aquaeductibus,
1831 2174 1871 2193 ntia
1884 2175 1969 2200 egregia
1991 2179 2015 2193 o>

1057 2223 1270 2256 sacrosanctis
1306 2222 1447 2265 denique
1474 2220 1590 2254 Christi
1619 2220 1654 2252 D.
1684 2220 1719 2252 N.
1752 2219 1815 2252 fide
1831 2204 2015 2256 &schaanan-

1058 2281 1206 2320 suscepta
1223 2275 1474 2308 christianorum
1487 2275 1724 2318 imperatorum
1738 2273 1816 2305 alio-

1059 2340 1199 2373 rumque
1234 2329 1363 2373 piorum
1402 2328 1573 2361 hominum
1603 2326 1746 2360 basilicis
1786 2331 1817 2359 et.

1059 2383 1188 2427 templis
1213 2382 1366 2416 extructis
1382 2382 1536 2426 insignes,
1554 2380 1816 2425 frequentissime

1058 2437 1237 2476 habitatos,
1259 2435 1390 2477 deinde,
1418 2436 1458 2469 ob
1479 2435 1714 2479 aquaeductus,
1733 2443 1816 2466 non-

1059 2486 1166 2518 nullos
1187 2486 1318 2529 quidem
1345 2486 1411 2518 sera
1429 2484 1719 2517 audacissimorum
1741 2483 1815 2515 bar-

1059 2534 1212 2567 barorum
1248 2534 1446 2567 immanitate
1477 2533 1676 2576 immanique
1705 2532 1817 2564 erude-

1059 2585 1256 2618 lissimorum
1291 2585 1433 2618 hostium
1471 2584 1595 2617 feritate
1624 2581 1813 2617 demolitos,

1060 2635 1237 2668 nonnullos
1248 2645 1324 2668 vero
1344 2633 1510 2667 vetustatis
1531 2632 1649 2665 iniuria
1661 2642 1716 2663 seu
1740 2635 1816 2662 tem-

1060 2689 1223 2729 pcstatum
1250 2684 1276 2717 vi
1314 2684 1486 2727 collapsos,
1514 2693 1530 2715 a
1560 2681 1725 2725 plerisque
1753 2677 1814 2710 iam

1831 289 1883 317 An.
1898 289 1926 317 C.
1946 290 2014 318 1590

1863 834 1901 855 llic
1918 834 2012 855 Pontifex

1830 865 1893 886 [ibis
1930 869 2013 885 ornatui

1830 898 1925 916 tutemus
