2226 3070
39 413 42 417 ·
84 406 134 427 tifex

85 258 136 286 An.
155 258 184 287 C.
202 258 271 287 1589

326 311 383 355 ἓ7.
403 311 463 345 Sed
475 311 551 355 quia
566 311 772 355 postmodum
790 322 940 345 successu
956 317 1034 344 tem-

97 374 268 410 ffiemodpi‘on-
283 366 370 410 poris
394 365 542 398 nonnulli
564 376 599 398 ex
620 365 693 405 illis,
717 365 771 408 qui
792 366 823 398 in
846 366 932 399 Statu
957 372 1034 398 tem-

84 408 268 465 qu„.2..„,2{¹,⁰,ffss{,‘f
283 419 385 462 porali
406 419 630 452 Ecclesiastico
651 419 700 451 ius
720 415 843 458 dicunt,
861 420 965 452 varias
986 431 1034 451 ai·-

83 476 127 522 κζ,
144 470 267 523 ωῗξῐζξξῑῐῇζ
283 480 329 506 tes
339 475 387 506 vel
401 473 507 517 potius
524 472 652 505 fraudes
662 472 894 515 excogitarunt,
914 473 1033 524 quibus·

83 534 182 561 1ἰηνῑῑοειι-
282 527 424 560 salubria
449 525 634 560 huiusmodi
655 531 771 558 statuta
800 526 980 566 eluderent,
1003 532 1031 558 et

282 581 340 614 sub
369 580 500 614 diversis
535 579 752 623 praetextibus
783 579 943 611 interdum
976 590 1034 623 per

282 635 405 674 sordes,
419 633 522 678 pretio
544 639 595 665 aut
619 633 720 674 gratia
741 633 901 676 corrupti,
920 633 1032 665 crimi-

282 698 376 720 nosos
392 686 577 719 manifestos
596 691 652 718 aut
666 685 798 728 impune
823 685 1032 725 dimitterent,

280 746 335 774 aut
359 740 496 772 mulctas
516 739 668 772 Camerae
686 739 888 782 Apostolicae
910 740 1033 772 debitas

279 794 537 826 interverterent.
564 793 728 825 Interdum
757 803 831 825 vcro
858 793 929 826 illos
961 794 1033 837 plus

277 858 382 891 aequo
393 847 625 891 opprimentes,
650 857 713 879 non
734 851 840 879 tamen
857 858 978 890 poenas
993 847 1032 880 ab

278 902 323 936 eis
341 906 468 934 exactas
488 900 671 944 praedictae
703 900 855 933 Gamerae
890 912 1031 934 reserva-

279 961 366 995 runt,
388 955 443 988 sed
459 954 546 998 turpi
560 955 652 987 lucro
663 954 835 992 inhiantes,
848 955 908 987 sibi
920 961 1032 988 contra

280 1010 324 1042 fas
345 1009 564 1042 retinuerunt.
587 1008 661 1045 Nos,
683 1008 759 1040 huic
787 1009 871 1041 malo
893 1009 1030 1049 mederi,

279 1069 308 1096 et
327 1063 470 1103 malitiis,
493 1068 650 1106 quantum
673 1073 747 1095 cum
759 1062 895 1095 Domino
916 1074 1031 1107 possu-

279 1128 362 1157 mus,
377 1116 508 1150 obviare
517 1116 698 1160 cupientes,
709 1127 746 1149 ac
758 1116 918 1149 dictorum
937 1128 1031 1161 prae-

276 1172 483 1204 decessorum
509 1171 655 1214 exempla
683 1170 811 1210 imitati,
839 1171 1031 1205 auctoritate

278 1225 455 1269 apostolica
474 1224 682 1258 decernimus
711 1230 741 1257 et
760 1225 977 1265 declaramus,
995 1238 1030 1259 o-

279 1289 368 1312 mnes
389 1283 418 1311 et
438 1289 661 1322 quascumque
675 1289 796 1322 poenas
813 1279 1029 1321 pecuniarias,

279 1333 415 1366 mulctas
445 1338 476 1365 et
509 1331 756 1365 confiscationes
788 1333 933 1365 omnium
975 1345 1031 1366 seu

278 1386 418 1420 cuiusvis
438 1386 539 1431 partis
556 1386 719 1419 bonorum
740 1386 877 1419 inflictas
904 1393 933 1419 et
952 1387 1031 1420 inssi-

277 1441 397 1484 gendas
426 1440 595 1473 occasione
624 1440 763 1473 cuiusvis
796 1441 954 1481 criminis,
977 1453 1029 1474 ex-

278 1505 397 1534 cessus,
431 1493 595 1533 maleficii,
625 1493 734 1527 delicti
760 1495 806 1526 vel
841 1495 945 1538 quasi,
973 1506 1032 1538 per

277 1559 502 1592 quoscumque
524 1548 703 1592 praesides,
735 1553 890 1589 rectoreS,
910 1550 1030 1592 guber-

278 1608 420 1643 natores,
451 1602 563 1645 quavis
593 1601 760 1645 dignitate,
783 1602 877 1635 ctiam
904 1603 1030 1646 episco-

279 1656 355 1700 pali,
378 1655 648 1699 archiepiscopali
669 1655 717 1688 vet
744 1655 805 1688 alia
827 1656 941 1688 maiori
968 1656 1029 1689 ful-

278 1715 400 1753 gentes,
418 1709 512 1742 etiam
530 1709 561 1742 S.
584 1709 620 1741 R.
640 1709 675 1741 E.
697 1709 878 1741 cardinales
895 1715 925 1742 et
940 1710 1030 1743 Sedis

279 1764 463 1809 praedictae
484 1763 522 1796 de
554 1763 653 1795 latere
687 1763 820 1805 legatos,
849 1774 1030 1808 eorumque

278 1818 481 1861 vicelegatos,
513 1818 744 1858 locatenentes,
776 1817 1028 1858 commissarios,

278 1877 453 1916 potestates
474 1877 504 1904 et
525 1871 690 1911 officiales,
720 1871 774 1914 qui
803 1871 835 1904 in
865 1872 1031 1914 quibusvis

280 1925 465 1969 provinciis,
484 1924 678 1965 civitatibus,
694 1925 799 1965 terris,
813 1926 955 1969 oppidis,
976 1938 1030 1959 ca-

278 1978 363 2020 stris,
386 1978 470 2011 villis
482 1978 604 2011 etlocis
624 1984 752 2012 nostrae
764 1984 795 2012 et
807 1980 838 2012 S.
862 1979 897 2011 R.
922 1980 955 2012 E.
981 1980 1029 2013 di-

277 2033 358 2066 tioni
392 2033 561 2076 temporali
593 2032 746 2065 subiectis
783 2034 1030 2076 quomodolibet

279 2086 536 2120 iurisdictionem
558 2092 722 2127 exercent,
741 2092 809 2119 tum
828 2098 887 2131 per
903 2093 1030 2121 senten-

279 2140 349 2182 tias,
372 2141 514 2179 decreta,
548 2152 730 2185 processus,
752 2147 820 2174 tum
847 2142 942 2174 etiam
974 2153 1031 2185 per

280 2194 362 2227 viam
387 2195 676 2238 supplicationum,
710 2195 952 2235 remissionum,
975 2196 1030 2228 ab·

280 2248 490 2287 solutionum,
500 2248 741 2288 liberationum,
753 2250 1030 2282 conilonationum

281 2302 567 2345 compositionum,
598 2302 788 2344 gratiarum,
817 2303 1030 2336 abolitionum

281 2367 337 2388 seu
359 2354 574 2388 cassationum
593 2366 806 2399 processuum
823 2357 862 2389 ab
875 2356 952 2399 ipsis
973 2368 1032 2400 pro

281 2413 426 2452 tempore
447 2419 686 2449 concessarum,
710 2415 772 2442 tam
790 2421 826 2442 ex
847 2410 925 2442 iuris
946 2421 1032 2443 com-

282 2457 388 2490 munis
415 2458 637 2502 dispositione,
660 2470 756 2502 quam
780 2459 865 2491 iuxta
888 2465 1032 2492 tenorem

281 2518 565 2551 quarumcumque
587 2509 838 2552 apostolicarum
860 2514 916 2541 aut
936 2510 1032 2542 etiam

281 2557 525 2599 AEgidianarum
550 2557 817 2590 constitutionum
843 2563 873 2590 et
903 2558 1032 2591 ordina-

281 2605 420 2647 tionum,
442 2607 489 2639 vel
502 2611 695 2639 statutorum
712 2612 742 2639 et
762 2607 1033 2640 consuetmlinum

282 2655 422 2689 cuiusvis
435 2656 634 2701 provinciae,
658 2655 794 2689 civitatis
810 2662 864 2689 aut
880 2656 942 2689 loci
961 2667 1034 2700 par-

953 258 1057 281 stxss‘s
1076 258 1095 281 V
1120 258 1168 281 PP.

1741 249 1782 281 75

1078 311 1275 351 ticularium,
1289 310 1386 343 autin
1399 310 1460 342 vim
1472 310 1661 344 {edictorum
1677 311 1701 351 ¹,
1716 313 1828 345 decri·-

1077 371 1195 403 torum,
1219 365 1503 398 bannimentorum
1518 366 1557 397 ab
1579 365 1691 399 iisdem
1706 367 1828 399 officia-

1076 419 1160 451 libus
1181 430 1237 451 seu
1259 429 1370 451 eorum
1407 418 1665 451 antecessoribus
1686 420 1829 463 promul-

1075 478 1238 514 gatorum,
1261 472 1413 505 Gamerae
1427 472 1629 516 Apostolicae
1651 473 1780 505 realiter
1799 480 1829 506 vt,

1076 536 1149 557 cum
1171 526 1286 558 ellectu
1315 531 1474 569 perpetuo
1509 526 1684 570 applicatas
1706 538 1774 559 esse
1800 532 1829 559 et

1076 579 1156 618 fore,
1180 579 1307 622 ipsique
1320 580 1472 612 Gamerae
1484 590 1549 612 non
1569 585 1677 612 autem
1697 580 1830 624 quibus-

1075 633 1120 663 vis
1146 633 1445 673 communitatil‘ius,
1477 634 1740 667 universitatibus
1775 640 1830 667 aut

1076 687 1221 729 personis
1238 687 1360 729 integre
1381 687 1512 727 dcberi;
1535 687 1648 731 poenis
1664 688 1826 722 dumtaxat

1075 739 1198 772 ratione
1219 740 1410 772 damnorum
1435 741 1465 772 in
1495 741 1592 784 agris,
1614 741 1727 781 vineis,
1755 754 1828 786 pos-

1842 259 1894 286 ΛΠ.
1912 259 1940 286 C.
1958 260 2026 287 1589

1075 792 1284 833 sessionibus,
1308 793 1622 835 nemo1·ibus,silvis,
1649 795 1749 839 pratis
1774 802 1826 829 aut

1075 846 1240 889 quibusvis
1251 847 1392 890 praediis
1403 847 1567 880 illatorum
1580 850 1733 893 exceptis,
1747 862 1829 894 quae

1075 900 1098 932 si
1121 900 1172 932 cui
1195 900 1420 933 communitati
1441 907 1495 933 aut,
1509 902 1707 936 universitati
1727 904 1830 948 appli-

1075 958 1165 986 catae
1185 960 1271 995 sunt,
1293 954 1466 998 quicquam
1490 955 1576 987 circa
1602 967 1654 988 eas
1675 957 1829 991 innovare

1074 1017 1281 1052 nequaquam
1304 1008 1514 1041 intendimus.
1547 1009 1724 1043 Praemissa
1755 1023 1829 1045 vero

1075 1061 1182 1093 omnia
1217 1062 1326 1094 locum
1352 1062 1471 1095 hahere
1492 1063 1652 1103 volumus,
1676 1065 1771 1097 etiam
1799 1065 1828 1097 in

1075 1115 1113 1147 iis
1133 1115 1239 1155 terris,
1264 1116 1405 1160 oppidis,
1430 1116 1552 1160 burgis,
1588 1117 1714 1157 castris,
1747 1119 1830 1152 villis

1074 1175 1105 1201 et
1126 1169 1217 1209 locis,
1231 1180 1313 1213 quae
1330 1170 1469 1203 alicuius
1481 1170 1614 1203 alterius
1630 1171 1765 1205 civitatis
1777 1179 1828 1205 aut

1074 1229 1191 1260 terrae,
1215 1223 1442 1256 communitati
1464 1225 1512 1256 vel
1529 1224 1741 1265 universitati,
1764 1237 1830 1259 non

1074 1283 1180 1310 autem
1204 1277 1388 1310 immediate
1409 1278 1555 1311 Romano
1577 1277 1738 1319 Pontifici,
1756 1281 1831 1313 sub-

1074 1337 1158 1363 sunt.

1118 1386 1133 1428 g
1154 1384 1184 1417 8.
1208 1384 1358 1417 Ceterum
1380 1385 1530 1417 volumus
1551 1391 1582 1418 ut
1601 1397 1829 1432 quaecutnqtu¹
1871 1388 2030 1426 ΕΟΜΠΝΜΨῘ·

1844 1421 1925 1446 busque
1945 1425 1964 1441 et
1981 1422 2028 1441 aliis

1074 1439 1337 1477 comnmnitates,
1360 1438 1598 1480 universitates,
1621 1441 1758 1484 collegia
1774 1448 1828 1475 aut
1845 1452 1913 1471 dictas
1950 1458 2030 1478 poenas

1074 1504 1243 1537 personae,
1267 1493 1363 1526 etiam
1382 1493 1630 1533 ecclesiasticae,
1653 1495 1763 1538 quavis
1783 1496 1830 1529 di·
1844 1485 2029 1535 {JL}⁰¹⁰1¹{².¹.⁰„':J,'J.{

1074 1548 1194 1591 gnitate
1215 1548 1385 1590 fulgentes,
1403 1553 1458 1579 aut,
1476 1558 1589 1580 eorum
1611 1549 1828 1591 magistratus,
1843 1546 2029 1604 {flm'dfflssfcffsjss'gg

1073 1613 1206 1645 poenas,
1230 1601 1481 1645 con'ipositiones
1502 1607 1556 1634 aut,
1578 1603 1714 1636 mulctas
1735 1615 1827 1647 prae-
1843 1594 1971 1644 ⁵5¹¹¹ssn¹³³¹s¹
2009 1610 2028 1629 in

1073 1651 1174 1684 dictas
1182 1661 1237 1683 seu
1253 1651 1380 1683 illarum
1390 1651 1572 1694 portionem
1586 1653 1738 1696 aliquam,
1751 1664 1829 1697 quo·
1842 1640 2029 1691 iiss'ssmeiiflfissf

1073 1699 1117 1731 vis
1152 1700 1257 1739 titulo,
1290 1699 1385 1733 etiam
1414 1711 1566 1741 oneroso,
1590 1703 1760 1736 occasione
1782 1705 1828 1737 vel
1843 1703 2029 1752 f¹³fs¹2³¹vq¹¹⁰⁰·

1073 1749 1283 1789 causa,etiam
1299 1749 1486 1789 iustissima,
1501 1756 1529 1782 ‹·t
1552 1762 1610 1794 pro
1623 1753 1828 1795 reparatione
1843 1740 2029 1785 ³³03Q⁰5a÷0⁰11¹f⁰ti³

1072 1809 1108 1831 ac
1131 1799 1305 1831 refectione
1327 1804 1355 1831 et
1378 1799 1499 1832 fabrica
1517 1801 1562 1832 vel
1583 1803 1827 1837 conservatione
1843 1799 2027 1847 ‡‡‡‡⁰'¹]„{‚”„⁰,''‡}

1073 1859 1255 1887 murorum,
1272 1849 1433 1891 pontium,
1451 1849 1589 1887 viarum,
1613 1851 1751 1885 sontium
1773 1859 1826 1886 aut
1843 1844 1942 1894 ociosi<
1962 1859 2028 1878 ἰωήν*

1073 1898 1247 1931 cuiuslibet.
1263 1898 1384 1942 publici
1399 1899 1488 1939 boni,
1503 1900 1550 1931 vel
1571 1900 1613 1943 pii
1628 1901 1703 1938 loci,
1722 1903 1826 1935 eccle·
1843 1890 2028 1940 fiii,f“⁰¹⁸⁵⁸⁸'⁰'

1073 1948 1137 1980 siae
1158 1948 1396 1991 autliospitalis
1415 1948 1547 1988 intuitu,
1570 1955 1625 1982 aut
1646 1951 1724 1983 alias
1749 1963 1829 1995 quo-

1073 1997 1262 2035 modolibet,
1282 1997 1340 2029 silii
1364 1997 1474 2030 deberi
1495 1999 1542 2031 vel
1564 2000 1740 2043 applicatas
1760 2013 1829 2036 esse

1074 2047 1305 2092 praetendunt,
1325 2047 1464 2080 debeant
1481 2049 1615 2082 omnino
1637 2050 1721 2083 intra
1748 2052 1829 2085 duos

1075 2107 1201 2129 menses
1221 2107 1239 2128 a
1259 2096 1311 2129 die
1342 2096 1572 2139 publicationis
1611 2101 1827 2142 praesentium

1073 2146 1254 2179 litterarum
1288 2145 1319 2177 in
1356 2145 1498 2178 Romana
1533 2146 1627 2179 Curia
1662 2148 1828 2183 faciendae

1074 2195 1323 2239 commutandos,
1347 2194 1571 2228 concessiones
1592 2203 1620 2229 et
1640 2199 1829 2242 applicatio-

1073 2256 1130 2277 nes
1152 2244 1345 2288 praedictas,
1369 2255 1490 2287 suaque
1512 2244 1581 2277 iura
1613 2252 1642 2278 et
1663 2247 1828 2291 privilegia

1074 2304 1302 2338 quaecumque
1316 2294 1433 2326 liabent
1447 2293 1478 2326 in
1494 2293 1625 2327 Camera
1643 2296 1827 2339 Apostolica

1075 2343 1238 2381 exhibere,
1256 2343 1418 2376 deducere
1429 2349 1457 2376 et
1472 2344 1633 2387 allegare3
1655 2358 1736 2390 quae
1755 2359 1826 2391 qm-

1075 2394 1146 2426 (lem
1169 2392 1301 2425 Camera
1322 2393 1346 2424 si
1368 2392 1453 2436 ipsas
1468 2394 1693 2429 concessiones
1710 2398 1828 2431 validas

1075 2454 1111 2475 ex
1126 2452 1262 2475 oneroso
1277 2442 1369 2474 titulo
1380 2442 1474 2474 velex
1491 2443 1717 2486 urgentissima
1732 2457 1827 2479 rausa

1076 2494 1176 2524 factas
1186 2502 1253 2523 esse
1274 2491 1461 2534 cognoverit.
1473 2493 1712 2534 etiudicaverit,
1730 2496 1825 2538 possit

1076 2552 1130 2573 eas
1150 2541 1188 2572 ad
1208 2546 1346 2583 tempus,
1367 2540 1454 2583 quod
1475 2540 1534 2584 ipsi
1555 2541 1707 2575 Gamerae
1720 2555 1828 2577 neces-

1077 2589 1197 2622 sarium
1218 2589 1390 2630 videbitur,
1406 2589 1601 2623 confirmare
1619 2602 1675 2624 seu
1696 2593 1734 2625 de
1747 2603 1827 2625 noro

1118 2661 1129 2690 1
1157 2660 1284 2690 Cherub.
1304 2660 1438 2688 diriorum
1455 2663 1493 2697 (R.
1512 2665 1560 2697 r).
