2226 3070
59 305 108 333 An.
125 303 153 332 C.
176 302 239 330 1591

91 626 135 648 Non
150 627 239 647 debetur

56 656 130 701 qparta
178 659 239 680 paro-

54 687 65 701 c
83 682 115 701 iae
137 681 163 701 de
179 687 238 701 orna-

55 708 130 728 mentis
172 708 239 728 eccle-

55 734 99 754 siae
112 734 238 760 cuicumque

57 761 142 781 relictis.

856 299 1032 324 GREGORIUS
1050 299 1102 323 XIV
1121 299 1171 323 PP.

253 350 318 384 sive
338 351 445 394 plures
462 349 526 383 sive
546 349 651 394 pauci,
668 360 740 393 pars
752 355 864 392 quarta
882 349 996 382 debea-

255 410 306 437 tur
322 404 496 448 parochiae
516 403 669 437 defuncti.
694 403 724 437 Si
746 404 915 436 defunctus
948 403 996 435 di-

254 458 378 491 miserit
408 457 503 491 alicui
533 457 684 491 ecclesiae
715 468 771 490 seu
802 456 996 489 monasterio

253 512 377 551 vexilla,
402 517 530 555 tappeta
546 511 648 544 serica
671 511 718 544 vel
740 521 847 550 aurea,
869 510 993 548 calices,

254 577 376 605 cruces,
397 571 450 599 aut
476 565 538 598 alia
555 576 759 609 quacumque
792 569 993 603 ornamenta,

254 630 336 662 quae
353 619 457 652 solum
476 619 507 651 in
525 618 683 652 honorem
702 623 730 650 et
750 618 871 650 cultum
895 617 947 650 Dei
967 623 994 649 et

254 673 406 705 eeclesiae
427 672 619 711 deserviunt,
640 672 687 703 vel
706 671 916 714 quantitatem
941 670 997 702 ali-

255 736 351 769 quam
377 726 416 759 ad
437 737 473 758 ea
500 725 695 764 faciendum,
717 725 755 757 de
777 723 843 756 istis
862 734 925 755 non
944 724 998 756 de-

255 779 348 812 betur
364 779 471 823 portio
492 784 606 822 quarta
631 778 805 822 parochiae
837 777 993 813 defuncti;

254 833 313 866 sed
333 832 357 866 si
379 833 455 866 talia
476 832 596 865 suerint
621 832 761 869 dimissa,
786 837 817 864 ut
840 837 908 875 post
927 830 997 863 ohi-

257 893 323 920 tum
342 887 441 931 ipsius
454 892 683 920 convertantur
703 886 734 918 in
755 896 848 918 usum
867 885 913 918 vel
934 884 997 917 uti-

255 940 376 973 litatem
386 940 552 984 propriam
561 940 777 977 sacerdotum,
798 939 845 972 vel
859 939 996 971 fructum

255 994 407 1027 ccclesiae
424 1004 480 1027 seu
501 993 687 1027 monasterii
701 993 755 1026 ubi
778 992 873 1025 suerit
890 992 997 1035 sepul-

257 1053 321 1088 tus;
334 1047 359 1080 si
369 1047 440 1080 talis
448 1047 580 1081 dimisso
592 1047 724 1080 sortitur
732 1057 825 1079 suum
835 1046 995 1085 effectum,

258 1107 332 1134 tunc
359 1102 397 1135 de
422 1101 469 1134 his
497 1101 632 1134 debetur
660 1107 688 1133 et
724 1101 865 1134 solvatur
893 1100 999 1144 portio

256 1161 383 1199 quarta:
405 1155 429 1188 si
457 1156 626 1188 defunctus
654 1155 810 1188 dimiserit
830 1154 999 1198 pecuniam

255 1210 303 1243 vel
317 1210 428 1244 missas
440 1210 536 1243 alicui
553 1209 705 1243 ecelesiae
722 1220 778 1242 seu
792 1209 997 1247 monasterio,

257 1268 287 1296 et
311 1263 407 1296 etiam
427 1263 584 1296 dimiserit
601 1274 677 1296 suae
694 1263 877 1306 parochiae,
896 1262 1001 1306 inqua

256 1317 399 1360 sepultus
424 1316 528 1357 suerit,
558 1315 680 1360 aliquid
698 1316 737 1348 de
760 1316 932 1359 praedictis
950 1316 997 1348 le-

257 1370 350 1412 gatis,
388 1376 462 1404 tunc
490 1381 555 1404 non
587 1371 722 1404 debetur
756 1370 861 1414 portio
888 1376 1002 1414 quarta

258 1424 361 1457 dictae
380 1424 534 1457 ecclesiae
555 1425 593 1457 de
612 1424 722 1467 legatis
740 1424 876 1457 aliarum
901 1425 1002 1457 eccle-

258 1477 396 1518 siarum·‚
420 1478 539 1511 sivero
567 1488 633 1510 non
666 1478 774 1510 fecerit
805 1478 1000 1511 mentionem

260 1531 299 1565 de
319 1532 475 1575 parochia
492 1542 560 1572 sua,
585 1531 615 1563 in
626 1542 689 1575 qua
699 1532 842 1575 sepultus
856 1538 912 1569 est,
928 1537 1002 1564 tunc

260 1586 299 1618 de
317 1585 506 1618 melioribus
517 1585 629 1626 legatis
643 1585 711 1618 aliis
725 1585 867 1618 ecclesiis
885 1585 1003 1617 relictis

260 1639 365 1683 primo
384 1639 476 1672 detur
501 1639 560 1671 sibi
581 1649 696 1677 unum,
726 1638 801 1682 quia
824 1644 925 1671 mater
947 1640 1002 1672 de-

262 1692 363 1725 functi
378 1693 484 1733 suerit,
504 1692 560 1725 ubi
581 1692 793 1725 ecclesiastica
804 1698 1003 1725 sacramenta

260 1752 290 1779 ct
307 1746 470 1790 sepultura
480 1746 539 1778 sibi
558 1746 684 1778 suerunt
698 1745 887 1779 ministrata.
905 1746 935 1780 Si
950 1747 1004 1779 de-

262 1801 387 1833 functus
404 1800 533 1843 elegerit
555 1801 753 1844 sepulturam
768 1800 799 1833 in
814 1801 921 1844 aliquo
936 1812 1004 1834 mo-

260 1854 399 1887 nasterio
416 1865 471 1887 seu
489 1853 637 1891 ecelesia,
659 1865 740 1897 quae
758 1865 821 1887 non
840 1854 932 1887 suerit
954 1865 1002 1887 se-

260 1907 315 1940 des
326 1906 578 1946 Valentiniensis‚
589 1917 648 1939 nec
659 1907 764 1951 aliqua
776 1907 1003 1951 parochiarum

260 1960 415 2000 eiusdem,
439 1966 469 1993 et
487 1960 645 1993 dimiserit
666 1960 711 1992 illi
735 1961 931 1994 monasterio
949 1972 1004 1994 seu

260 2013 422 2055 ecclesiae,
448 2014 572 2047 ratione
589 2014 773 2058 sepulturae
803 2014 845 2047 ibi
870 2015 1000 2053 electae.

260 2074 402 2109 centum,
427 2074 455 2101 et
477 2079 553 2101 suae
582 2068 753 2112 parochiae
775 2068 929 2101 dimiserit
949 2070 1004 2101 de-

261 2133 330 2155 cem
348 2132 407 2166 pro
432 2121 587 2155 canonica
614 2122 763 2165 portione
795 2122 853 2155 sibi
883 2123 1001 2163 debita,

261 2181 336 2208 tunc
372 2175 411 2208 de
439 2175 501 2208 illis
533 2181 660 2208 centum
686 2175 803 2208 debent
833 2177 1004 2219 superaddi

262 2229 432 2272 parochiae
460 2229 646 2273 quindecim
678 2239 736 2272 pro
766 2230 1004 2273 complemento

262 2283 372 2325 viginti
401 2283 555 2327 quinque,
585 2294 667 2326 quae
697 2283 800 2316 dictae
832 2283 1004 2326 parochiae

263 2337 422 2370 debentur
442 2348 500 2381 pro
527 2343 640 2381 quarta
668 2336 816 2380 portione
845 2337 1003 2370 dictorum

263 2396 403 2424 centum.
427 2391 458 2424 Si
475 2396 582 2423 autem
602 2390 672 2423 talis
689 2391 834 2424 absolute
854 2391 1004 2433 legaverit

264 2445 367 2478 dictae
394 2445 565 2489 parochiae
586 2446 709 2485 decem,
734 2456 797 2479 non
828 2446 1005 2479 intentione

263 2498 406 2532 solvendi
428 2498 545 2531 dictam
565 2504 710 2542 quartam
722 2499 916 2543 portionem,
931 2505 1005 2532 tune

264 2552 388 2594 integre
406 2552 559 2596 percipiat
581 2552 683 2586 dictos
711 2553 833 2593 decem,
865 2559 896 2586 et
923 2553 1005 2586 ultra

265 2606 337 2647 hoc,
360 2606 471 2649 viginti
489 2606 631 2650 quinque
648 2617 707 2651 pro
727 2617 784 2640 sua
801 2612 915 2650 quarta
932 2618 1006 2651 por-

267 2660 362 2694 tione.
386 2661 423 2694 Et
440 2661 501 2694 hoc
519 2661 575 2694 suit
597 2661 763 2694 inductum
792 2661 822 2694 in
852 2671 1005 2705 compen-

266 2725 334 2748 sam
352 2715 556 2756 damnorum,
578 2726 659 2759 quae
677 2715 774 2749 Sedes
787 2720 817 2748 et
834 2715 1006 2758 parochiae

1030 347 1216 391 praedictae
1253 345 1409 379 sustinent
1441 351 1573 389 propter
1614 345 1773 378 licentiam

1030 412 1085 434 seu
1120 400 1323 444 privilegium
1355 400 1442 443 quod
1473 399 1591 433 habent
1623 401 1773 433 audiendi

1030 454 1255 494 confessiones,
1280 460 1308 487 et
1328 454 1501 498 recipiendi
1521 455 1559 487 ad
1577 455 1772 498 sepulturam

1031 509 1244 552 parochianos
1262 508 1420 541 dictarum
1439 507 1646 541 ecclesiarum
1678 519 1774 551 paro-

1031 561 1196 594 chialium.
1218 562 1249 595 Si
1276 562 1347 605 quis
1365 561 1494 604 elegerit
1516 561 1714 605 sepulturam
1745 561 1774 593 iu

1031 614 1134 647 aliena
1148 615 1297 653 dioecesi,
1320 621 1348 648 et
1371 615 1458 658 quod
1477 615 1515 647 de
1543 614 1610 647 iuic
1640 625 1703 647 non
1736 614 1772 645 sit

1031 670 1182 702 solvenda
1194 676 1307 713 quarta
1316 670 1421 714 portio
1432 669 1604 713 parochiae
1619 669 1772 705 defuncti:

1033 729 1136 756 tamen
1159 724 1233 767 quia
1252 724 1321 756 talis
1343 724 1398 757 suit
1433 729 1463 756 et
1499 729 1544 756 est
1576 723 1775 756 consuetudo

1033 777 1062 809 in
1075 777 1301 810 Valentiniensi
1313 778 1462 817 dioecesi,
1478 777 1503 810 si
1517 777 1657 810 evenerit
1670 788 1772 814 rasus,

1032 836 1146 874 quarta
1167 842 1240 874 pars
1270 831 1362 864 debet
1390 831 1467 863 solvi
1496 830 1668 874 parochiae
1700 831 1774 863 ‹lirti

1032 884 1185 917 defuncti.

1077 940 1092 977 ξ
1111 937 1141 970 2.
1165 938 1238 975 Nos,
1263 938 1302 970 de
1323 938 1554 970 venerabilium
1568 939 1702 970 fratrum
1721 948 1777 970 no—

1032 997 1171 1024 strorum
1194 992 1328 1025 Sanctae
1347 993 1510 1024 Romanae
1528 992 1686 1025 Ecclesiae
1708 1003 1777 1024 car-

1034 1045 1188 1078 dinalium
1211 1045 1413 1077 decretorum
1438 1045 1568 1078 Coucilii
1603 1045 1777 1078 Tridentini

1034 1098 1258 1142 interpretum,
1280 1098 1397 1142 quibus
1415 1098 1476 1131 hoe
1509 1098 1673 1140 negotium
1707 1098 1778 1130 dili-

1035 1157 1147 1192 gcnter
1165 1152 1338 1185 videndum
1357 1157 1385 1185 et
1405 1152 1652 1184 examinandum
1671 1163 1707 1184 ac
1721 1162 1779 1184 no-

1035 1205 1082 1238 bis
1114 1206 1319 1238 referendum
1349 1205 1580 1243 commisimus,
1614 1206 1778 1238 decretum

1035 1271 1089 1293 seu
1108 1265 1262 1292 statutum
1288 1259 1484 1297 huiusmodi,
1519 1259 1695 1303 apostoliea
1723 1270 1780 1292 au-

1036 1314 1194 1352 ctoritate,
1216 1320 1327 1346 tenore.
1349 1313 1585 1357 praesentium,
1615 1314 1777 1357 approha-

1036 1379 1106 1400 mus
1127 1373 1157 1400 et
1178 1367 1418 1400 confirmamus

1081 1421 1142 1465 53.
1167 1422 1371 1455 Declarantes
1403 1422 1510 1465 quod.
1543 1422 1619 1454 (lum
1652 1428 1781 1455 cavetur

1037 1476 1123 1520 quod
1143 1475 1168 1508 si
1187 1475 1354 1508 defunctus
1371 1475 1491 1519 aliquid
1514 1475 1664 1519 propriae
1686 1486 1780 1519 paro-

1037 1529 1126 1563 chiae
1147 1528 1310 1571 legaverit,
1335 1528 1361 1561 ei
1381 1534 1493 1572 quarta
1514 1529 1619 1572 portio
1638 1529 1676 1562 de
1686 1529 1781 1561 rebus

1037 1583 1127 1616 alteri
1148 1582 1319 1626 parochiae
1342 1582 1461 1615 relictis
1479 1593 1542 1615 non
1561 1583 1727 1621 debeatur7
1750 1583 1779 1615 id

1038 1636 1080 1669 ita
1098 1646 1243 1680 expresse
1265 1635 1521 1678 intelligendum,
1543 1647 1615 1669 cum
1636 1636 1677 1676 id,
1695 1636 1781 1679 quod

1038 1691 1187 1735 propriae
1208 1690 1381 1734 parochiae
1399 1691 1539 1732 legatum
1566 1690 1635 1731 suit,
1670 1691 1708 1722 ad
1736 1690 1782 1722 in-

1039 1751 1160 1787 tegram
1187 1750 1335 1788 quartam
1365 1745 1534 1781 ascendat:
1574 1743 1717 1787 alioquin
1747 1756 1781 1777 ex

1038 1798 1148 1841 legatis
1173 1798 1263 1831 alteri
1282 1798 1453 1842 parochiae
1473 1808 1529 1830 seu
1549 1797 1689 1830 eeclesiis
1707 1797 1782 1830 reli-

1038 1852 1106 1893 ctis,
1133 1851 1335 1886 decernimus
1364 1851 1541 1884 faciendam
1560 1862 1627 1884 esse
1652 1851 1781 1895 supple-

1040 1907 1170 1940 tionem.

1085 1962 1100 2002 g
1122 1960 1152 1992 si.
1174 1960 1304 1992 Necnon
1323 1959 1366 1992 sie
1385 1959 1601 1992 examinatum
1627 1965 1655 1992 et
1674 1969 1782 1992 corre-

1039 2020 1137 2053 ctum,
1161 2025 1197 2046 ac
1218 2024 1275 2057 per
1300 2019 1484 2057 praesentes
1506 2013 1720 2057 approbatum
1753 2019 1781 2046 et

1039 2068 1265 2101 confirmatum
1289 2067 1452 2101 decretum
1473 2078 1529 2099 seu
1547 2072 1700 2100 statutum
1722 2067 1782 2099 hu-

1040 2122 1178 2155 iusmodi
1197 2122 1235 2154 ab
1265 2122 1415 2155 omnibus
1441 2127 1469 2155 et
1503 2121 1635 2163 singulis
1672 2121 1782 2165 quavis

1039 2176 1239 2213 auctoritate,
1261 2175 1414 2218 dignitate
1433 2181 1460 2208 et
1480 2175 1603 2208 honore
1624 2175 1783 2218 fungenti-

1039 2231 1109 2267 bus,
1131 2241 1211 2274 quos
1233 2230 1287 2262 illa
1311 2229 1553 2273 quomodolibet
1585 2236 1780 2262 concernunt

1039 2290 1067 2317 et
1091 2289 1283 2317 concernent
1316 2283 1347 2315 in
1380 2284 1545 2323 futurum,
1577 2288 1608 2316 et
1635 2283 1673 2316 ad
1703 2294 1783 2327 quos

1039 2343 1160 2382 spectat
1181 2343 1208 2371 et
1231 2337 1388 2381 spectabit
1407 2337 1437 2369 in
1464 2337 1619 2374 futurum,
1644 2337 1779 2369 inviola-

1040 2392 1145 2425 biliter
1163 2391 1326 2424 observari
1348 2391 1539 2424 mandamus
1561 2397 1592 2424 et
1617 2390 1779 2429 itlbemtts;

1039 2446 1147 2490 sieque
1168 2456 1225 2489 per
1245 2455 1466 2489 quoscumque
1484 2444 1605 2478 iudices
1626 2450 1656 2477 et
1688 2455 1779 2477 com-

1040 2499 1221 2537 missarios„
1253 2499 1362 2542 quavis
1394 2498 1583 2531 auctoritate
1602 2498 1779 2540 fungentes

1040 2554 1135 2586 ctiam
1157 2564 1325 2586 causarum
1343 2552 1456 2585 Palatii
1488 2552 1662 2596 Apostolici
1686 2552 1779 2584 audi-

1041 2612 1125 2639 tores
1146 2617 1181 2639 ac
1199 2606 1229 2639 S.
1250 2606 1285 2639 R.
1310 2606 1342 2639 Ε.
1369 2606 1564 2643 cardinales,
1594 2605 1717 2637 sublata
1738 2604 1782 2636 eis

1040 2667 1068 2694 et
1091 2671 1203 2693 eorum
1224 2660 1353 2693 cuilibet
1376 2660 1486 2704 quavis
1503 2660 1595 2692 aliter
1620 2658 1780 2691 iudicandi

1040 2720 1066 2748 et
1091 2714 1322 2758 interpretandi
1343 2714 1491 2747 facultate
1519 2719 1546 2746 et
1579 2712 1778 2753 auctoritate,

1674 287 1739 321 [495
1786 297 1834 324 An.
1857 297 1884 324 c.
1903 297 1966 325 1591

1810 948 1949 968 Conlirnmtur
1965 955 1975 967 κ

1794 975 1900 995 Panum-e.

1814 1429 1931 1456 Explicatio
1947 1435 1979 1449 su-

1795 1463 1832 1483 per
1854 1457 1979 1477 efformatio-

1796 1490 1821 1504 ne
1846 1486 1934 1510 quartae
1952 1486 1980 1502 tu-

1795 1512 1879 1531 ueram.

1825 1966 1941 1986 Clausulae.
