2226 3070
217 247 269 276 An.
287 246 317 275 C.
334 245 401 274 ¹588

264 795 275 807 u
305 789 349 807 niis
360 787 403 806 ile·-

221 824 286 845 rogat.

461 235 481 269 8
1018 246 1199 271 BULLAnltJM
1219 246 1370 271 ROMANUM

417 299 474 339 les,
499 309 557 342 per
577 299 764 340 sententias,
788 310 940 333 censuras
950 304 980 332 et
990 309 1110 342 poenas
1123 309 1172 332 ee-

418 352 613 386 clesiastieas
632 353 760 397 aliaque
781 358 965 397 opportuna
987 353 1066 385 iuris
1080 358 1108 385 et
1129 353 1172 384 t'a-

418 405 459 438 cti
480 406 634 446 remedia,
651 406 867 450 appellatione
882 405 1069 449 postposita,
1082 415 1171 438 com-

418 460 593 502 pescendo,
616 470 653 493 ac
678 459 830 502 legitimis
854 469 952 502 super
979 458 1027 490 his
1049 458 1171 492 haben-

418 512 467 546 dis
486 512 616 546 servatis
627 512 843 556 processibus,
855 511 1041 552 sententias,
1055 522 1172 545 censu—

419 577 470 600 ras
487 572 518 599 et
547 577 668 610 poenas
689 565 771 609 ipsas
793 566 888 598 etiam
901 565 1022 598 iteratis
1051 565 1172 598 vicibus

419 619 643 662 aggravando,
671 619 817 651 invocato
848 617 942 650 etiam
971 618 1010 651 ad
1037 618 1117 658 hoc,
1148 619 1172 651 si

420 683 502 716 opus
522 671 629 711 tuerit,
652 671 771 704 auxilio
789 671 914 703 brachii
940 671 1124 705 saecularis.

463 726 478 768 g
503 725 557 758 21⁶2.
583 724 652 757 Non
673 724 876 758 obstantibus
900 725 1002 758 felicis
1022 726 1173 758 recorda-

420 778 515 811 tionis
555 777 711 810 Bonifacii
741 777 846 821 Papae
872 778 948 819 VIII,
983 779 1174 822 praedeces-

419 832 499 865 soris
520 830 632 871 nostri,
658 831 697 864 de
717 841 793 872 una,
813 837 843 864 et
864 832 994 865 concilii
1015 832 1176 875 generalis

419 887 459 919 de
482 885 609 918 duabus
637 885 762 925 diaetis,
789 886 968 919 dummodo
995 886 1079 919 ultra
1113 892 1176 918 tres

419 938 540 971 diaetas
559 938 677 981 aliquis
699 939 808 981 vigore
825 938 1045 982 praesentium
1064 939 1103 971 ad
1128 939 1176 971 iu-

420 992 541 1024 dicium
563 1002 628 1024 non
644 992 811 1029 trahatur;
827 992 965 1036 aliisque
977 992 1173 1036 apostoliciS‚

421 1056 458 1078 ac
480 1045 511 1077 in
531 1045 784 1090 provincialibus
805 1051 836 1078 et
861 1045 1069 1089 synodalibus
1097 1056 1176 1078 con-

421 1099 503 1132 ciliis
523 1099 630 1139 editis,
657 1098 863 1141 generalibus
888 1099 937 1131 vel
966 1098 1174 1142 specialibus,

422 1153 709 1186 constitutionibus
729 1158 761 1186 et
777 1153 1039 1186 ordinationibus
1052 1158 1178 1196 aposto-

422 1207 492 1239 licis
512 1207 684 1240 contrariis
704 1207 1055 1251 quibusctimque;atit
1075 1206 1099 1238 si
1121 1206 1179 1238 ali-

421 1261 540 1305 quibus
560 1261 779 1294 eommuniter
795 1261 843 1293 vel
856 1260 984 1293 divisim
1005 1261 1044 1292 ab
1065 1261 1177 1293 eadem

422 1315 461 1347 sit
478 1315 559 1348 Sede
572 1315 747 1355 indultum,
761 1315 849 1357 quod
859 1314 1017 1355 interdici,
1027 1314 1178 1358 suspendi

422 1369 469 1401 vel
496 1367 771 1401 excommunicari
792 1378 857 1400 non
873 1367 995 1411 possint
1020 1379 1077 1412 per
1094 1369 1179 1401 litte-

424 1433 474 1455 ras
504 1421 699 1466 apostolicas
728 1431 793 1454 non
819 1421 971 1454 facientes
995 1421 1125 1465 plenam
1151 1427 1181 1454 et

424 1486 609 1520 expressam
629 1486 667 1507 ac
687 1475 726 1508 de
746 1475 844 1507 verbo
860 1475 899 1507 ad
917 1475 1051 1508 verbum
1070 1475 1109 1507 de
1132 1475 1180 1508 in-

423 1530 513 1562 dulto
534 1527 722 1562 huiusmodi
747 1527 957 1561 mentionem

468 1583 583 1616 Datum
604 1582 725 1616 Romae
746 1582 831 1626 apud
856 1582 1010 1615 Sanctum
1036 1582 1180 1622 Petrum,

427 1636 486 1670 sub
521 1636 643 1669 annulo
674 1635 864 1675 piscatoris,
895 1636 947 1668 die
977 1635 1083 1679 prima
1113 1636 1182 1668 iulii

425 1699 622 1730 Manxxvnl,
643 1689 853 1733 pontificatus
873 1689 975 1722 nostri
993 1700 1078 1722 anno
1104 1700 1144 1722 1v.

489 1748 552 1778 Dat.
570 1748 618 1778 die
635 1748 648 1777 1
670 1747 736 1777 iulii
755 1747 841 1781 1588,
860 1747 964 1786 pontis.
981 1757 1058 1778 anno
1081 1756 1121 1777 iv.

726 1922 881 1956 CXXVIII.

429 2006 644 2039 Cunonizatz'o
679 2006 796 2039 Sancti
829 2007 947 2040 Didaci
978 2008 1184 2049 confessoris,

475 2061 609 2093 Ort‘linis
617 2061 760 2103 fratrum
769 2061 936 2095 Minorum
949 2062 1066 2096 Sancti
1079 2064 1186 2096 Fruu-

473 2116 550 2147 οἶκοί
569 2115 607 2147 de
634 2115 846 2148 Observantt‘u
864 2116 1055 2159 professoris
1068 2144 1075 2157 ‚
1097 2128 1188 2149 suac-

476 2179 533 2211 que.
563 2168 754 2210 festivitatis
778 2170 957 2210 institutit),
985 2181 1044 2213 pro
1070 2171 1121 2202 [tie
1147 2181 1188 2204 x11

475 2223 595 2254 mensis
621 2223 814 2263 novembris,
836 2224 1012 2267 quotannis
1031 2224 1190 2257 celebran-

477 2275 547 2307 (lae.

503 2378 601 2406 smus
620 2377 773 2414 episcopus,
796 2385 891 2407 servus
909 2386 1049 2409 servorum
1064 2381 1118 2413 nei.

589 2431 624 2459 ad
642 2433 805 2467 perpetuam
819 2432 860 2461 rei
874 2434 1044 2461 memoriam.

480 2523 543 2556 Rex
569 2534 682 2567 regum
709 2530 782 2558 ante
810 2525 919 2557 omnia
949 2526 1076 2558 saecula
1102 2526 1192 2559 Chri—

435 2577 502 2605 stus
522 2572 695 2613 Dominus,
726 2573 801 2617 qui,
833 2579 967 2617 propter
996 2575 1112 2618 perditi
1141 2586 1190 2608 sa-

436 2621 535 2655 lutem
561 2622 715 2663 hominis,
747 2624 851 2656 forma
881 2623 963 2656 servi
991 2630 1135 2668 accepta,
1159 2625 1190 2658 in

1213 299 1415 342 plenitudine
1436 299 1593 343 temporis
1609 301 1712 334 factus
1727 307 1774 334 est
1784 302 1895 343 homo,
1908 302 1968 336 Ec-

1214 351 1345 385 clesiam
1381 362 1472 385 suam
1504 352 1600 385 unice
1634 353 1784 387 dilectam
1800 381 1808 396 ,
1844 366 1969 399 suoque

1214 405 1357 448 pretioso
1380 405 1537 448 sanguine
1554 406 1758 450 acquisitam,
1780 419 1878 452 supra
1895 410 1970 443 bea-

1216 458 1373 491 tissimum
1390 460 1612 503 apostolorum
1625 460 1808 504 principem
1828 462 1970 503 Petrum,

1215 512 1266 545 cui
1292 517 1401 556 petrae
1427 513 1613 546 firmitatem
1641 514 1740 553 dedit,
1772 514 1805 547 in
1835 525 1868 548 se
1899 515 1971 559 Ipso

1215 575 1343 598 summo
1363 566 1511 608 angulari
1529 566 1634 610 lapide
1655 578 1671 599 a
1688 567 1884 600 christianae
1897 567 1971 601 fidei

1217 618 1406 661 primordiis
1426 619 1617 660 aedificavit,
1646 626 1678 654 et
1704 632 1806 664 usque
1837 621 1876 654 ad
1904 632 1972 655 sae-

1216 672 1280 705 culi
1302 673 1616 706 consummationem
1638 685 1696 717 per
1716 685 1828 707 omnes
1848 680 1972 719 tempo-

1216 735 1288 757 rum
1309 731 1431 759 aetates
1451 726 1644 760 mirabiliter
1660 737 1790 771 semper
1809 728 1968 761 aedificat.

1216 778 1364 811 Divinum
1388 790 1462 813 vero
1483 779 1685 813 admirabilis
1705 781 1803 814 huius
1821 782 1972 815 aedifica-

1217 831 1313 864 tionis
1344 831 1531 872 artificium,
1561 842 1621 865 nee
1654 832 1763 866 inflata
1791 833 1904 867 mundi
1924 845 1972 867 sa-

1218 885 1339 928 pientia
1372 885 1469 928 capit,
1506 896 1566 919 nee
1603 892 1733 919 terrena
1774 892 1805 920 et
1834 887 1974 920 carnalis

1218 937 1392 981 prudentia
1417 939 1484 972 ullo
1510 939 1608 972 modo
1628 940 1832 983 assequitur,
1853 940 1973 974 diaboli

1218 996 1327 1024 autem
1359 992 1475 1025 astutia
1503 999 1533 1025 et
1563 993 1717 1036 superbia
1737 994 1971 1027 contremiscit.

1218 1044 1377 1077 Nimirum
1402 1046 1680 1089 quemadmodum
1710 1057 1747 1079 ex
1775 1047 1976 1090 pauperibus

1219 1103 1249 1131 et
1265 1099 1459 1143 contemptis
1479 1100 1674 1143 plerumque
1694 1100 1894 1140 hominibus,
1915 1101 1977 1134 hu-

1220 1151 1287 1184 mili
1310 1158 1341 1184 et
1356 1152 1495 1185 obscuro
1515 1153 1587 1186 loco
1608 1152 1702 1194 natis,
1724 1153 1823 1186 nullis
1843 1154 1975 1196 artibus,

1220 1205 1308 1238 nulla
1329 1205 1516 1248 eloquentia
1536 1206 1712 1247 instructis,
1730 1207 1821 1240 nullo
1836 1207 1976 1252 denique

1221 1259 1382 1292 humanae
1402 1260 1566 1303 potentiae
1583 1260 1745 1303 praesidio
1757 1261 1976 1302 communitis,

1223 1318 1386 1356 tamquam
1418 1323 1456 1346 ex
1480 1313 1613 1346 abiectis
1642 1319 1671 1347 et
1694 1314 1873 1358 reprobatis
1892 1315 1976 1359 lapi-

1222 1366 1328 1407 dibus,
1343 1371 1429 1399 tanta
1447 1366 1501 1399 fiat
1521 1367 1633 1408 moles,
1653 1372 1716 1400 tam
1739 1368 1889 1412 pulchra,
1912 1373 1976 1402 tam

1222 1426 1348 1461 ornata,
1370 1426 1434 1452 tam
1452 1420 1556 1461 sortis,
1579 1426 1643 1454 tam
1662 1421 1798 1463 stabilis,
1811 1421 1844 1455 in
1855 1427 1976 1455 tantam

1224 1474 1354 1506 demum
1385 1479 1558 1516 consurgat
1582 1474 1799 1515 altitudinem,
1827 1481 1862 1508 ut
1890 1476 1978 1520 ipsae

1224 1526 1405 1559 inferorum
1431 1532 1556 1570 portae,
1587 1526 1656 1560 eius
1685 1527 1786 1560 robur
1814 1539 1851 1561 ae
1871 1528 1979 1562 firma-

1225 1586 1369 1613 mentum
1390 1580 1652 1624 perhorrescant.
1676 1580 1737 1614 Sed
1756 1581 1825 1614 viae
1841 1581 1897 1615 Dei
1914 1592 1980 1615 non

1226 1633 1634 1674 suntviaehominum,nec
1643 1634 1854 1677 cogitationes
1863 1635 1982 1668 eiussi-

1226 1692 1280 1719 cut
1300 1687 1510 1730 cogitationes
1531 1698 1656 1720 eorum.
1680 1688 1789 1732 Itaque
1807 1699 1872 1721 non
1889 1688 1981 1721 multi

1226 1740 1387 1784 sapientes
1398 1741 1576 1773 secundum
1588 1751 1733 1781 carnem,
1746 1751 1811 1774 non
1824 1742 1917 1775 multi
1927 1752 1983 1785 po-

1226 1799 1407 1833 tentes‚non
1418 1794 1509 1827 multi
1520 1794 1712 1835 nobileS,sed
1722 1805 1795 1838 quse
1804 1796 1901 1828 stulta
1909 1800 1985 1829 sunt

1228 1848 1351 1888 mundi,
1363 1848 1458 1891 elegit
1469 1848 1563 1889 Deus,
1578 1853 1613 1881 ut
1627 1848 1805 1882 confundat
1819 1849 1931 1891 sortia3
1954 1855 1985 1883 et

1228 1901 1383 1943 ignobilia
1404 1902 1519 1934 mundi
1548 1907 1578 1935 et
1603 1902 1860 1946 contemptibilia
1887 1903 1985 1946 elegit

1228 1955 1358 1995 Deus‚et
1369 1965 1405 1988 ea
1417 1966 1499 1998 quae
1513 1965 1578 1988 non
1594 1960 1681 1996 sunt,
1698 1961 1733 1989 ut
1754 1966 1790 1989 ea
1811 1966 1894 2000 quae
1912 1961 1986 1990 sunt

1229 2008 1422 2048 destrueret,
1436 2014 1546 2041 utnon
1563 2008 1721 2051 glorietur
1735 2009 1840 2042 omnis
1861 2020 1937 2043 caro
1953 2010 1986 2043 in

1230 2067 1405 2105 conspectu
1420 2062 1501 2094 eius.
1526 2062 1578 2095 Sic
1598 2062 1806 2106 omnipotens
1825 2063 1909 2097 Deus
1928 2074 1988 2108 per

1230 2115 1419 2148 scandalum
1445 2114 1551 2148 crucis
1572 2121 1603 2148 et
1622 2126 1680 2159 per
1699 2116 1866 2149 stultitiam
1891 2127 1986 2160 prae·

1231 2167 1398 2201 dicationis
1415 2168 1517 2200 salros
1539 2167 1614 2200 feeit
1634 2169 1815 2210 credentes,
1838 2169 1883 2202 sic
1903 2169 1943 2202 ab
1963 2170 1988 2203 i-

1232 2221 1296 2264 psis
1321 2221 1481 2254 nascentis
1501 2220 1663 2254 Ecclesiae
1674 2221 1774 2255 initiis
1790 2233 1848 2266 per
1857 2223 1986 2267 sapien-

1233 2280 1296 2307 tem
1317 2274 1539 2318 apostolorum
1561 2274 1729 2308 infantiam
1750 2280 1779 2309 et
1799 2286 1858 2320 per
1882 2276 1988 2310 sortis-

1232 2327 1345 2360 simam
1378 2333 1557 2371 martyrum
1587 2327 1824 2369 infirmitatem,
1847 2329 1986 2363 Graeco-

1232 2392 1304 2413 rum
1326 2380 1517 2424 sapientiam
1536 2380 1713 2421 infatuavit,
1726 2387 1756 2414 et
1767 2382 1913 2425 gentium
1928 2393 1987 2426 po-

1234 2429 1366 2462 tentiam
1388 2429 1505 2463 deiecit
1527 2435 1622 2472 atque
1642 2431 1836 2474 prostravit;
1858 2431 1904 2464 sic
1929 2431 1988 2464 de-

1233 2478 1330 2522 nique
1347 2489 1405 2523 per
1423 2479 1635 2513 succedentes
1647 2485 1765 2513 aetates
1776 2480 1910 2513 brachio
1921 2480 1988 2513 sor—

1234 2527 1377 2561 titudinis
1396 2539 1473 2561 suae
1493 2528 1644 2572 deposuit
1662 2534 1810 2573 potentes
1835 2529 1874 2562 de
1898 2529 1987 2570 sede,

1233 2582 1260 2609 et
1281 2577 1429 2610 exaltavit
1449 2577 1588 2610 humiles
1609 2584 1736 2612 sanctos
1752 2589 1839 2612 suos.

1278 2626 1293 2669 g
1318 2625 1350 2659 t.
1374 2626 1455 2659 Hinc
1474 2626 1637 2670 superiori
1657 2627 1802 2668 saeculo,
1820 2632 1989 2671 etpatrum

1984 248 2036 277 An.
2051 249 2079 278 C.
2097 246 2168 278 ¹588
