2226 3070
190 228 241 256 An.
258 228 287 255 C.
305 227 373 256 1589

243 609 343 630 thecum.
351 615 373 629 es

190 642 301 668 designati.

218 2059 327 2081 clausulae
337 2060 375 2081 dc-

191 2094 312 2118 rogatorum

430 218 494 253 130

389 288 464 323 tate,
488 282 609 325 ubique
630 283 776 315 locorum
794 282 943 319 iudicari,
962 281 1088 314 definiri
1107 287 1138 313 et

388 335 591 380 interpretari
613 337 750 376 dcbcrffi
774 336 966 377 irritumque
987 340 1017 367 ct
1043 335 1137 367 inane

388 390 544 433 quidquid
580 400 671 422 serus
704 400 801 432 super
831 389 878 420 liis
913 399 929 420 a
958 398 1135 430 quoquam,

388 443 498 485 quavis
524 443 726 478 auctoritate.
750 441 889 474 scienter
913 441 962 474 vel
984 442 1136 483 ignoran-

390 502 448 536 ter,
471 497 641 539 contigerit
657 495 807 528 attentari
828 495 1046 528 decernimus:

433 551 447 593 ξ
472 551 502 583 8.
529 551 596 589 Ouo
619 549 702 581 circa
726 548 850 581 dilectis
876 548 949 581 filiis
975 549 1138 582 modernis

389 609 419 636 et
439 615 497 647 pro
520 609 662 646 tempore
683 602 893 635 existentibus
909 603 1137 636 archidiacono

389 656 654 699 metropolitanae
672 661 702 688 et
717 655 838 688 decano
852 656 1040 698 collegiatae
1061 656 1139 689 San-

388 710 429 742 cti
450 710 588 743 Petronii
600 709 810 742 ecclesiarum
827 709 1051 749 Bononiensis,
1065 722 1139 743 nec-

388 774 451 796 non
475 763 592 796 vicario
625 763 817 796 venerabilis
848 763 953 796 fratris
980 764 1139 808 archiepi-

387 817 474 861 scopi
495 817 705 851 Bononiensis
730 817 761 849 in
791 817 1014 861 spiritualibus
1041 829 1137 861 gene-

388 870 446 902 rali
468 881 526 913 per
546 876 742 914 praesentes,
766 876 853 904 motu
875 870 984 909 simili,
1009 873 1139 905 manda-

389 935 460 956 mus
480 924 722 968 quatenusipsi.
744 925 792 957 vel
813 925 877 957 duo
905 930 960 957 aut
977 936 1061 958 unus
1087 936 1140 959 co-

389 988 472 1017 rum,
491 988 549 1020 per
569 988 601 1009 se
622 978 668 1009 vel
690 977 788 1010 alium
810 989 865 1011 sen
878 979 970 1018 alios,
985 990 1138 1022 praesen—

391 1036 437 1063 tes
458 1036 488 1063 et
510 1031 541 1064 in
570 1032 615 1064 eis
641 1038 794 1064 contenta
824 1043 1062 1077 quaecumque,
1084 1033 1137 1066 ubi

389 1089 419 1116 et.
438 1085 567 1126 quando
593 1096 673 1128 opus
695 1086 802 1123 suerit,
824 1086 1013 1119 solemniter
1032 1087 1139 1130 publi-

389 1143 508 1177 cantes,
540 1139 667 1171 easdem
700 1145 885 1182 praesentes
909 1139 1032 1173 litteras
1056 1146 1084 1173 ct
1108 1140 1139 1172 in

388 1192 433 1224 eis
454 1198 604 1224 contenta
625 1203 851 1236 quaecumque
873 1193 1058 1226 huiusmodi
1084 1194 1139 1227 dc-

389 1245 471 1278 bitae
493 1246 673 1279 executioni
695 1247 902 1287 demandent,
925 1258 962 1280 ac
982 1247 1139 1280 abomni-

388 1299 460 1338 bus,
483 1300 523 1331 ad
543 1311 624 1343 quos
644 1305 762 1344 spei-tat
787 1306 815 1332 ct
832 1301 989 1343 spectabit
1002 1312 1139 1344 quomo-

388 1353 506 1385 dolibet
538 1354 567 1385 in
595 1355 752 1393 futurum,
786 1354 1013 1388 iuviolabiliter
1033 1356 1141 1389 obscr-

389 1407 454 1439 vari
480 1407 615 1447 saciant3
642 1408 898 1441 ‹·011n·a‹li‹=iores
927 1410 1085 1452 quoslibet
1110 1416 1139 1443 et

388 1461 524 1493 rebelles
546 1472 583 1494 ac
603 1462 789 1505 praemissis
811 1473 874 1494 non
901 1469 1062 1506 parentes,
1085 1475 1141 1506 per

388 1514 560 1547 sententias
591 1521 621 1547 ot
648 1526 800 1548 censuras
835 1516 1081 1555 ecclesiasticas,
1105 1528 1140 1549 ac

389 1569 485 1601 ctiam
509 1568 714 1612 pecuniarias
734 1580 855 1612 poenas
875 1570 1003 1613 aliaque
1024 1582 1141 1614 oppor-

389 1628 465 1655 tuna
488 1622 566 1655 iuris
591 1629 620 1655 et
642 1624 715 1656 sacti
745 1624 900 1660 remedia,
924 1625 1140 1668 appellatione

390 1677 578 1720 postposita.
606 1678 866 1720 compest‘wfmloz
889 1688 1015 1711 necnon
1038 1679 1140 1722 legiti-

390 1730 449 1762 mis
469 1741 566 1774 super
590 1730 637 1762 liis
657 1731 813 1764 habendis
829 1731 962 1764 servatis
983 1733 1141 1774 processi-

389 1783 460 1824 bus,
483 1785 667 1823 sententias,
692 1795 844 1817 censuras
869 1791 899 1817 et
920 1796 1039 1828 poenas
1059 1786 1141 1829 ipsas

389 1836 484 1869 etiam
504 1837 625 1870 iteratis
635 1838 758 1870 vicibus
768 1839 982 1880 aggravando,
998 1839 1142 1871 invoca-lo

389 1891 485 1923 ctiam
508 1892 546 1924 ad
567 1892 642 1931 lioc,
665 1892 689 1924 si
707 1902 788 1935 opus
807 1892 916 1928 suerit,
935 1893 1054 1925 auxilio
1072 1893 1142 1925 bra-

390 1943 454 1976 cliii
473 1945 659 1978 saecularis.

434 1998 448 2039 Q
472 2000 502 2031 9.
531 1999 598 2031 Non
620 1998 820 2032 obstantibus
842 2000 1086 2042 praeniissis‚ac
1101 2002 1143 2033 l'eu

391 2051 460 2084 licis
472 2053 704 2085 recordationis
716 2053 870 2086 Bonifacii
885 2054 943 2086 ΡΙ).
958 2054 1033 2091 vlit,
1052 2065 1142 2097 prae-

391 2106 567 2139 decessoris
588 2107 699 2147 nostri,
722 2107 761 2139 de
782 2118 858 2147 una,
882 2113 912 2140 et
936 2108 1064 2140 concilii
1086 2119 1141 2151 ge-

391 2160 509 2193 neralis
530 2160 568 2192 de
589 2161 714 2193 duabus
739 2161 867 2201 diaetis,
892 2161 1069 2194 dummodo
1092 2162 1141 2193 ul-

391 2218 438 2245 tra
460 2218 522 2245 tres
547 2213 667 2246 diaetas
691 2214 809 2257 aliquis
830 2214 1022 2247 auctoritate
1052 2225 1142 2257 prac-

390 2266 530 2298 sentium
552 2267 591 2299 ad
615 2267 770 2299 iudicium
792 2278 856 2300 non
881 2268 1048 2307 trabatur,
1066 2279 1141 2300 nec-

391 2330 454 2352 non
476 2321 587 2362 regula
608 2326 717 2353 nostra
743 2321 780 2353 de
807 2321 877 2354 iure
898 2322 1046 2365 quaesito
1077 2332 1140 2353 non

391 2373 548 2413 tollendo,
576 2373 710 2417 aliisque
736 2375 1021 2407 constitutionibus
1042 2380 1072 2406 et
1093 2386 1142 2407 or-

389 2421 612 2455 dinationibus
642 2423 838 2465 apostolicis,
864 2435 899 2456 ac
926 2424 1021 2456 etiam
1055 2424 1141 2455 iura—

390 2477 509 2511 mento,
532 2472 779 2505 confirmatione
801 2473 976 2515 apostoliea
997 2473 1043 2505 vcl
1061 2484 1141 2516 qua-

389 2521 433 2552 vis
444 2520 594 2554 firmitate
614 2521 675 2553 alia
689 2521 859 2559 roboratis,
883 2523 1008 2554 statutis
1026 2527 1056 2554 et
1068 2532 1142 2554 con-

390 2570 632 2609 suetudinibus,
646 2570 821 2613 privilegiis
841 2582 986 2614 quoque,
1009 2572 1142 2603 indultis

389 2623 419 2651 et
444 2618 559 2652 litteris
586 2618 782 2662 apostolicis,
811 2619 905 2652 etiam
929 2619 1046 2651 eisdem
1073 2621 1141 2652 tlic-

977 228 1155 253 BULLARIUM
1179 229 1329 254 ROMANUM

1180 281 1344 314 saurariae
1370 292 1406 314 ac
1437 282 1554 315 civitati
1592 288 1622 316 et
1646 283 1780 325 civibus,
1801 294 1929 318 necnon

1180 330 1294 362 incolis
1323 330 1580 364 Bononiensibus
1610 337 1640 365 et
1668 333 1929 377 quibuscumque

1179 379 1249 411 aliis
1269 380 1426 422 personis,
1447 381 1505 413 sub
1531 381 1791 425 quibuscumque
1811 382 1930 415 tenori-

1180 427 1239 460 bus
1260 434 1290 460 et
1318 428 1441 467 sormis,
1464 440 1500 462 ac
1521 441 1595 462 eum
1616 430 1780 473 quibusvis
1800 432 1929 465 clausu-

1179 476 1229 515 lis,
1265 477 1360 510 etiam
1395 478 1672 521 derogatoriarum
1702 480 1927 523 derogatoriis,

1180 526 1447 570 irritantibusque
1464 528 1576 560 etaliis
1590 528 1739 567 decretis,
1762 528 1793 560 in
1812 539 1930 571 genere

1179 576 1225 607 vel
1249 575 1279 608 in
1292 577 1411 620 specie,
1425 577 1519 610 ctiam
1534 583 1623 609 motu
1645 577 1713 621 pari
1727 582 1757 610 et
1773 577 1930 611 consisto-

1181 624 1314 665 rialiter;
1336 636 1463 658 necnon
1484 626 1529 658 Pii
1551 626 1608 659 PP.
1631 627 1680 666 lv,
1694 626 1789 659 ctiam
1799 627 1932 670 praede-

1181 673 1317 706 cessoris
1328 674 1441 714 nostri,
1459 674 1497 708 de
1510 675 1718 717 registrandis
1732 676 1843 719 gratiis
1854 687 1931 719 quo-

1182 723 1359 756 modolibet
1380 726 1534 757 interesse
1550 723 1702 761 Gamerae
1715 729 1843 758 nostrae
1855 735 1932 758 con-

1181 773 1400 814 cernentibus,
1422 784 1459 807 ac
1479 774 1558 806 alias
1578 773 1610 806 in
1631 773 1830 807 contrarium
1848 785 1932 818 quo-

1182 818 1357 855 modolibet.
1390 823 1583 856 facientibus
1606 823 1779 863 concessis,
1815 824 1932 856 confir-

1182 871 1274 904 matis
1295 876 1324 904 et
1337 872 1506 905 innovatis.
1521 872 1644 911 Quibus
1658 873 1809 905 omnibus
1821 878 1851 906 et
1866 873 1931 906 sin·-

1181 921 1276 964 gulis,
1303 921 1426 954 etiamsi
1447 932 1506 966 pro
1528 921 1659 954 illorum
1680 922 1852 955 sufficienti
1876 923 1931 955 de-

1183 971 1366 1013 rogatione,
1389 972 1428 1004 de
1454 971 1517 1004 illis
1543 981 1723 1014 eorumque
1743 971 1818 1004 totis
1839 976 1931 1005 teno-

1182 1019 1270 1052 ribus
1287 1020 1447 1063 specialis,
1465 1020 1628 1064 specifica,
1647 1030 1795 1063 expressa
1805 1025 1836 1053 et
1852 1020 1932 1052 indi-

1182 1068 1288 1109 vidua,
1311 1080 1437 1102 necnon
1459 1080 1518 1113 per
1542 1069 1704 1103 clausulas
1724 1069 1891 1111 generales
1907 1069 1933 1102 i-

1182 1118 1253 1151 dem
1275 1118 1487 1163 importantes
1508 1118 1642 1159 mentio,
1656 1129 1711 1152 seu
1723 1118 1854 1161 quaevis
1871 1116 1932 1151 alia

1182 1168 1343 1212 expressio
1364 1168 1513 1201 habenda
1533 1173 1590 1201 aut
1611 1168 1720 1212 aliqua
1739 1167 1799 1201 alia
1821 1167 1932 1212 exqui-

1182 1216 1240 1250 sita
1258 1217 1360 1250 forma
1376 1217 1415 1250 ad
1432 1217 1493 1251 boc
1511 1217 1666 1250 servanda
1686 1217 1779 1257 soret,
1801 1217 1932 1250 illorum

1182 1267 1328 1300 omnium
1367 1273 1398 1300 et
1435 1266 1637 1310 singulorum
1673 1272 1802 1299 tenores
1838 1277 1932 1310 prae-

1182 1315 1324 1349 sentibus
1341 1327 1400 1360 pro
1424 1316 1623 1349 sufficienter
1642 1316 1811 1360 expressis,
1838 1327 1874 1349 ac
1895 1317 1934 1349 de

1182 1365 1277 1398 verbo
1308 1366 1347 1398 ad
1372 1365 1504 1399 verbum
1526 1365 1653 1398 insertis
1672 1365 1847 1406 habentes,
1870 1365 1934 1398 illis

1182 1415 1259 1447 alias
1280 1414 1312 1446 in
1332 1426 1390 1448 suo
1412 1416 1529 1448 robore
1541 1414 1775 1458 permansuris,
1790 1414 1850 1447 hac
1865 1414 1934 1448 vice

1183 1464 1359 1504 dumtaxat,
1378 1465 1494 1497 harum
1515 1464 1610 1505 serie,
1633 1464 1817 1508 specialiter
1837 1469 1868 1497 et
1883 1475 1934 1497 ex-

1184 1524 1305 1556 presse,
1329 1520 1418 1547 motu
1440 1514 1549 1554 simili,
1572 1514 1778 1557 derogamus,
1802 1513 1933 1546 ceteris-

1183 1573 1245 1605 que
1267 1563 1436 1596 contrariis
1456 1563 1730 1607 quibuscumque.
1747 1563 1809 1595 Aut
1829 1563 1853 1595 si
1875 1562 1933 1595 ali-

1183 1612 1312 1655 quibus,
1333 1612 1550 1646 communiter
1569 1613 1614 1645 vel
1637 1612 1776 1654 divisim,
1793 1612 1832 1645 ab
1853 1613 1935 1656 Apo-

1184 1662 1295 1695 stolica
1315 1662 1353 1694 sit
1375 1662 1456 1694 Sede
1484 1662 1647 1695 indultum
1666 1661 1755 1704 quod
1772 1661 1933 1701 interdici,

1184 1712 1335 1755 suspendi
1356 1712 1404 1745 vel
1426 1711 1699 1744 excommunicari
1724 1722 1789 1744 non
1813 1710 1936 1755 possint

1184 1771 1241 1803 por
1261 1760 1384 1793 litteras
1400 1760 1592 1804 apostolicas
1612 1771 1677 1793 non
1693 1760 1846 1793 facientes
1866 1760 1935 1804 ple·

1185 1820 1256 1841 nam
1276 1815 1306 1841 ct
1316 1820 1510 1853 expressam,
1525 1821 1561 1842 ac
1575 1810 1613 1842 de
1626 1810 1722 1843 verbo
1735 1811 1773 1843 ad
1788 1810 1934 1850 verbum,

1184 1859 1222 1892 de
1243 1859 1367 1891 indulto
1389 1859 1573 1892 huiusmodi
1600 1860 1808 1893 mentionem.

1227 1908 1342 1940 Datum
1368 1909 1487 1942 Romae
1508 1910 1594 1953 apud
1615 1909 1769 1942 Sanctum
1790 1909 1934 1949 Petrum,

1185 1958 1242 1989 sub
1275 1959 1395 1990 annulo
1420 1957 1603 1997 piscatoris,
1630 1957 1680 1990 die
1712 1968 1774 1990 xvn
1804 1969 1935 1991 novem-

1185 2007 1249 2038 bris
1278 2017 1448 2046 MuLxxnx,
1476 2007 1683 2050 pontificatus
1715 2007 1816 2039 nostri
1850 2018 1934 2040 anno

1184 2056 1308 2098 quinto.

1232 2109 1293 2138 ilat.
1308 2110 1354 2138 die
1372 2111 1402 2139 17
1425 2119 1492 2139 nov.
1516 2110 1603 2144 1589,
1624 2110 1727 2148 pontis.
1751 2119 1826 2139 anno
1855 2118 1882 2139 v.

1506 2238 1604 2270 CLXI.

1185 2310 1402 2352 Confirmatio
1421 2310 1685 2343 concordatorum
1703 2310 1864 2343 initorum
1881 2311 1934 2343 in-

1231 2364 1276 2391 ter
1299 2360 1478 2402 episcopum
1503 2363 1531 2392 el
1552 2359 1731 2402 capitulum
1755 2359 1934 2392 Palavien-

1227 2420 1259 2441 se.
1282 2409 1304 2440 ¹.

1229 2485 1324 2514 Sixtus
1335 2485 1404 2521 Papa
1412 2485 1441 2520 V,
1453 2486 1485 2513 ad
1495 2487 1654 2521 perpetuam
1670 2485 1711 2513 rei
1722 2485 1890 2513 memoriam.

1229 2552 1270 2584 Ex
1291 2553 1399 2585 debito
1425 2552 1594 2595 pastoralis
1615 2552 1724 2591 officii,
1751 2562 1816 2595 quo
1840 2552 1934 2585 nobis

1256 2631 1265 2655 1
1285 2629 1326 2656 Ex
1342 2629 1453 2664 aegest.
1471 2628 1497 2655 in
1518 2629 1623 2657 secret.
1641 2629 1782 2657 Brevium,

1944 231 1996 259 An.
2013 231 2043 258 C.
2060 231 2128 260 1589

1976 2557 2096 2579 Exordium.
