2226 3070
475 248 539 281 684
1030 253 1211 279 thLAunui
1233 253 1385 278 nomnen

431 321 566 364 Spiritus
583 319 643 364 (S.)
666 320 696 353 in
718 319 809 354 Saxia
830 320 868 353 de
890 318 973 352 Urbe
994 316 1152 361 hospitale
1169 315 1411 360 privilegiorum
1433 315 1713 350 confirmationem
1734 327 1753 350 a
1772 317 1857 351 Sixto
1875 318 1897 349 V
1926 318 1981 351 ob-

521 374 610 414 tinet,
631 373 694 406 *256
712 373 727 405 b
748 373 780 406 in
800 378 885 405 nota.

430 428 634 472 Spiritualem
656 426 791 470 proximi
813 426 947 458 salutem
968 434 1081 457 curare
1102 429 1228 465 gratum
1250 428 1485 467 acceptumque
1504 423 1579 463 Deo,
1601 422 1665 457 :359
1682 434 1712 457 a.

431 482 612 525 Spoliorum
634 490 747 513 causae
768 491 785 511 a
802 489 866 522 quo
884 477 1093 513 decidendae,
1113 476 1171 509 169
1186 477 1202 507 b
1221 482 1248 509 et
1264 487 1327 520 seq.
1351 476 1383 509 V.
1402 477 1501 509 etiam
1514 476 1716 510 Thesaurarii
1737 477 1907 520 generalis,
1923 482 1978 511 etc.

431 535 645 579 Sponsionum
666 534 713 566 vel
734 532 983 565 ext-omissarum
1015 542 1090 563 usus
1121 530 1259 563 maxima
1291 530 1409 563 damna
1430 530 1536 569 affert,
1569 529 1633 563 396
1655 531 1691 569 b‚·
1717 542 1799 575 quae
1816 537 1984 565 enumerat

518 588 671 623 Pontifex,
693 586 755 619 397
776 598 805 618 a.
829 585 1031 618 lnliaerendo
1050 584 1156 627 itaque
1180 583 1401 617 constitutioni
1431 583 1477 616 Pii
1504 584 1552 624 IV,
1576 594 1689 617 omnes
1709 584 1740 618 id
1762 595 1862 627 genus
1886 595 1984 629 spon-

518 641 623 674 siones
652 639 771 683 ubique
805 638 952 681 prohibet
973 637 1147 679 Gregorius
1168 637 1248 677 XIV,
1274 637 1352 669 ibid.
1377 637 1413 673 b:
1447 636 1580 681 eiusque
1611 638 1794 681 exemplum
1825 638 1980 678 imitatur,

517 694 580 727 398
590 705 619 725 a.
637 692 797 736 Quidquid
816 692 846 724 in
861 691 1089 735 sponsionilms
1110 691 1283 724 deductum
1297 690 1391 723 t'nerit
1404 690 1464 734 piis
1479 690 1557 723 locis
1571 691 1725 735 applicari
1746 691 1844 732 iubet,
1859 691 1939 725 ibid.
1951 692 1981 733 b,-

517 758 574 780 nec
596 747 734 790 desuper
752 745 926 787 transigere
947 750 1001 778 aut
1021 744 1221 778 concordare
1238 744 1406 788 permittit,
1431 743 1511 776 ibid.
1539 745 1566 776 b.
1590 744 1819 778 Ecclesiasticis
1838 745 1984 789 sponsio-

519 811 574 833 nes
604 800 793 833 facientibus
814 810 951 843 poenam
986 798 1121 842 imponit
1154 797 1343 841 privationis
1363 797 1617 837 beneficiorum,
1641 798 1705 831 :399
1725 810 1756 832 a.
1786 799 1822 832 Et
1846 804 1910 832 tam
1938 798 1983 832 eis

517 865 613 898 quam
635 853 704 886 aliis
723 853 797 886 huic
814 852 1017 896 dispositioni
1039 851 1356 885 contravenientibus
1376 851 1721 885 excommunicationis
1741 862 1880 896 poenam
1901 852 1984 886 inssi-

517 908 571 950 μὴ,
597 907 675 940 ibid.
701 907 735 944 ὸς
755 906 905 939 clausulis
926 905 1091 950 appositis,
1115 905 1193 938 ibid.

428 961 545 1005 Spurii,
570 961 631 993 hoe
652 965 708 1000 est,
733 972 769 993 ex
787 959 954 1002 illegitima
974 964 1004 992 et
1022 960 1173 992 damnata
1194 958 1314 992 unione
1335 958 1411 999 nati,
1427 969 1445 992 a
1465 958 1719 998 canonicatibus,
1741 959 1933 1004 praebendis
1946 970 1984 993 ac

517 1013 725 1057 dignitatibus
748 1013 777 1046 in
799 1013 932 1046 ecclesia
954 1012 1119 1045 Valentiam
1139 1018 1300 1053 arcentur,
1316 1011 1358 1045 30
1377 1012 1394 1045 b
1410 1018 1437 1046 et
1459 1023 1523 1056 seq.
1548 1013 1612 1046 Nee
1631 1012 1754 1056 aliquid
1774 1012 1850 1057 ipsis
1871 1012 1984 1047 suffra·

517 1074 610 1111 gatur
629 1067 818 1110 legitimatio
839 1072 967 1111 peracta
985 1066 1175 1099 auctoritate
1204 1066 1392 1110 apostolica,
1414 1065 1574 1110 imperiali
1595 1066 1642 1099 vel
1665 1066 1775 1110 quavis
1791 1066 1865 1107 alia,
1888 1065 1925 1100 31
1949 1077 1980 1099 a.

428 1124 532 1157 Status
549 1121 761 1156 Ecclesiastici
782 1121 851 1153 loca
877 1130 973 1164 prava
993 1120 1271 1154 administratione
1291 1130 1445 1164 oppressa
1465 1119 1596 1164 reperiit
1619 1120 1765 1154 Clemens
1777 1120 1855 1160 vlu,
1869 1119 1934 1157 595
1950 1131 1980 1153 α.

516 1176 575 1216 Qui
597 1175 685 1209 iussit
706 1185 917 1219 expensarum
939 1174 1089 1207 tabellam
1114 1173 1268 1218 cuiusque
1298 1173 1539 1207 communitatis
1568 1173 1711 1217 quolibet
1740 1184 1826 1207 anno
1853 1172 1980 1215 confici,

518 1229 595 1262 ibid.
615 1241 621 1268 ·,
645 1239 726 1272 quae
752 1228 925 1261 revidenda
943 1233 1023 1261 esset
1045 1237 1062 1260 a
1083 1227 1353 1269 gubernatoribus
1370 1227 1530 1266 locorum,
1555 1232 1586 1260 et
1605 1227 1644 1260 ab
1665 1227 1741 1271 ipsis
1761 1227 1982 1272 approbanda,

517 1283 597 1315 ibid.
623 1283 650 1314 b.
674 1282 782 1315 Primo
804 1287 909 1314 tamen
931 1292 1015 1313 anno
1043 1291 1152 1314 coram
1180 1281 1359 1314 camerario
1380 1286 1411 1314 et
1432 1280 1630 1314 thesaurario
1649 1281 1776 1325 Papae,
1797 1280 1878 1314 ibid.
1900 1281 1986 1315 Haec

517 1343 623 1370 autem
645 1336 744 1378 gratis
764 1335 956 1379 praestanda
978 1335 1016 1368 ab
1038 1334 1189 1367 omnibus
1210 1334 1411 1374 officialibus,
1428 1334 1507 1367 ibid.
1532 1334 1636 1367 Semel
1657 1334 1835 1378 approbata
1855 1334 1982 1375 tabella,

517 1392 556 1424 ad
584 1401 640 1424 sua
662 1390 731 1423 loca
760 1389 915 1426 mittatur,
940 1394 971 1421 et
990 1389 1119 1432 publice
1140 1394 1330 1429 asservetur,
1354 1399 1413 1421 nec
1441 1388 1575 1432 aliquid,
1598 1388 1682 1421 utu-a
1702 1393 1853 1421 contenta
1877 1388 1909 1421 in
1930 1399 1982 1429 ea,

517 1445 714 1489 expendatur
744 1443 810 1477 sine
842 1443 982 1481 licentia,
1007 1442 1070 1475 59ίὶ
1095 1454 1125 1475 a.
1150 1442 1394 1476 Communitatis
1420 1442 1593 1482 officiales,
1617 1441 1730 1475 officiis
1760 1441 1918 1483 dimissis,
1946 1443 1986 1476 de

517 1497 746 1532 administratis
767 1497 977 1534 sindicentur‚
1002 1502 1030 1529 et
1053 1496 1190 1529 indicem
1213 1496 1397 1529 debitorum
1420 1496 1547 1529 tradant
1572 1494 1855 1538 gubernatoribus,
1879 1500 1910 1529 et
1930 1506 1987 1540 per

518 1552 679 1585 ministros
705 1550 945 1584 communitatis
962 1561 1020 1585 suo
1039 1555 1184 1594 tempore
1211 1550 1389 1592 exigantur,
1415 1549 1494 1582 ibid.
1517 1550 1544 1582 b.
1573 1548 1664 1589 Quod
1694 1554 1839 1593 superest
1870 1548 1902 1582 in
1922 1548 1986 1582 fine

518 1606 604 1642 anni.
628 1605 779 1639 detractis
799 1604 945 1648 expensis
965 1604 1110 1643 tabellae,
1136 1604 1166 1636 in
1188 1603 1383 1637 solutionem
1401 1603 1484 1636 aeris
1505 1602 1600 1636 alieni
1632 1603 1840 1647 expendatur,
1864 1601 1927 1636 597
1951 1613 1982 1635 α.

519 1660 625 1693 Fiscus
646 1658 812 1691 cuiuslibet
836 1658 896 1690 loci
918 1657 1070 1690 officiales
1091 1663 1183 1700 cogat
1204 1658 1244 1690 nd
1272 1657 1430 1690 rationem
1461 1657 1658 1690 reddendam
1685 1666 1795 1689 eoram
1827 1656 1986 1699 guberna-

519 1720 597 1753 tore⁷
615 1712 693 1746 ibid.
709 1712 912 1745 Gubernator
926 1717 954 1744 et
970 1711 1078 1744 Fiscus
1099 1712 1129 1744 in
1151 1711 1211 1744 hoc
1233 1711 1432 1753 negligentes
1453 1715 1674 1751 coerceantur,
1690 1709 1771 1743 ibid.
1786 1709 1987 1744 Gubernato-

518 1778 568 1801 res
588 1766 687 1800 etalii
713 1765 865 1799 officiales
884 1765 982 1807 gratis
1003 1764 1113 1797 omnia
1134 1764 1261 1805 saciant,
1287 1764 1366 1797 ibid.
1391 1765 1418 1797 b.
1444 1764 1696 1798 Communitates
1713 1763 1799 1796 bona
1822 1773 1888 1798 non
1908 1763 1985 1797 alie-

517 1826 591 1853 nent
618 1830 722 1863 neque
744 1818 884 1861 obligent
907 1824 1018 1851 contra
1039 1817 1116 1851 Sixti
1138 1818 1411 1857 constitutionem,
1434 1817 1530 1857 ibid.;
1553 1828 1612 1850 nee
1633 1822 1778 1851 oratores
1806 1817 1845 1850 ad
1870 1816 1986 1850 Sedem

518 1873 733 1917 Apostolicam
754 1872 878 1905 mittant
905 1878 1014 1904 contra
1036 1872 1171 1904 sormam
1190 1871 1294 1904 dictae
1314 1871 1432 1910 bullae,
1453 1870 1516 1904 598
1537 1881 1567 1903 a.
1587 1871 1713 1904 Donare
1735 1870 1913 1914 quidquam
1933 1880 1986 1903 ve-

519 1928 622 1965 titum,
648 1932 699 1960 aut
722 1925 844 1969 aliquid
866 1926 904 1958 de
923 1925 1059 1968 pecunia
1087 1924 1328 1958 communitatis
1355 1924 1562 1968 impendere,
1590 1923 1668 1956 ibid.
1693 1924 1720 1956 b.
1750 1923 1813 1956 Nee
1836 1922 1919 1956 ultra
1937 1933 1985 1963 ea,

519 1991 600 2024 quae
623 1981 652 2012 in
675 1980 790 2013 tabella
812 1985 917 2012 notata
940 1985 1023 2015 sunt,
1045 1978 1166 2022 aliquid
1187 1989 1332 2020 erogare,
1357 1977 1421 2011 599
1442 1989 1472 2011 α.
1497 1978 1544 2011 Ad
1567 1977 1672 2010 officia
1693 1987 1758 2010 non
1779 1976 1904 2010 admitti
1930 1976 1985 2010 de-

521 2035 593 2067 bent
616 2033 774 2075 litigantes
793 2044 864 2065 cum
887 2032 1184 2072 communitatibus,
1208 2037 1263 2065 aut
1283 2031 1457 2071 debitores,
1482 2037 1536 2064 aut
1568 2032 1729 2064 bonorum
1761 2036 1984 2074 occupatores,

520 2087 598 2120 ibid.
624 2087 811 2120 Locationes
832 2087 878 2118 vel
901 2086 1024 2119 affictus
1052 2086 1130 2118 fiant
1161 2085 1275 2118 debitis
1302 2085 1517 2125 cautionibus,
1543 2084 1621 2117 ibid.
1647 2085 1674 2117 b.
1698 2083 1875 2117 Fideiussio
1893 2094 1911 2117 a
1931 2084 1986 2117 de-

520 2141 677 2185 positatriis
699 2141 899 2184 praestanda„
922 2140 985 2172 ono
1003 2151 1032 2172 a.
1056 2139 1282 2183 Exemptiones
1302 2150 1320 2171 a
1338 2138 1624 2172 comnmnitatilms
1645 2148 1815 2171 concessae
1836 2147 1987 2171 revocan-

519 2201 581 2231 tur,
606 2200 633 2226 ct
655 2194 687 2226 in
709 2195 851 2226 t'uturum
874 2193 1006 2226 concedi
1028 2193 1253 2237 prohibentur,
1278 2192 1358 2225 ibid.
1384 2193 1411 2225 b.
1436 2193 1552 2225 Contra
1572 2191 1629 2224 has
1659 2191 1842 2224 extenditur
1866 2190 1986 2224 consti-

522 2248 600 2280 tutio
621 2247 773 2280 Bonisacii
796 2253 825 2280 ct
846 2247 1002 2289 Gregorii,
1027 2245 1085 2278 (301
1109 2258 1138 2279 α.
1163 2246 1330 2280 Debitores
1350 2256 1447 2279 manu
1470 2245 1558 2288 regia
1576 2245 1616 2278 ad
1636 2245 1825 2278 solvendum
1846 2244 1988 2288 compel-

521 2302 636 2341 lantur7
655 2301 732 2333 ibid.
752 2301 778 2333 b.
796 2301 985 2334 Constitutio
1007 2300 1218 2333 describenda
1235 2299 1267 2332 in
1289 2299 1379 2332 libris
1399 2304 1603 2338 statutorum,
1622 2309 1723 2342 eaque
1744 2298 1783 2331 ab
1797 2297 1988 2332 officialibus

520 2354 727 2388 iureiurando
748 2354 947 2398 accipienda,
963 2353 1026 2387 (502
1041 2366 1070 2386 a.
1088 2360 1116 2386 et
1140 2354 1167 2387 b.
1186 2353 1428 2387 Praetensiones
1449 2352 1632 2386 debitorum
1647 2358 1860 2396 exponuntur,
1877 2349 1942 2384 603
1954 2362 1984 2384 a.

520 2408 699 2441 Iurisdictio
721 2408 931 2440 cardinalium
954 2409 1181 2451 deputatorum
1202 2407 1242 2440 ad
1261 2407 1501 2449 cognoscendas
1520 2417 1631 2440 causas
1643 2405 1896 2450 appellationum
1917 2415 1989 2447 gra-

521 2461 684 2494 vaminum
714 2461 894 2494 debitorum
916 2461 1197 2501 comnnmitatum,
1220 2466 1249 2494 et
1272 2460 1466 2494 validitatem
1492 2458 1841 2504 exeinptionuni‚·ibid.
1857 2458 1885 2491 b.
1909 2458 1989 2491 Con-

523 2514 689 2557 sanguinei
712 2514 895 2547 debitorum
917 2515 956 2547 ad
977 2515 1202 2547 redimendum
1224 2524 1337 2547 eorum
1369 2514 1453 2547 bona
1475 2513 1546 2556 cogi
1578 2513 1706 2551 debent,
1737 2511 1802 2545 604
1821 2522 1851 2544 α.
1978 2546 1982 2548 μ

432 2568 583 2612 Stephani
599 2570 658 2611 (S.)
673 2568 790 2601 milites
805 2568 916 2600 fratres
937 2579 952 2599 a
974 2568 1029 2601 Pto
1048 2568 1083 2601 tv
1102 2568 1240 2613 exempti
1260 2568 1348 2601 suere
1369 2567 1408 2601 ab
1429 2566 1673 2601 Ordinariorum
1695 2565 1915 2599 iurisdictione
1935 2575 1987 2597 so-

521 2622 707 2665 lutioneque
738 2621 953 2659 decimarum,
988 2621 1123 2665 aliisque
1142 2621 1315 2666 privilegiis
1341 2620 1468 2659 donati,
1498 2619 1555 2654 ’191
1589 2631 1618 2652 α.
1647 2619 1747 2653 Iidem
1779 2618 1989 2652 obtinuerunt

523 2675 617 2708 etiam
643 2675 683 2707 ab
709 2676 822 2708 eodem
852 2675 938 2718 Papa
964 2675 1144 2709 facultatem
1170 2674 1341 2719 pensiones
1362 2674 1501 2708 habendi
1527 2679 1557 2707 et
1577 2671 1791 2708 transferendi
1821 2681 1923 2715 usque
1947 2670 1988 2703 ad

2221 1333 2226 1384 l

2216 1385 2226 1599 l
