2226 3070
267 304 316 331 An.
337 304 364 331 C.
386 304 452 331 1592

284 1052 395 1076 oet-again·
405 1056 452 1070 cmi-

270 1082 388 1099 traiimrnmv

305 2166 424 2186 Exordium.

302 2537 350 2558 Pius
366 2537 383 2556 V
398 2536 447 2566 edid

282 2565 362 2585 Bullam
381 2564 415 2584 hic
430 2538 465 2583 ciii⁴

498 295 562 329 520

467 365 548 397 qnae
579 355 618 387 ad
648 354 755 387 vicarii
788 353 987 389 huiusmodi,
1021 352 1210 384 auctoritate

467 407 620 450 deputati,
645 407 785 439 officium
808 407 846 438 de
869 406 951 442 iure,
975 404 1229 452 consuetudine!

467 460 513 492 vel
528 460 696 503 privilegio
711 471 765 491 seu
780 459 856 491 alias
872 457 1114 501 quomodolibet
1137 468 1209 501 per·
1227 456 1229 486 l

469 513 578 549 tinent,
596 512 718 544 etiamsi
740 518 847 544 notam
867 517 892 543 et
911 511 1147 554 expressionem
1164 522 1211 543 re·
1227 511 1228 531 ³

467 566 629 608 quirewnt
652 565 751 607 magis
772 564 956 607 specialem,
981 570 1008 596 et
1027 564 1086 597 suh
1107 574 1207 606 gene-

468 620 525 651 rali
547 619 753 651 com·essione
775 629 838 651 non
860 618 1016 654 venirent,
1032 618 1159 661 plenam
1181 623 1208 650 et

469 672 599 704 liberam
622 682 678 714 per
695 677 877 714 praesentes
892 671 1098 703 concedimus
1114 671 1212 703 sacul-

468 730 573 756 tatem.
598 724 782 756 Mandantes
802 724 991 756 omnibuset
1007 723 1151 765 singulis,
1172 723 1211 755 ad

468 786 547 819 quos
568 782 699 820 spectat„
716 783 747 809 ut
765 787 838 809 eum
858 777 888 808 in
903 777 1059 809 vicarium
1081 788 1098 809 a
1119 776 1212 808 noliis

468 830 654 873 ‹l‹‘¹putatmn
672 831 828 873 recipiant
844 830 1064 869 etadmittant,
1081 829 1212 873 eiusque

467 883 647 916 salubribus
665 884 795 917 monitis
817 890 844 916 et
870 883 1028 916 mandatis
1048 883 1214 916 humiliter

467 934 702 977 obtemperent.

513 986 576 1029 §5
602 988 670 1020 Non
702 988 903 1021 obstantibus
933 987 1214 1020 constumionituis

469 1046 496 1073 et
515 1041 789 1085 *ordinationibus
821 1041 1022 1085 apostoli‹·is;
1063 1041 1214 1084 quodque

471 1094 536 1137 ipsa
554 1094 687 1127 ecclesia
708 1095 747 1127 ad
768 1105 919 1138 praesens
950 1100 1077 1138 pastore
1109 1100 1212 1126 carcat

470 1153 496 1179 et
512 1147 655 1189 legitimo
674 1148 852 1185 defensore,
870 1147 1067 1191 caeterisque
1089 1153 1215 1180 contra-

469 1201 524 1233 riis
544 1201 811 1245 quibuscumque.

514 1256 627 1288 Datum
658 1256 779 1288 Romae.
811 1255 896 1299 apud
927 1255 957 1288 S.
981 1255 1122 1292 Petrum,
1156 1254 1214 1286 sub

471 1310 590 1341 annulo
608 1309 788 1345 piscatoris,
814 1308 864 1341 die
881 1319 900 1341 x
920 1308 1070 1341 februarii
1088 1317 1211 1344 MDXCH.

471 1362 677 1406 pontificatus
697 1362 796 1395 nostri
818 1372 903 1394 anno
925 1372 945 1395 1.

508 1424 563 1450 Itat.
582 1423 625 1451 die
643 1424 675 1451 10
689 1424 816 1451 t’i-bruarii
839 1423 914 1457 1502,
933 1427 1004 1459 pont.
1023 1431 1066 1450 an.
1084 1429 1102 1450 l.

828 1594 862 1626 II.

475 1691 645 1725 [maurulio
670 1691 910 1723 constitutionis
934 1691 993 1723 Pii
1012 1690 1044 1728 t',
1066 1691 1105 1723 ab
1121 1690 1218 1723 Iuno-

518 1755 619 1786 cenlin
643 1754 691 1786 IX
715 1753 908 1791 declaratae,
925 1753 962 1785 dc
982 1764 1044 1785 non
1070 1754 1219 1785 alienan-

519 1816 570 1849 ‹tis
593 1821 620 1848 ct
646 1816 855 1858 infettdzmdt's
870 1816 1066 1847 :civitatibus
1090 1820 1118 1847 e!
1144 1816 1220 1848 locis

518 1883 647 1911 samen-w
660 1880 826 1912 Romanae
837 1879 996 1911 Ecclessae
1008 1879 1028 1911 ¹.

511 1977 646 2004 Clemens
656 1977 830 2011 Episcopus,
843 1984 952 2004 servus
968 1984 1122 2004 servorum
1133 1977 1195 2010 Dei,

604 2030 640 2057 ad
655 2034 830 2064 perpetuam
846 2031 890 2057 rei
906 2031 1092 2058 memoriam.

521 2110 566 2142 Ad
588 2109 724 2142 Romani
745 2110 910 2142 Pontificis
931 2120 1041 2142 curam
1064 2110 1222 2143 etsollici-

479 2163 620 2195 tudinem
649 2163 784 2206 pertinet
805 2163 865 2195 lioc
887 2174 1016 2206 quoque
1042 2163 1125 2195 inter
1152 2174 1222 2196 cae-

480 2222 543 2248 tera
565 2227 628 2249 non
659 2217 814 2249 mediocri
846 2217 951 2249 studio
983 2217 1167 2260 providere,
1188 2222 1220 2249 ut

478 2280 559 2312 quae
580 2270 619 2302 ad
640 2269 891 2302 conservandam
912 2269 1044 2302 Sanctae
1058 2270 1152 2303 huius
1168 2270 1223 2303 Se-

479 2323 527 2355 (115
549 2323 758 2366 temporalem
782 2323 955 2361 ditionem,
979 2324 1065 2356 bona
1092 2330 1121 2357 et
1156 2324 1224 2357 iura

478 2377 649 2409 salubriter
668 2377 788 2409 sancita
810 2378 958 2418 suerunt,
988 2389 1023 2410 ca
1045 2384 1073 2411 et
1095 2378 1134 2411 ab
1157 2378 1225 2422 ipso

479 2435 507 2461 et
530 2430 569 2461 ab
591 2430 660 2462 aliis
683 2430 832 2462 inviolata
850 2428 1027 2463 serventur.

524 2482 587 2526 §I
611 2483 696 2516 Alias
715 2483 873 2526 siquidem
900 2483 1000 2516 felicis
1023 2483 1223 2516 recordatio-

481 2535 529 2568 nis
552 2536 627 2569 Pius
657 2537 742 2580 Papa
771 2537 815 2577 V,
840 2537 1069 2580 praedecessor
1097 2544 1223 2576 noster,

519 2618 528 2642 1
551 2615 712 2643 Constitutio
729 2615 766 2642 Pii
783 2615 800 2641 V
818 2616 903 2650 posita
925 2616 975 2643 suit
991 2617 1017 2643 in
1034 2618 1148 2644 Constit.
1164 2624 1225 2644 Lm:

481 2661 633 2695 Admonet,
650 2666 714 2688 tom.
726 2667 772 2694 vn,
785 2669 844 2695 pag.
857 2661 919 2695 560,
929 2660 1041 2688 Constit.
1059 2668 1082 2688 1:
1104 2664 1181 2694 Quae
1192 2662 1228 2688 ab

482 2706 544 2738 hac,
566 2705 657 2732 Inuoc.
673 2703 715 2740 lx,
729 2713 790 2741 pag.
811 2705 863 2732 505
880 2708 906 2731 ut
923 2713 1014 2740 supra.

1051 304 1232 328 BULLARIUM
1253 304 1405 327 ROMAM'M

1244 351 1367 383 litteras
1387 350 1485 383 edidit
1510 350 1541 382 in
1562 349 1640 382 haec
1661 349 1776 381 verba:
1810 349 1892 382 Pius
1911 349 1988 392 Epi-

1244 414 1367 447 scopus,
1392 409 1450 436 etc,
1474 403 1646 439 Admonet,
1670 408 1729 434 etc.
1753 402 1773 434 ¹.

1290 457 1304 499 ξ
1325 456 1354 489 2.
1380 456 1465 495 Quae
1486 456 1616 499 quidem
1639 454 1834 491 constitutio,
1849 455 1989 498 utiopti—

1247 520 1309 548 ma,
1328 515 1356 541 et
1372 509 1412 541 ad
1426 509 1626 541 retinendam
1649 508 1679 541 S.
1696 507 1732 541 R.
1750 508 1783 540 E.
1801 507 1988 549 dignitatem

1246 563 1339 606 plane.
1357 562 1515 599 salutaris.
1537 562 1725 605 approbata,
1751 561 1940 593 confirmata
1961 566 1989 593 et

1247 617 1395 649 innovata
1428 616 1482 649 suit
1517 617 1555 648 ali
1593 616 1629 648 iis
1659 615 1712 659 qui
1741 615 1866 658 sequuti
1899 620 1988 652 sunt,

1246 669 1546 714 praedecessoribus
1575 669 1709 709 nostris,
1737 668 1808 711 piae
1836 667 1991 700 nimitum

1247 723 1423 756 memoriae
1443 722 1600 765 Gregorio
1620 722 1698 762 xm,
1715 721 1801 754 Sixto
1821 722 1845 754 V
1867 727 1893 754 et
1916 721 1992 754 Gre-

1247 777 1337 818 gorio
1355 776 1431 809 XIV.

1292 830 1306 872 g
1326 829 1356 862 a.
1378 830 1412 862 Et
1432 829 1604 862 novissime
1618 829 1657 861 ab
1670 828 1857 862 Innocentio
1871 829 1922 869 lx,
1937 828 1991 871 qui

1248 882 1355 921 etiam,
1373 883 1411 915 de
1430 888 1503 915 tunc
1516 887 1644 915 sanctae
1655 882 1819 914 Romanae
1833 882 1993 914 Ecclesiae

1248 935 1460 968 cardinalium
1482 935 1615 968 consilio
1637 941 1664 968 et
1687 946 1828 975 assensu,
1853 935 1892 967 de
1913 945 1994 978 quo-

1249 1000 1319 1021 rum
1342 999 1477 1021 numero
1498 999 1556 1021 nos
1583 998 1712 1032 quoque
1745 994 1819 1020 tunc
1852 998 1992 1027 eramus,

1249 1043 1418 1076 declaravit
1445 1043 1556 1075 eadem
1586 1041 1813 1075 constitutione
1834 1041 1995 1086 prohibita

1250 1096 1345 1129 fuisse
1366 1102 1393 1128 et
1416 1095 1583 1139 prohiberi
1604 1106 1733 1128 ontnem
1753 1101 1781 1128 et
1803 1105 1994 1138 quamcum-

1249 1161 1311 1193 que
1333 1149 1584 1182 infeudationem
1606 1160 1642 1181 ac
1667 1148 1894 1181 alienationem
1922 1147 1997 1181 civi-

1249 1203 1394 1243 vitatum‚
1412 1209 1581 1243 terrarum,
1598 1202 1792 1246 oppidorum
1807 1207 1837 1235 et
1849 1202 1996 1235 locoium

1249 1256 1322 1289 Sedi
1344 1256 1545 1300 Apostolicac,
1574 1262 1637 1289 tam
1659 1255 1798 1288 mediate
1819 1266 1914 1299 quam
1936 1255 1996 1287 im—

1251 1310 1388 1343 mediate
1409 1310 1644 1350 subiectorum,
1668 1320 1732 1342 non
1753 1309 1858 1342 solum
1880 1319 1920 1342 ne
1944 1309 1997 1341 siat

1250 1374 1328 1396 neve
1357 1368 1532 1396 attentetur
1561 1368 1632 1406 post
1665 1373 1777 1395 eorum
1813 1361 1994 1395 devolutio-

1250 1427 1323 1449 nem
1339 1444 1346 1456 ‚
1367 1416 1422 1449 sed
1449 1416 1545 1449 etiam
1571 1421 1744 1459 antequam
1765 1415 1995 1453 devolvantur;

1251 1481 1287 1502 ao
1303 1480 1433 1502 omnem
1448 1475 1475 1502 et
1495 1479 1734 1513 quamcumque
1755 1468 1786 1501 in
1804 1474 1998 1513 perpetuum

1251 1523 1297 1555 vel
1319 1523 1358 1556 ad
1389 1529 1513 1567 tempus
1541 1522 1803 1566 prorogationem
1825 1528 1861 1555 ac
1889 1527 1998 1555 exten-

1251 1576 1374 1609 sionem
1397 1575 1665 1616 inseudationum,
1690 1575 1952 1608 investiturarum
1969 1580 1999 1608 et

1252 1629 1496 1663 concessionum
1518 1629 1557 1662 de
1578 1628 1670 1661 dictis
1683 1628 1875 1669 civitatibus,
1893 1628 1996 1668 terris,

1253 1683 1379 1726 oppidis
1401 1690 1429 1716 et
1451 1683 1529 1715 locis
1550 1683 1694 1715 nondum
1715 1681 1891 1721 finitarum,
1916 1681 2000 1725 ipso-

1252 1748 1389 1780 rumque
1405 1736 1710 1780 incorporationem,
1727 1735 1834 1780 quoad
1852 1735 1999 1768 effectum

1255 1790 1478 1833 impediendae
1503 1789 1729 1822 int‘eudationis
1745 1816 1751 1829 ,
1772 1788 1975 1822 alienationis
1989 1816 1997 1828 ,

1254 1843 1492 1887 prorogationis
1513 1848 1541 1875 et
1568 1842 1762 1875 extensionis
1788 1841 1997 1882 huiusn10d1‚

1255 1907 1318 1929 uon
1340 1908 1357 1929 a
1379 1896 1429 1929 die
1451 1907 1563 1929 eorum
1585 1895 1813 1935 devolutionis,
1836 1895 1892 1928 sed
1912 1905 1930 1927 a
1950 1895 2001 1928 die

1255 1950 1353 1993 ipsius
1373 1949 1608 1983 constitutionis
1637 1948 1732 1981 etiam
1754 1954 1925 1992 antequam
1948 1948 2002 1981 illa

1256 2004 1479 2044 devolvantur,
1517 2003 1586 2047 ipso
1618 2003 1703 2044 iure,
1740 2014 1813 2036 cum
1851 2002 2002 2035 omnibus

1256 2056 1405 2089 clausulis
1427 2062 1455 2089 et
1483 2055 1619 2089 decretis
1650 2055 1681 2087 in
1702 2055 1866 2099 praedicta
1886 2055 2002 2088 consti-

1257 2110 1379 2143 tutione
1397 2109 1570 2150 eontentis,
1594 2109 1746 2143 Gamerae
1767 2114 1797 2142 et
1817 2109 1891 2142 Sedi
1911 2110 1999 2153 Apo-

1256 2163 1387 2196 stolicae
1417 2164 1531 2196 factam
1571 2162 1714 2203 censeri,
1749 2162 1875 2196 adiecto
1906 2163 2003 2196 etiarn

1258 2217 1388 2249 decreto
1410 2222 1438 2249 et
1460 2216 1689 2257 declaratione,
1713 2222 1747 2248 ut
1772 2215 1945 2259 promissio
1974 2221 2005 2248 et

1259 2270 1477 2303 iuramentum
1497 2269 1686 2314 praestitum
1718 2275 1749 2303 et
1775 2269 2004 2313 praestandum

1260 2324 1299 2356 de
1329 2324 1486 2356 servanda
1519 2323 1631 2356 eadem
1667 2323 1713 2356 Pii
1748 2323 2005 2367 praedecessoris

1260 2377 1415 2421 praedicti
1445 2377 1683 2418 constitutione,
1707 2387 1765 2421 per
1785 2377 1890 2421 ipsum
1910 2377 2005 2410 Inno-

1261 2430 1401 2463 centium
1435 2437 1463 2463 et
1500 2441 1700 2463 successores
1735 2440 1810 2463 suos
1842 2429 2005 2463 Romanos

1260 2484 1442 2523 Pontifices,
1461 2494 1495 2517 ac
1510 2483 1692 2527 praedictos
1712 2489 1820 2516 santae
1840 2483 2005 2516 Romanae

1261 2537 1420 2569 Ecclesiae
1440 2536 1635 2574 cardinales,
1660 2536 1858 2578 intelligatur
1878 2536 1917 2568 de
1938 2535 2007 2579 ipsa

1260 2590 1307 2622 Pii
1318 2590 1342 2622 V
1353 2583 1608 2633 praedecessoris
1624 2589 1851 2623 constitutione
1862 2598 1921 2632 per
1932 2599 2006 2621 eum

1298 2664 1308 2687 t
1327 2661 1466 2688 Omittitur
1474 2662 1536 2697 quia
1551 2661 1602 2697 legi
1623 2665 1712 2697 potest.
1731 2661 1790 2688 loco
1809 2661 1889 2688 citato
1905 2661 1931 2688 iu
1943 2665 2007 2688 nota

1263 2704 1294 2732 ad
1311 2704 1457 2732 rubricam.

2003 301 2051 327 An.
2068 300 2094 327 C.
2119 299 2186 328 1592

2049 469 2189 488 success-mres

2004 495 2154 520 approbarunt.

2030 841 2099 861 Ιιιῐιιῑιι·Δ
2109 840 2135 860 IX
2150 845 2192 859 arn-

2008 868 2088 893 pltat-it.
