<?xml version="1.0" encoding="UTF-8"?>
<!DOCTYPE html PUBLIC "-//W3C//DTD XHTML 1.0 Transitional//EN"
    "http://www.w3.org/TR/xhtml1/DTD/xhtml1-transitional.dtd">
<html xmlns="http://www.w3.org/1999/xhtml" xml:lang="en" lang="en">
 <head>
  <title>
</title>
<meta http-equiv="Content-Type" content="text/html;charset=utf-8" />
  <meta name='ocr-system' content='tesseract 3.04.00' />
  <meta name='ocr-capabilities' content='ocr_page ocr_carea ocr_par ocr_line ocrx_word'/>
</head>
<body>
  <div class='ocr_page' id='page_1' title='image "./bullarumdiplomat09cath/bullarumdiplomat09cath_0707.png"; bbox 0 0 2226 3070; ppageno 0'>
   <div class='ocr_carea' id='block_1_1' title="bbox 876 284 1726 320">
    <p class='ocr_par' dir='ltr' id='par_1_1' title="bbox 876 284 1726 320">
     <span class='ocr_line' id='line_1_1' title="bbox 876 284 1726 320; baseline -0.002 0"><span class='ocrx_word' id='word_1_1' title='bbox 876 295 976 320; x_wconf 72' lang='lat' dir='ltr'>uunzx</span> <span class='ocrx_word' id='word_1_2' title='bbox 995 294 1103 320; x_wconf 65' lang='lat' dir='ltr'>annun</span> <span class='ocrx_word' id='word_1_3' title='bbox 1661 284 1726 319; x_wconf 80' lang='lat'>675</span> 
     </span>
    </p>
   </div>
   <div class='ocr_carea' id='block_1_2' title="bbox 983 410 1009 443">
    <p class='ocr_par' dir='ltr' id='par_1_2' title="bbox 983 410 1009 443">
     <span class='ocr_line' id='line_1_2' title="bbox 983 410 1009 443; baseline 0 0"><span class='ocrx_word' id='word_1_4' title='bbox 983 410 1009 443; x_wconf 90' lang='lat' dir='ltr'>N</span> 
     </span>
    </p>
   </div>
   <div class='ocr_carea' id='block_1_3' title="bbox 214 515 1778 2058">
    <p class='ocr_par' dir='ltr' id='par_1_3' title="bbox 217 515 1776 933">
     <span class='ocr_line' id='line_1_3' title="bbox 217 515 1771 562; baseline -0.003 -9"><span class='ocrx_word' id='word_1_5' title='bbox 217 521 374 553; x_wconf 52' lang='lat' dir='ltr'>Nava-rrae</span> <span class='ocrx_word' id='word_1_6' title='bbox 396 521 554 562; x_wconf 84' lang='lat' dir='ltr'>Regnum.</span> <span class='ocrx_word' id='word_1_7' title='bbox 579 518 623 552; x_wconf 89' lang='lat' dir='ltr'>Pii</span> <span class='ocrx_word' id='word_1_8' title='bbox 646 519 669 549; x_wconf 68' lang='lat' dir='ltr'>V</span> <span class='ocrx_word' id='word_1_9' title='bbox 690 518 877 551; x_wconf 88' lang='lat' dir='ltr'>constitutio</span> <span class='ocrx_word' id='word_1_10' title='bbox 914 529 931 550; x_wconf 92' lang='lat' dir='ltr'>a</span> <span class='ocrx_word' id='word_1_11' title='bbox 960 517 1062 550; x_wconf 87' lang='lat' dir='ltr'>tribus</span> <span class='ocrx_word' id='word_1_12' title='bbox 1093 516 1226 550; x_wconf 86' lang='lat' dir='ltr'>statibus</span> <span class='ocrx_word' id='word_1_13' title='bbox 1255 516 1345 559; x_wconf 77' lang='lat' dir='ltr'>regni</span> <span class='ocrx_word' id='word_1_14' title='bbox 1362 515 1522 550; x_wconf 84' lang='lat' dir='ltr'>Navarrae</span> <span class='ocrx_word' id='word_1_15' title='bbox 1549 521 1680 560; x_wconf 85' lang='lat' dir='ltr'>recepta</span> <span class='ocrx_word' id='word_1_16' title='bbox 1699 515 1771 554; x_wconf 79' lang='lat' dir='ltr'>fuit,</span> 
     </span>
     <span class='ocr_line' id='line_1_4' title="bbox 304 568 1774 612; baseline -0.003 -6"><span class='ocrx_word' id='word_1_17' title='bbox 304 571 369 606; x_wconf 69' lang='lat'>464</span> <span class='ocrx_word' id='word_1_18' title='bbox 389 573 414 606; x_wconf 82' lang='lat' dir='ltr'>b.</span> <span class='ocrx_word' id='word_1_19' title='bbox 439 572 519 605; x_wconf 87' lang='lat' dir='ltr'>Hinc</span> <span class='ocrx_word' id='word_1_20' title='bbox 540 572 684 605; x_wconf 83' lang='lat' dir='ltr'>diversae</span> <span class='ocrx_word' id='word_1_21' title='bbox 705 571 776 604; x_wconf 87' lang='lat' dir='ltr'>lites</span> <span class='ocrx_word' id='word_1_22' title='bbox 797 577 937 611; x_wconf 78' lang='lat' dir='ltr'>exortae,</span> <span class='ocrx_word' id='word_1_23' title='bbox 954 569 1019 603; x_wconf 71' lang='lat'>465</span> <span class='ocrx_word' id='word_1_24' title='bbox 1033 581 1062 603; x_wconf 81' lang='lat' dir='ltr'>a.</span> <span class='ocrx_word' id='word_1_25' title='bbox 1086 569 1260 612; x_wconf 77' lang='lat' dir='ltr'>Gregorius</span> <span class='ocrx_word' id='word_1_26' title='bbox 1273 569 1339 603; x_wconf 63' lang='grc' dir='ltr'>ΧΙΥ</span> <span class='ocrx_word' id='word_1_27' title='bbox 1353 570 1495 603; x_wconf 86' lang='lat' dir='ltr'>declarat</span> <span class='ocrx_word' id='word_1_28' title='bbox 1512 568 1774 602; x_wconf 84' lang='lat' dir='ltr'>constitutionem</span> 
     </span>
     <span class='ocr_line' id='line_1_5' title="bbox 305 624 1776 669; baseline -0.003 -10"><span class='ocrx_word' id='word_1_29' title='bbox 305 626 349 659; x_wconf 86' lang='lat' dir='ltr'>Pii</span> <span class='ocrx_word' id='word_1_30' title='bbox 371 626 405 666; x_wconf 82' lang='lat' dir='ltr'>V,</span> <span class='ocrx_word' id='word_1_31' title='bbox 429 626 537 669; x_wconf 87' lang='lat' dir='ltr'>quoad</span> <span class='ocrx_word' id='word_1_32' title='bbox 558 629 741 658; x_wconf 87' lang='lat' dir='ltr'>contractus</span> <span class='ocrx_word' id='word_1_33' title='bbox 762 634 1045 668; x_wconf 85' lang='lat' dir='ltr'>quorumcumque</span> <span class='ocrx_word' id='word_1_34' title='bbox 1077 634 1230 657; x_wconf 80' lang='lat' dir='ltr'>censuum</span> <span class='ocrx_word' id='word_1_35' title='bbox 1263 624 1345 656; x_wconf 86' lang='lat' dir='ltr'>inter</span> <span class='ocrx_word' id='word_1_36' title='bbox 1375 633 1594 667; x_wconf 85' lang='lat' dir='ltr'>quascumque</span> <span class='ocrx_word' id='word_1_37' title='bbox 1622 632 1776 666; x_wconf 78' lang='lat' dir='ltr'>personas</span> 
     </span>
     <span class='ocr_line' id='line_1_6' title="bbox 305 676 1775 720; baseline -0.002 -8"><span class='ocrx_word' id='word_1_38' title='bbox 305 679 402 712; x_wconf 89' lang='lat' dir='ltr'>trium</span> <span class='ocrx_word' id='word_1_39' title='bbox 423 684 563 711; x_wconf 86' lang='lat' dir='ltr'>statuum</span> <span class='ocrx_word' id='word_1_40' title='bbox 584 677 675 720; x_wconf 80' lang='lat' dir='ltr'>regni</span> <span class='ocrx_word' id='word_1_41' title='bbox 696 678 856 710; x_wconf 72' lang='lat' dir='ltr'>Navarrae</span> <span class='ocrx_word' id='word_1_42' title='bbox 877 678 916 710; x_wconf 88' lang='lat' dir='ltr'>ab</span> <span class='ocrx_word' id='word_1_43' title='bbox 938 688 1022 710; x_wconf 87' lang='lat' dir='ltr'>anno</span> <span class='ocrx_word' id='word_1_44' title='bbox 1036 687 1166 710; x_wconf 69' lang='lat' dir='ltr'>nntxxx</span> <span class='ocrx_word' id='word_1_45' title='bbox 1186 677 1331 719; x_wconf 63' lang='lat' dir='ltr'>vigorem</span> <span class='ocrx_word' id='word_1_46' title='bbox 1352 677 1385 709; x_wconf 92' lang='lat' dir='ltr'>in</span> <span class='ocrx_word' id='word_1_47' title='bbox 1403 677 1515 710; x_wconf 90' lang='lat' dir='ltr'>eodem</span> <span class='ocrx_word' id='word_1_48' title='bbox 1533 686 1635 719; x_wconf 73' lang='lat' dir='ltr'>regno</span> <span class='ocrx_word' id='word_1_49' title='bbox 1656 676 1775 709; x_wconf 84' lang='lat' dir='ltr'>habere</span> 
     </span>
     <span class='ocr_line' id='line_1_7' title="bbox 303 730 1772 776; baseline -0.003 -10"><span class='ocrx_word' id='word_1_50' title='bbox 303 732 472 776; x_wconf 79' lang='lat' dir='ltr'>incepisse,</span> <span class='ocrx_word' id='word_1_51' title='bbox 497 743 534 765; x_wconf 88' lang='lat' dir='ltr'>ac</span> <span class='ocrx_word' id='word_1_52' title='bbox 555 743 591 765; x_wconf 89' lang='lat' dir='ltr'>ex</span> <span class='ocrx_word' id='word_1_53' title='bbox 618 732 731 764; x_wconf 87' lang='lat' dir='ltr'>eodem</span> <span class='ocrx_word' id='word_1_54' title='bbox 762 741 847 764; x_wconf 87' lang='lat' dir='ltr'>anno</span> <span class='ocrx_word' id='word_1_55' title='bbox 868 731 1075 764; x_wconf 79' lang='lat' dir='ltr'>solummodo</span> <span class='ocrx_word' id='word_1_56' title='bbox 1096 741 1250 774; x_wconf 77' lang='lat' dir='ltr'>personas</span> <span class='ocrx_word' id='word_1_57' title='bbox 1270 730 1452 773; x_wconf 85' lang='lat' dir='ltr'>praedictas</span> <span class='ocrx_word' id='word_1_58' title='bbox 1472 730 1772 774; x_wconf 69' lang='lat' dir='ltr'>compi&#39;ehendisse2</span> 
     </span>
     <span class='ocr_line' id='line_1_8' title="bbox 305 784 1776 830; baseline -0.001 -11"><span class='ocrx_word' id='word_1_59' title='bbox 305 796 368 830; x_wconf 90' lang='lat' dir='ltr'>quo</span> <span class='ocrx_word' id='word_1_60' title='bbox 388 796 464 819; x_wconf 86' lang='lat' dir='ltr'>vero</span> <span class='ocrx_word' id='word_1_61' title='bbox 485 786 525 819; x_wconf 90' lang='lat' dir='ltr'>ad</span> <span class='ocrx_word' id='word_1_62' title='bbox 547 791 730 818; x_wconf 86' lang='lat' dir='ltr'>contractus</span> <span class='ocrx_word' id='word_1_63' title='bbox 751 795 906 818; x_wconf 80' lang='lat' dir='ltr'>censuum</span> <span class='ocrx_word' id='word_1_64' title='bbox 927 789 1001 817; x_wconf 90' lang='lat' dir='ltr'>ante</span> <span class='ocrx_word' id='word_1_65' title='bbox 1022 784 1143 817; x_wconf 89' lang='lat' dir='ltr'>dictum</span> <span class='ocrx_word' id='word_1_66' title='bbox 1165 794 1285 817; x_wconf 88' lang='lat' dir='ltr'>annum</span> <span class='ocrx_word' id='word_1_67' title='bbox 1308 784 1338 816; x_wconf 91' lang='lat' dir='ltr'>in</span> <span class='ocrx_word' id='word_1_68' title='bbox 1353 784 1466 817; x_wconf 84' lang='lat' dir='ltr'>eodem</span> <span class='ocrx_word' id='word_1_69' title='bbox 1489 794 1588 826; x_wconf 71' lang='lat' dir='ltr'>regno</span> <span class='ocrx_word' id='word_1_70' title='bbox 1610 784 1776 827; x_wconf 88' lang='lat' dir='ltr'>imposito-</span> 
     </span>
     <span class='ocr_line' id='line_1_9' title="bbox 304 836 1776 882; baseline -0.001 -10"><span class='ocrx_word' id='word_1_71' title='bbox 304 850 376 872; x_wconf 89' lang='lat' dir='ltr'>rum</span> <span class='ocrx_word' id='word_1_72' title='bbox 398 840 508 879; x_wconf 75' lang='lat' dir='ltr'>factos,</span> <span class='ocrx_word' id='word_1_73' title='bbox 537 839 614 872; x_wconf 86' lang='lat' dir='ltr'>iuris</span> <span class='ocrx_word' id='word_1_74' title='bbox 636 838 751 871; x_wconf 79' lang='lat' dir='ltr'>veteris</span> <span class='ocrx_word' id='word_1_75' title='bbox 772 837 1017 882; x_wconf 76' lang='lat' dir='ltr'>dispositionem</span> <span class='ocrx_word' id='word_1_76' title='bbox 1039 843 1069 870; x_wconf 85' lang='lat' dir='ltr'>et</span> <span class='ocrx_word' id='word_1_77' title='bbox 1090 837 1335 870; x_wconf 77' lang='lat' dir='ltr'>constitutiones</span> <span class='ocrx_word' id='word_1_78' title='bbox 1356 837 1494 870; x_wconf 87' lang='lat' dir='ltr'>aliorum</span> <span class='ocrx_word' id='word_1_79' title='bbox 1516 836 1709 871; x_wconf 83' lang='lat' dir='ltr'>Pontificum</span> <span class='ocrx_word' id='word_1_80' title='bbox 1731 843 1776 871; x_wconf 82' lang='lat' dir='ltr'>at-</span> 
     </span>
     <span class='ocr_line' id='line_1_10' title="bbox 305 891 807 933; baseline -0.006 -6"><span class='ocrx_word' id='word_1_81' title='bbox 305 893 482 927; x_wconf 87' lang='lat' dir='ltr'>tendendas</span> <span class='ocrx_word' id='word_1_82' title='bbox 503 903 582 933; x_wconf 84' lang='lat' dir='ltr'>esse,</span> <span class='ocrx_word' id='word_1_83' title='bbox 607 891 671 924; x_wconf 71' lang='lat'>465</span> <span class='ocrx_word' id='word_1_84' title='bbox 691 903 709 924; x_wconf 82' lang='lat' dir='ltr'>a</span> <span class='ocrx_word' id='word_1_85' title='bbox 732 897 761 925; x_wconf 81' lang='lat' dir='ltr'>et</span> <span class='ocrx_word' id='word_1_86' title='bbox 782 891 807 924; x_wconf 84' lang='lat' dir='ltr'>b.</span> 
     </span>
    </p>

    <p class='ocr_par' dir='ltr' id='par_1_4' title="bbox 214 945 1778 1578">
     <span class='ocr_line' id='line_1_11' title="bbox 214 945 1776 990; baseline -0.001 -10"><span class='ocrx_word' id='word_1_87' title='bbox 214 946 425 990; x_wconf 88' lang='lat' dir='ltr'>Neapolitana</span> <span class='ocrx_word' id='word_1_88' title='bbox 444 946 474 978; x_wconf 93' lang='lat' dir='ltr'>in</span> <span class='ocrx_word' id='word_1_89' title='bbox 488 946 573 979; x_wconf 71' lang='lat' dir='ltr'>L‘rbe</span> <span class='ocrx_word' id='word_1_90' title='bbox 593 951 717 989; x_wconf 89' lang='lat' dir='ltr'>partem</span> <span class='ocrx_word' id='word_1_91' title='bbox 736 945 899 987; x_wconf 76' lang='lat' dir='ltr'>vectigalis</span> <span class='ocrx_word' id='word_1_92' title='bbox 917 956 1014 989; x_wconf 81' lang='lat' dir='ltr'>super</span> <span class='ocrx_word' id='word_1_93' title='bbox 1032 945 1204 978; x_wconf 83' lang='lat' dir='ltr'>esculentis</span> <span class='ocrx_word' id='word_1_94' title='bbox 1222 951 1249 977; x_wconf 90' lang='lat' dir='ltr'>et</span> <span class='ocrx_word' id='word_1_95' title='bbox 1272 945 1454 989; x_wconf 75' lang='lat' dir='ltr'>poculentis</span> <span class='ocrx_word' id='word_1_96' title='bbox 1467 945 1570 978; x_wconf 79' lang='lat' dir='ltr'>Sixtus</span> <span class='ocrx_word' id='word_1_97' title='bbox 1582 945 1603 977; x_wconf 69' lang='lat' dir='ltr'>t·</span> <span class='ocrx_word' id='word_1_98' title='bbox 1625 945 1776 979; x_wconf 84' lang='lat' dir='ltr'>Camerae</span> 
     </span>
     <span class='ocr_line' id='line_1_12' title="bbox 304 998 1773 1044; baseline -0.001 -11"><span class='ocrx_word' id='word_1_99' title='bbox 304 1000 509 1044; x_wconf 82' lang='lat' dir='ltr'>Apostolicae</span> <span class='ocrx_word' id='word_1_100' title='bbox 529 999 754 1043; x_wconf 78' lang='lat' dir='ltr'>applicaverat,</span> <span class='ocrx_word' id='word_1_101' title='bbox 780 1009 862 1042; x_wconf 88' lang='lat' dir='ltr'>quae</span> <span class='ocrx_word' id='word_1_102' title='bbox 883 1004 1020 1042; x_wconf 86' lang='lat' dir='ltr'>utroque</span> <span class='ocrx_word' id='word_1_103' title='bbox 1049 999 1136 1031; x_wconf 87' lang='lat' dir='ltr'>clero</span> <span class='ocrx_word' id='word_1_104' title='bbox 1161 998 1319 1031; x_wconf 84' lang='lat' dir='ltr'>saeculari</span> <span class='ocrx_word' id='word_1_105' title='bbox 1351 1004 1379 1030; x_wconf 86' lang='lat' dir='ltr'>et</span> <span class='ocrx_word' id='word_1_106' title='bbox 1409 998 1549 1040; x_wconf 73' lang='lat' dir='ltr'>regulari</span> <span class='ocrx_word' id='word_1_107' title='bbox 1580 998 1773 1037; x_wconf 69' lang='lat' dir='ltr'>solvebatur,</span> 
     </span>
     <span class='ocr_line' id='line_1_13' title="bbox 305 1050 1776 1096; baseline -0.001 -10"><span class='ocrx_word' id='word_1_108' title='bbox 305 1052 364 1086; x_wconf 74' lang='lat'>431</span> <span class='ocrx_word' id='word_1_109' title='bbox 387 1064 406 1086; x_wconf 77' lang='lat' dir='ltr'>a</span> <span class='ocrx_word' id='word_1_110' title='bbox 427 1059 454 1086; x_wconf 86' lang='lat' dir='ltr'>et</span> <span class='ocrx_word' id='word_1_111' title='bbox 477 1064 540 1096; x_wconf 77' lang='lat' dir='ltr'>seq.</span> <span class='ocrx_word' id='word_1_112' title='bbox 565 1052 739 1095; x_wconf 73' lang='lat' dir='ltr'>Gregorius</span> <span class='ocrx_word' id='word_1_113' title='bbox 756 1052 821 1086; x_wconf 77' lang='lat' dir='ltr'>xlv</span> <span class='ocrx_word' id='word_1_114' title='bbox 843 1052 928 1085; x_wconf 75' lang='lat' dir='ltr'>(licto</span> <span class='ocrx_word' id='word_1_115' title='bbox 950 1052 1037 1085; x_wconf 85' lang='lat' dir='ltr'>clero</span> <span class='ocrx_word' id='word_1_116' title='bbox 1057 1062 1127 1085; x_wconf 86' lang='lat' dir='ltr'>eam</span> <span class='ocrx_word' id='word_1_117' title='bbox 1148 1051 1297 1091; x_wconf 80' lang='lat' dir='ltr'>restituit,</span> <span class='ocrx_word' id='word_1_118' title='bbox 1321 1050 1385 1084; x_wconf 57' lang='lat'>43⁹2</span> <span class='ocrx_word' id='word_1_119' title='bbox 1403 1062 1432 1084; x_wconf 82' lang='lat'>(1.</span> <span class='ocrx_word' id='word_1_120' title='bbox 1456 1051 1664 1084; x_wconf 85' lang='lat' dir='ltr'>Exactorihus</span> <span class='ocrx_word' id='word_1_121' title='bbox 1686 1063 1776 1085; x_wconf 89' lang='lat' dir='ltr'>man-</span> 
     </span>
     <span class='ocr_line' id='line_1_14' title="bbox 305 1105 1778 1150; baseline -0.001 -10"><span class='ocrx_word' id='word_1_122' title='bbox 305 1107 359 1140; x_wconf 88' lang='lat' dir='ltr'>dat</span> <span class='ocrx_word' id='word_1_123' title='bbox 378 1106 627 1150; x_wconf 83' lang='lat' dir='ltr'>exequutionem</span> <span class='ocrx_word' id='word_1_124' title='bbox 649 1106 782 1139; x_wconf 90' lang='lat' dir='ltr'>huiusce</span> <span class='ocrx_word' id='word_1_125' title='bbox 801 1105 1025 1145; x_wconf 76' lang='lat' dir='ltr'>restitutionis,</span> <span class='ocrx_word' id='word_1_126' title='bbox 1042 1106 1120 1138; x_wconf 71' lang='lat' dir='ltr'>ibid.</span> <span class='ocrx_word' id='word_1_127' title='bbox 1136 1105 1286 1138; x_wconf 86' lang='lat' dir='ltr'>Ministris</span> <span class='ocrx_word' id='word_1_128' title='bbox 1306 1105 1457 1138; x_wconf 75' lang='lat' dir='ltr'>Gamerae</span> <span class='ocrx_word' id='word_1_129' title='bbox 1479 1105 1683 1149; x_wconf 74' lang='lat' dir='ltr'>Apostolicae</span> <span class='ocrx_word' id='word_1_130' title='bbox 1705 1117 1778 1149; x_wconf 91' lang='lat' dir='ltr'>pro-</span> 
     </span>
     <span class='ocr_line' id='line_1_15' title="bbox 306 1158 1777 1204; baseline -0.001 -11"><span class='ocrx_word' id='word_1_131' title='bbox 306 1160 394 1194; x_wconf 90' lang='lat' dir='ltr'>hibet</span> <span class='ocrx_word' id='word_1_132' title='bbox 411 1160 585 1204; x_wconf 86' lang='lat' dir='ltr'>quominus</span> <span class='ocrx_word' id='word_1_133' title='bbox 605 1170 637 1193; x_wconf 90' lang='lat' dir='ltr'>se</span> <span class='ocrx_word' id='word_1_134' title='bbox 658 1159 807 1202; x_wconf 77' lang='lat' dir='ltr'>ingerant</span> <span class='ocrx_word' id='word_1_135' title='bbox 826 1159 858 1191; x_wconf 91' lang='lat' dir='ltr'>in</span> <span class='ocrx_word' id='word_1_136' title='bbox 880 1159 939 1192; x_wconf 85' lang='lat' dir='ltr'>hac</span> <span class='ocrx_word' id='word_1_137' title='bbox 961 1159 1138 1195; x_wconf 76' lang='lat' dir='ltr'>exactione,</span> <span class='ocrx_word' id='word_1_138' title='bbox 1165 1158 1241 1191; x_wconf 69' lang='lat' dir='ltr'><em>ibid.</em></span> <span class='ocrx_word' id='word_1_139' title='bbox 1269 1159 1304 1192; x_wconf 91' lang='lat' dir='ltr'>In</span> <span class='ocrx_word' id='word_1_140' title='bbox 1332 1159 1445 1192; x_wconf 87' lang='lat' dir='ltr'>eadem</span> <span class='ocrx_word' id='word_1_141' title='bbox 1472 1158 1598 1192; x_wconf 86' lang='lat' dir='ltr'>civitate</span> <span class='ocrx_word' id='word_1_142' title='bbox 1630 1159 1777 1193; x_wconf 88' lang='lat' dir='ltr'>nonnulli</span> 
     </span>
     <span class='ocr_line' id='line_1_16' title="bbox 305 1212 1777 1258; baseline 0 -11"><span class='ocrx_word' id='word_1_143' title='bbox 305 1213 436 1258; x_wconf 88' lang='lat' dir='ltr'>Hispani</span> <span class='ocrx_word' id='word_1_144' title='bbox 458 1214 590 1246; x_wconf 88' lang='lat' dir='ltr'>domum</span> <span class='ocrx_word' id='word_1_145' title='bbox 613 1218 784 1246; x_wconf 85' lang='lat' dir='ltr'>erexerunt</span> <span class='ocrx_word' id='word_1_146' title='bbox 801 1213 842 1246; x_wconf 87' lang='lat' dir='ltr'>ad</span> <span class='ocrx_word' id='word_1_147' title='bbox 862 1212 1063 1256; x_wconf 87' lang='lat' dir='ltr'>recipiendas</span> <span class='ocrx_word' id='word_1_148' title='bbox 1086 1212 1335 1256; x_wconf 84' lang='lat' dir='ltr'>educandasque</span> <span class='ocrx_word' id='word_1_149' title='bbox 1353 1212 1515 1256; x_wconf 87' lang='lat' dir='ltr'>orphanas</span> <span class='ocrx_word' id='word_1_150' title='bbox 1535 1212 1675 1255; x_wconf 73' lang='lat' dir='ltr'>virgines</span> <span class='ocrx_word' id='word_1_151' title='bbox 1696 1212 1777 1247; x_wconf 82' lang='lat' dir='ltr'>silias</span> 
     </span>
     <span class='ocr_line' id='line_1_17' title="bbox 305 1265 1778 1311; baseline 0 -11"><span class='ocrx_word' id='word_1_152' title='bbox 305 1267 538 1310; x_wconf 66' lang='lat' dir='ltr'>Hispanorum,</span> <span class='ocrx_word' id='word_1_153' title='bbox 562 1265 625 1299; x_wconf 67' lang='lat'>359</span> <span class='ocrx_word' id='word_1_154' title='bbox 647 1277 675 1299; x_wconf 82' lang='lat' dir='ltr'>(l.</span> <span class='ocrx_word' id='word_1_155' title='bbox 711 1266 812 1305; x_wconf 81' lang='lat' dir='ltr'>Quam</span> <span class='ocrx_word' id='word_1_156' title='bbox 845 1266 1047 1299; x_wconf 71' lang='lat' dir='ltr'>convenienti</span> <span class='ocrx_word' id='word_1_157' title='bbox 1075 1266 1147 1299; x_wconf 89' lang='lat' dir='ltr'>dote</span> <span class='ocrx_word' id='word_1_158' title='bbox 1175 1272 1343 1303; x_wconf 74' lang='lat' dir='ltr'>auxerunt,</span> <span class='ocrx_word' id='word_1_159' title='bbox 1377 1266 1686 1310; x_wconf 83' lang='lat' dir='ltr'>constitutionesque</span> <span class='ocrx_word' id='word_1_160' title='bbox 1718 1277 1778 1311; x_wconf 89' lang='lat' dir='ltr'>pro</span> 
     </span>
     <span class='ocr_line' id='line_1_18' title="bbox 306 1319 1776 1363; baseline -0.001 -9"><span class='ocrx_word' id='word_1_161' title='bbox 306 1320 374 1354; x_wconf 85' lang='lat' dir='ltr'>eius</span> <span class='ocrx_word' id='word_1_162' title='bbox 393 1319 550 1362; x_wconf 76' lang='lat' dir='ltr'>regimine</span> <span class='ocrx_word' id='word_1_163' title='bbox 577 1319 803 1357; x_wconf 77' lang='lat' dir='ltr'>condiderunt,</span> <span class='ocrx_word' id='word_1_164' title='bbox 829 1320 904 1352; x_wconf 69' lang='lat' dir='ltr'>ibid.</span> <span class='ocrx_word' id='word_1_165' title='bbox 930 1319 955 1352; x_wconf 75' lang='lat' dir='ltr'>b.</span> <span class='ocrx_word' id='word_1_166' title='bbox 980 1319 1125 1352; x_wconf 79' lang='lat' dir='ltr'>Pontifex</span> <span class='ocrx_word' id='word_1_167' title='bbox 1154 1319 1333 1352; x_wconf 81' lang='lat' dir='ltr'>institutum</span> <span class='ocrx_word' id='word_1_168' title='bbox 1355 1319 1455 1352; x_wconf 80' lang='lat' dir='ltr'>hocce</span> <span class='ocrx_word' id='word_1_169' title='bbox 1476 1320 1603 1363; x_wconf 76' lang='lat' dir='ltr'>probat,</span> <span class='ocrx_word' id='word_1_170' title='bbox 1628 1320 1776 1353; x_wconf 88' lang='lat' dir='ltr'>domum-</span> 
     </span>
     <span class='ocr_line' id='line_1_19' title="bbox 306 1373 1776 1418; baseline 0 -12"><span class='ocrx_word' id='word_1_171' title='bbox 306 1384 367 1418; x_wconf 88' lang='lat' dir='ltr'>que</span> <span class='ocrx_word' id='word_1_172' title='bbox 389 1379 418 1406; x_wconf 92' lang='lat' dir='ltr'>et</span> <span class='ocrx_word' id='word_1_173' title='bbox 440 1383 604 1417; x_wconf 77' lang='lat' dir='ltr'>personas,</span> <span class='ocrx_word' id='word_1_174' title='bbox 620 1379 651 1406; x_wconf 81' lang='lat' dir='ltr'>et</span> <span class='ocrx_word' id='word_1_175' title='bbox 670 1373 755 1406; x_wconf 86' lang='lat' dir='ltr'>bona</span> <span class='ocrx_word' id='word_1_176' title='bbox 773 1373 812 1405; x_wconf 84' lang='lat' dir='ltr'>ab</span> <span class='ocrx_word' id='word_1_177' title='bbox 833 1373 993 1407; x_wconf 87' lang='lat' dir='ltr'>Ordinarii</span> <span class='ocrx_word' id='word_1_178' title='bbox 1012 1373 1234 1405; x_wconf 73' lang='lat' dir='ltr'>iurisdictione</span> <span class='ocrx_word' id='word_1_179' title='bbox 1255 1373 1382 1413; x_wconf 81' lang='lat' dir='ltr'>liberat,</span> <span class='ocrx_word' id='word_1_180' title='bbox 1411 1384 1446 1406; x_wconf 90' lang='lat' dir='ltr'>ac</span> <span class='ocrx_word' id='word_1_181' title='bbox 1468 1373 1602 1406; x_wconf 75' lang='lat' dir='ltr'>Sanctae</span> <span class='ocrx_word' id='word_1_182' title='bbox 1620 1373 1694 1407; x_wconf 88' lang='lat' dir='ltr'>Sedi</span> <span class='ocrx_word' id='word_1_183' title='bbox 1716 1374 1776 1407; x_wconf 89' lang='lat' dir='ltr'>im-</span> 
     </span>
     <span class='ocr_line' id='line_1_20' title="bbox 307 1426 1773 1470; baseline -0.001 -9"><span class='ocrx_word' id='word_1_184' title='bbox 307 1427 446 1461; x_wconf 79' lang='lat' dir='ltr'>mediate</span> <span class='ocrx_word' id='word_1_185' title='bbox 467 1426 606 1463; x_wconf 73' lang='lat' dir='ltr'>subiicit„</span> <span class='ocrx_word' id='word_1_186' title='bbox 632 1426 709 1459; x_wconf 62' lang='lat' dir='ltr'><em>ibid.</em></span> <span class='ocrx_word' id='word_1_187' title='bbox 735 1433 763 1459; x_wconf 80' lang='lat' dir='ltr'>et</span> <span class='ocrx_word' id='word_1_188' title='bbox 790 1438 853 1470; x_wconf 82' lang='lat' dir='ltr'>seq.</span> <span class='ocrx_word' id='word_1_189' title='bbox 886 1426 1093 1469; x_wconf 75' lang='lat' dir='ltr'>Privilegium</span> <span class='ocrx_word' id='word_1_190' title='bbox 1125 1426 1235 1459; x_wconf 82' lang='lat' dir='ltr'>altaris</span> <span class='ocrx_word' id='word_1_191' title='bbox 1260 1426 1450 1470; x_wconf 70' lang='lat' dir='ltr'>Gregoriani</span> <span class='ocrx_word' id='word_1_192' title='bbox 1478 1426 1636 1463; x_wconf 78' lang='lat' dir='ltr'>concedit.</span> <span class='ocrx_word' id='word_1_193' title='bbox 1660 1426 1724 1460; x_wconf 77' lang='grc'>360</span> <span class='ocrx_word' id='word_1_194' title='bbox 1745 1439 1773 1460; x_wconf 83' lang='grc' dir='ltr'>α.</span> 
     </span>
     <span class='ocr_line' id='line_1_21' title="bbox 304 1479 1777 1525; baseline -0.001 -11"><span class='ocrx_word' id='word_1_195' title='bbox 304 1481 525 1525; x_wconf 81' lang='lat' dir='ltr'>Exequutores</span> <span class='ocrx_word' id='word_1_196' title='bbox 557 1480 706 1524; x_wconf 81' lang='lat' dir='ltr'>deputat,</span> <span class='ocrx_word' id='word_1_197' title='bbox 732 1480 991 1524; x_wconf 77' lang='lat' dir='ltr'>quilniseumque</span> <span class='ocrx_word' id='word_1_198' title='bbox 1012 1480 1181 1513; x_wconf 82' lang='lat' dir='ltr'>contrariis</span> <span class='ocrx_word' id='word_1_199' title='bbox 1213 1479 1338 1519; x_wconf 67' lang='lat' dir='ltr'>afflatis,</span> <span class='ocrx_word' id='word_1_200' title='bbox 1363 1480 1439 1513; x_wconf 66' lang='lat' dir='ltr'>[tid.</span> <span class='ocrx_word' id='word_1_201' title='bbox 1464 1480 1490 1514; x_wconf 72' lang='lat' dir='ltr'>b.</span> <span class='ocrx_word' id='word_1_202' title='bbox 1522 1481 1681 1514; x_wconf 84' lang='lat' dir='ltr'>Tenorern</span> <span class='ocrx_word' id='word_1_203' title='bbox 1702 1492 1777 1514; x_wconf 86' lang='lat' dir='ltr'>vero</span> 
     </span>
     <span class='ocr_line' id='line_1_22' title="bbox 304 1534 1774 1578; baseline 0 -10"><span class='ocrx_word' id='word_1_204' title='bbox 304 1534 583 1571; x_wconf 84' lang='lat' dir='ltr'>constitutionum,</span> <span class='ocrx_word' id='word_1_205' title='bbox 609 1534 715 1567; x_wconf 85' lang='lat' dir='ltr'>italica</span> <span class='ocrx_word' id='word_1_206' title='bbox 736 1534 854 1576; x_wconf 73' lang='lat' dir='ltr'>lingua,</span> <span class='ocrx_word' id='word_1_207' title='bbox 885 1534 993 1567; x_wconf 87' lang='lat' dir='ltr'>inserit</span> <span class='ocrx_word' id='word_1_208' title='bbox 1015 1534 1047 1566; x_wconf 91' lang='lat' dir='ltr'>in</span> <span class='ocrx_word' id='word_1_209' title='bbox 1067 1545 1124 1566; x_wconf 89' lang='lat' dir='ltr'>sua</span> <span class='ocrx_word' id='word_1_210' title='bbox 1146 1534 1243 1574; x_wconf 71' lang='lat' dir='ltr'>bulla,</span> <span class='ocrx_word' id='word_1_211' title='bbox 1274 1534 1349 1567; x_wconf 72' lang='lat' dir='ltr'><em>ibid.</em></span> <span class='ocrx_word' id='word_1_212' title='bbox 1370 1545 1469 1578; x_wconf 75' lang='lat' dir='ltr'>usque</span> <span class='ocrx_word' id='word_1_213' title='bbox 1489 1534 1532 1567; x_wconf 74' lang='lat' dir='ltr'>ad</span> <span class='ocrx_word' id='word_1_214' title='bbox 1554 1545 1631 1578; x_wconf 71' lang='lat'><em>2³09-</em></span> <span class='ocrx_word' id='word_1_215' title='bbox 1660 1534 1724 1568; x_wconf 76' lang='lat'>380</span> <span class='ocrx_word' id='word_1_216' title='bbox 1745 1547 1774 1568; x_wconf 82' lang='grc' dir='ltr'>α.</span> 
     </span>
    </p>

    <p class='ocr_par' dir='ltr' id='par_1_5' title="bbox 216 1587 1777 1793">
     <span class='ocr_line' id='line_1_23' title="bbox 216 1587 1774 1636; baseline 0 -14"><span class='ocrx_word' id='word_1_217' title='bbox 216 1588 430 1622; x_wconf 79' lang='lat' dir='ltr'>Nummularii</span> <span class='ocrx_word' id='word_1_218' title='bbox 455 1587 700 1636; x_wconf 65' lang='lat' dir='ltr'>universitatum</span> <span class='ocrx_word' id='word_1_219' title='bbox 721 1588 849 1620; x_wconf 88' lang='lat' dir='ltr'>artium.</span> <span class='ocrx_word' id='word_1_220' title='bbox 884 1588 930 1620; x_wconf 66' lang='lat' dir='ltr'>Ad</span> <span class='ocrx_word' id='word_1_221' title='bbox 952 1588 1110 1621; x_wconf 88' lang='lat' dir='ltr'>tollendos</span> <span class='ocrx_word' id='word_1_222' title='bbox 1131 1588 1249 1621; x_wconf 87' lang='lat' dir='ltr'>abusus</span> <span class='ocrx_word' id='word_1_223' title='bbox 1279 1599 1339 1631; x_wconf 87' lang='lat' dir='ltr'>per</span> <span class='ocrx_word' id='word_1_224' title='bbox 1368 1588 1604 1621; x_wconf 84' lang='lat' dir='ltr'>nummularios</span> <span class='ocrx_word' id='word_1_225' title='bbox 1626 1588 1774 1622; x_wconf 85' lang='lat' dir='ltr'>introdu-</span> 
     </span>
     <span class='ocr_line' id='line_1_24' title="bbox 305 1641 1776 1686; baseline 0 -11"><span class='ocrx_word' id='word_1_226' title='bbox 305 1648 382 1682; x_wconf 91' lang='lat' dir='ltr'>ctos,</span> <span class='ocrx_word' id='word_1_227' title='bbox 398 1641 542 1675; x_wconf 82' lang='lat' dir='ltr'>Pontifex</span> <span class='ocrx_word' id='word_1_228' title='bbox 564 1651 676 1673; x_wconf 89' lang='lat' dir='ltr'>eorum</span> <span class='ocrx_word' id='word_1_229' title='bbox 699 1651 871 1674; x_wconf 89' lang='lat' dir='ltr'>numerum</span> <span class='ocrx_word' id='word_1_230' title='bbox 893 1643 930 1674; x_wconf 84' lang='lat' dir='ltr'>ad</span> <span class='ocrx_word' id='word_1_231' title='bbox 953 1641 1137 1684; x_wconf 67' lang='lat' dir='ltr'>octuaginta</span> <span class='ocrx_word' id='word_1_232' title='bbox 1159 1642 1340 1680; x_wconf 82' lang='lat' dir='ltr'>reduxerat,</span> <span class='ocrx_word' id='word_1_233' title='bbox 1365 1641 1429 1674; x_wconf 66' lang='lat'>313</span> <span class='ocrx_word' id='word_1_234' title='bbox 1450 1642 1464 1673; x_wconf 80' lang='lat' dir='ltr'>b</span> <span class='ocrx_word' id='word_1_235' title='bbox 1478 1654 1488 1681; x_wconf 83' lang='lat'><em>;</em></span> <span class='ocrx_word' id='word_1_236' title='bbox 1511 1642 1776 1686; x_wconf 75' lang='lat' dir='ltr'>praefectumque</span> 
     </span>
     <span class='ocr_line' id='line_1_25' title="bbox 300 1695 1777 1739; baseline 0.001 -11"><span class='ocrx_word' id='word_1_237' title='bbox 300 1695 596 1728; x_wconf 80' lang='lat' dir='ltr'>lumimulariorum</span> <span class='ocrx_word' id='word_1_238' title='bbox 629 1695 837 1738; x_wconf 83' lang='lat' dir='ltr'>deputaverat</span> <span class='ocrx_word' id='word_1_239' title='bbox 882 1695 1064 1739; x_wconf 78' lang='lat' dir='ltr'>Philippum</span> <span class='ocrx_word' id='word_1_240' title='bbox 1096 1696 1279 1728; x_wconf 79' lang='lat' dir='ltr'>Ravennam</span> <span class='ocrx_word' id='word_1_241' title='bbox 1297 1724 1303 1733; x_wconf 84' lang='lat'><strong><em>,</em></strong></span> <span class='ocrx_word' id='word_1_242' title='bbox 1344 1695 1464 1728; x_wconf 88' lang='lat' dir='ltr'>iniucto</span> <span class='ocrx_word' id='word_1_243' title='bbox 1500 1706 1597 1728; x_wconf 79' lang='lat' dir='ltr'>onere</span> <span class='ocrx_word' id='word_1_244' title='bbox 1633 1696 1777 1729; x_wconf 71' lang='lat' dir='ltr'>solvendi</span> 
     </span>
     <span class='ocr_line' id='line_1_26' title="bbox 305 1748 1776 1793; baseline 0 -11"><span class='ocrx_word' id='word_1_245' title='bbox 305 1749 340 1782; x_wconf 82' lang='lat' dir='ltr'>R.</span> <span class='ocrx_word' id='word_1_246' title='bbox 355 1749 386 1782; x_wconf 90' lang='lat' dir='ltr'>C.</span> <span class='ocrx_word' id='word_1_247' title='bbox 402 1750 437 1782; x_wconf 73' lang='lat' dir='ltr'>A.</span> <span class='ocrx_word' id='word_1_248' title='bbox 463 1749 526 1781; x_wconf 90' lang='lat' dir='ltr'>duo</span> <span class='ocrx_word' id='word_1_249' title='bbox 549 1748 647 1781; x_wconf 83' lang='lat' dir='ltr'>millia</span> <span class='ocrx_word' id='word_1_250' title='bbox 670 1755 769 1785; x_wconf 80' lang='lat' dir='ltr'>scuta,</span> <span class='ocrx_word' id='word_1_251' title='bbox 792 1749 886 1790; x_wconf 66' lang='lat' dir='ltr'>1·tu·sl.,·</span> <span class='ocrx_word' id='word_1_252' title='bbox 910 1755 1077 1793; x_wconf 82' lang='lat' dir='ltr'>totumque</span> <span class='ocrx_word' id='word_1_253' title='bbox 1100 1749 1337 1782; x_wconf 60' lang='lat' dir='ltr'>nummulariat¹</span> <span class='ocrx_word' id='word_1_254' title='bbox 1359 1750 1435 1782; x_wconf 81' lang='lat' dir='ltr'>artis</span> <span class='ocrx_word' id='word_1_255' title='bbox 1456 1749 1643 1782; x_wconf 76' lang='lat' dir='ltr'>exercitium</span> <span class='ocrx_word' id='word_1_256' title='bbox 1665 1760 1776 1782; x_wconf 84' lang='lat' dir='ltr'>eorum</span> 
     </span>
    </p>

    <p class='ocr_par' dir='ltr' id='par_1_6' title="bbox 258 1802 1778 2058">
     <span class='ocr_line' id='line_1_27' title="bbox 258 1802 1778 1848; baseline 0 -12"><span class='ocrx_word' id='word_1_257' title='bbox 258 1845 263 1848; x_wconf 17' lang='grc' dir='ltr'>ἢ</span> <span class='ocrx_word' id='word_1_258' title='bbox 304 1802 502 1836; x_wconf 83' lang='lat' dir='ltr'>universitati</span> <span class='ocrx_word' id='word_1_259' title='bbox 525 1803 741 1843; x_wconf 70' lang='lat' dir='ltr'>commiserat,</span> <span class='ocrx_word' id='word_1_260' title='bbox 757 1802 821 1835; x_wconf 72' lang='lat'>314</span> <span class='ocrx_word' id='word_1_261' title='bbox 839 1814 867 1836; x_wconf 81' lang='grc' dir='ltr'>(ι.</span> <span class='ocrx_word' id='word_1_262' title='bbox 893 1804 1023 1841; x_wconf 76' lang='lat' dir='ltr'>Verum,</span> <span class='ocrx_word' id='word_1_263' title='bbox 1049 1803 1241 1836; x_wconf 86' lang='lat' dir='ltr'>instantibus</span> <span class='ocrx_word' id='word_1_264' title='bbox 1262 1809 1463 1836; x_wconf 83' lang='lat' dir='ltr'>caeterarum</span> <span class='ocrx_word' id='word_1_265' title='bbox 1485 1802 1600 1836; x_wconf 85' lang='lat' dir='ltr'>artium</span> <span class='ocrx_word' id='word_1_266' title='bbox 1622 1803 1778 1837; x_wconf 85' lang='lat' dir='ltr'>universi-</span> 
     </span>
     <span class='ocr_line' id='line_1_28' title="bbox 304 1855 1778 1900; baseline 0.002 -12"><span class='ocrx_word' id='word_1_267' title='bbox 304 1856 432 1895; x_wconf 77' lang='lat' dir='ltr'>tatibus,</span> <span class='ocrx_word' id='word_1_268' title='bbox 457 1855 561 1889; x_wconf 77' lang='lat' dir='ltr'>Sixtus</span> <span class='ocrx_word' id='word_1_269' title='bbox 582 1856 747 1898; x_wconf 69' lang='lat' dir='ltr'>negotium</span> <span class='ocrx_word' id='word_1_270' title='bbox 774 1856 960 1890; x_wconf 88' lang='lat' dir='ltr'>huiusmodi</span> <span class='ocrx_word' id='word_1_271' title='bbox 994 1857 1068 1900; x_wconf 84' lang='lat' dir='ltr'>ipsis</span> <span class='ocrx_word' id='word_1_272' title='bbox 1099 1857 1359 1890; x_wconf 67' lang='lat' dir='ltr'>universitatibus</span> <span class='ocrx_word' id='word_1_273' title='bbox 1392 1857 1551 1890; x_wconf 80' lang='lat' dir='ltr'>commisit</span> <span class='ocrx_word' id='word_1_274' title='bbox 1584 1868 1655 1889; x_wconf 84' lang='lat' dir='ltr'>cum</span> <span class='ocrx_word' id='word_1_275' title='bbox 1684 1857 1778 1891; x_wconf 87' lang='lat' dir='ltr'>certis</span> 
     </span>
     <span class='ocr_line' id='line_1_29' title="bbox 305 1909 1778 1951; baseline 0.001 -8"><span class='ocrx_word' id='word_1_276' title='bbox 305 1909 582 1950; x_wconf 77' lang='lat' dir='ltr'>conventionibus,</span> <span class='ocrx_word' id='word_1_277' title='bbox 606 1910 768 1951; x_wconf 75' lang='lat' dir='ltr'>clausulis,</span> <span class='ocrx_word' id='word_1_278' title='bbox 793 1915 867 1951; x_wconf 60' lang='lat' dir='ltr'>eta,</span> <span class='ocrx_word' id='word_1_279' title='bbox 903 1910 981 1944; x_wconf 68' lang='lat' dir='ltr'>ibid.</span> <span class='ocrx_word' id='word_1_280' title='bbox 1017 1916 1047 1944; x_wconf 84' lang='lat' dir='ltr'>ct</span> <span class='ocrx_word' id='word_1_281' title='bbox 1067 1910 1131 1943; x_wconf 65' lang='lat' dir='ltr'>tto</span> <span class='ocrx_word' id='word_1_282' title='bbox 1153 1922 1188 1947; x_wconf 75' lang='lat' dir='ltr'>a:</span> <span class='ocrx_word' id='word_1_283' title='bbox 1212 1917 1239 1944; x_wconf 78' lang='lat' dir='ltr'>et</span> <span class='ocrx_word' id='word_1_284' title='bbox 1272 1911 1523 1944; x_wconf 88' lang='lat' dir='ltr'>instrumentum</span> <span class='ocrx_word' id='word_1_285' title='bbox 1555 1911 1778 1944; x_wconf 89' lang='lat' dir='ltr'>conductionis</span> 
     </span>
     <span class='ocr_line' id='line_1_30' title="bbox 304 1963 1777 2009; baseline 0.001 -13"><span class='ocrx_word' id='word_1_286' title='bbox 304 1963 378 1997; x_wconf 89' lang='lat' dir='ltr'>inde</span> <span class='ocrx_word' id='word_1_287' title='bbox 399 1964 581 1997; x_wconf 87' lang='lat' dir='ltr'>confectum</span> <span class='ocrx_word' id='word_1_288' title='bbox 612 1964 826 2001; x_wconf 81' lang='lat' dir='ltr'>confirmavit,</span> <span class='ocrx_word' id='word_1_289' title='bbox 850 1965 927 1998; x_wconf 74' lang='lat' dir='ltr'>ibid.</span> <span class='ocrx_word' id='word_1_290' title='bbox 953 1965 978 1997; x_wconf 74' lang='lat' dir='ltr'>b.</span> <span class='ocrx_word' id='word_1_291' title='bbox 1003 1965 1159 1998; x_wconf 77' lang='lat' dir='ltr'>Clausulis</span> <span class='ocrx_word' id='word_1_292' title='bbox 1181 1966 1313 2009; x_wconf 90' lang='lat' dir='ltr'>insuper</span> <span class='ocrx_word' id='word_1_293' title='bbox 1333 1965 1504 2009; x_wconf 73' lang='lat' dir='ltr'>appositis,</span> <span class='ocrx_word' id='word_1_294' title='bbox 1528 1965 1777 2009; x_wconf 87' lang='lat' dir='ltr'>exequutionem</span> 
     </span>
     <span class='ocr_line' id='line_1_31' title="bbox 306 2017 828 2058; baseline 0.002 -8"><span class='ocrx_word' id='word_1_295' title='bbox 306 2017 521 2051; x_wconf 85' lang='lat' dir='ltr'>cameralibus</span> <span class='ocrx_word' id='word_1_296' title='bbox 542 2017 690 2058; x_wconf 84' lang='lat' dir='ltr'>credidit,</span> <span class='ocrx_word' id='word_1_297' title='bbox 714 2017 778 2051; x_wconf 56' lang='lat'>3116</span> <span class='ocrx_word' id='word_1_298' title='bbox 799 2030 828 2051; x_wconf 82' lang='lat' dir='ltr'>a.</span> 
     </span>
    </p>
   </div>
   <div class='ocr_carea' id='block_1_4' title="bbox 981 2168 1005 2201">
    <p class='ocr_par' dir='ltr' id='par_1_7' title="bbox 981 2168 1005 2201">
     <span class='ocr_line' id='line_1_32' title="bbox 981 2168 1005 2201; baseline 0 0"><span class='ocrx_word' id='word_1_299' title='bbox 981 2168 1005 2201; x_wconf 88' lang='lat' dir='ltr'>O</span> 
     </span>
    </p>
   </div>
   <div class='ocr_carea' id='block_1_5' title="bbox 215 2283 1779 2758">
    <p class='ocr_par' dir='ltr' id='par_1_8' title="bbox 215 2283 1779 2535">
     <span class='ocr_line' id='line_1_33' title="bbox 215 2283 1777 2327; baseline 0.003 -9"><span class='ocrx_word' id='word_1_300' title='bbox 215 2283 499 2326; x_wconf 67' lang='lat' dir='ltr'>Observantiaffle&#39;)</span> <span class='ocrx_word' id='word_1_301' title='bbox 517 2284 643 2317; x_wconf 86' lang='lat' dir='ltr'>Fratres</span> <span class='ocrx_word' id='word_1_302' title='bbox 661 2283 799 2317; x_wconf 81' lang='lat' dir='ltr'>Minores</span> <span class='ocrx_word' id='word_1_303' title='bbox 820 2283 851 2315; x_wconf 90' lang='lat' dir='ltr'>in</span> <span class='ocrx_word' id='word_1_304' title='bbox 870 2283 1010 2327; x_wconf 84' lang='lat' dir='ltr'>capituto</span> <span class='ocrx_word' id='word_1_305' title='bbox 1032 2285 1152 2318; x_wconf 83' lang='lat' dir='ltr'>Romae</span> <span class='ocrx_word' id='word_1_306' title='bbox 1174 2286 1336 2319; x_wconf 79' lang='lat' dir='ltr'>celebrato</span> <span class='ocrx_word' id='word_1_307' title='bbox 1355 2291 1495 2319; x_wconf 85' lang='lat' dir='ltr'>statuunt</span> <span class='ocrx_word' id='word_1_308' title='bbox 1518 2287 1694 2322; x_wconf 86' lang='lat' dir='ltr'>abbatissas</span> <span class='ocrx_word' id='word_1_309' title='bbox 1708 2299 1777 2322; x_wconf 89' lang='lat' dir='ltr'>mo-</span> 
     </span>
     <span class='ocr_line' id='line_1_34' title="bbox 309 2337 1778 2386; baseline 0.003 -15"><span class='ocrx_word' id='word_1_310' title='bbox 309 2337 523 2371; x_wconf 87' lang='lat' dir='ltr'>nasteriorum</span> <span class='ocrx_word' id='word_1_311' title='bbox 545 2337 689 2370; x_wconf 85' lang='lat' dir='ltr'>eiusdem</span> <span class='ocrx_word' id='word_1_312' title='bbox 711 2337 838 2370; x_wconf 87' lang='lat' dir='ltr'>Ordinis</span> <span class='ocrx_word' id='word_1_313' title='bbox 860 2337 891 2369; x_wconf 89' lang='lat' dir='ltr'>in</span> <span class='ocrx_word' id='word_1_314' title='bbox 913 2338 1046 2381; x_wconf 86' lang='lat' dir='ltr'>proprio</span> <span class='ocrx_word' id='word_1_315' title='bbox 1067 2338 1172 2371; x_wconf 81' lang='lat' dir='ltr'>officio</span> <span class='ocrx_word' id='word_1_316' title='bbox 1206 2339 1344 2372; x_wconf 88' lang='lat' dir='ltr'>triennio</span> <span class='ocrx_word' id='word_1_317' title='bbox 1375 2345 1498 2373; x_wconf 88' lang='lat' dir='ltr'>tantum</span> <span class='ocrx_word' id='word_1_318' title='bbox 1530 2351 1622 2385; x_wconf 85' lang='lat' dir='ltr'>posse</span> <span class='ocrx_word' id='word_1_319' title='bbox 1652 2353 1778 2386; x_wconf 86' lang='lat' dir='ltr'>perma-</span> 
     </span>
     <span class='ocr_line' id='line_1_35' title="bbox 307 2390 1778 2437; baseline 0.003 -13"><span class='ocrx_word' id='word_1_320' title='bbox 307 2402 402 2429; x_wconf 78' lang='lat' dir='ltr'>nere,</span> <span class='ocrx_word' id='word_1_321' title='bbox 433 2391 474 2423; x_wconf 70' lang='lat'>72</span> <span class='ocrx_word' id='word_1_322' title='bbox 505 2390 531 2423; x_wconf 87' lang='lat' dir='ltr'>b.</span> <span class='ocrx_word' id='word_1_323' title='bbox 564 2392 732 2424; x_wconf 84' lang='lat' dir='ltr'>Decretum</span> <span class='ocrx_word' id='word_1_324' title='bbox 762 2390 861 2423; x_wconf 74' lang='lat' dir='ltr'>hocce</span> <span class='ocrx_word' id='word_1_325' title='bbox 894 2391 1057 2424; x_wconf 88' lang='lat' dir='ltr'>observari</span> <span class='ocrx_word' id='word_1_326' title='bbox 1089 2392 1171 2425; x_wconf 84' lang='lat' dir='ltr'>iubet</span> <span class='ocrx_word' id='word_1_327' title='bbox 1207 2404 1289 2437; x_wconf 86' lang='lat' dir='ltr'>papa</span> <span class='ocrx_word' id='word_1_328' title='bbox 1327 2393 1357 2426; x_wconf 91' lang='lat' dir='ltr'>in</span> <span class='ocrx_word' id='word_1_329' title='bbox 1392 2394 1542 2427; x_wconf 81' lang='lat' dir='ltr'>omnibus</span> <span class='ocrx_word' id='word_1_330' title='bbox 1575 2396 1778 2429; x_wconf 87' lang='lat' dir='ltr'>monasteriis</span> 
     </span>
     <span class='ocr_line' id='line_1_36' title="bbox 308 2444 1779 2497; baseline 0.003 -19"><span class='ocrx_word' id='word_1_331' title='bbox 308 2446 442 2478; x_wconf 82' lang='lat' dir='ltr'>Sanctae</span> <span class='ocrx_word' id='word_1_332' title='bbox 463 2445 573 2478; x_wconf 85' lang='lat' dir='ltr'>Clarae</span> <span class='ocrx_word' id='word_1_333' title='bbox 594 2444 784 2497; x_wconf 76' lang='lat' dir='ltr'>quarumvis</span> <span class='ocrx_word' id='word_1_334' title='bbox 801 2444 1063 2488; x_wconf 81' lang='lat' dir='ltr'>provinciarum,</span> <span class='ocrx_word' id='word_1_335' title='bbox 1089 2445 1129 2478; x_wconf 69' lang='lat'>753</span> <span class='ocrx_word' id='word_1_336' title='bbox 1154 2457 1182 2479; x_wconf 78' lang='lat' dir='ltr'>a.</span> <span class='ocrx_word' id='word_1_337' title='bbox 1210 2447 1325 2490; x_wconf 85' lang='lat' dir='ltr'>Elapso</span> <span class='ocrx_word' id='word_1_338' title='bbox 1352 2447 1502 2483; x_wconf 83' lang='lat' dir='ltr'>triennio,</span> <span class='ocrx_word' id='word_1_339' title='bbox 1525 2449 1703 2482; x_wconf 80' lang='lat' dir='ltr'>abbatissae</span> <span class='ocrx_word' id='word_1_340' title='bbox 1730 2460 1779 2482; x_wconf 90' lang='lat' dir='ltr'>ra-</span> 
     </span>
     <span class='ocr_line' id='line_1_37' title="bbox 310 2498 1070 2535; baseline 0 -4"><span class='ocrx_word' id='word_1_341' title='bbox 310 2498 430 2531; x_wconf 89' lang='lat' dir='ltr'>tionem</span> <span class='ocrx_word' id='word_1_342' title='bbox 452 2498 587 2531; x_wconf 85' lang='lat' dir='ltr'>reddere</span> <span class='ocrx_word' id='word_1_343' title='bbox 609 2498 725 2531; x_wconf 88' lang='lat' dir='ltr'>debent</span> <span class='ocrx_word' id='word_1_344' title='bbox 748 2498 786 2531; x_wconf 89' lang='lat' dir='ltr'>de</span> <span class='ocrx_word' id='word_1_345' title='bbox 807 2498 969 2535; x_wconf 76' lang='lat' dir='ltr'>omnibus,</span> <span class='ocrx_word' id='word_1_346' title='bbox 994 2499 1070 2531; x_wconf 77' lang='lat' dir='ltr'>ibid.</span> 
     </span>
    </p>

    <p class='ocr_par' dir='ltr' id='par_1_9' title="bbox 218 2551 1778 2758">
     <span class='ocr_line' id='line_1_38' title="bbox 218 2551 1775 2595; baseline 0.002 -9"><span class='ocrx_word' id='word_1_347' title='bbox 218 2551 365 2586; x_wconf 83' lang='lat' dir='ltr'>Officium</span> <span class='ocrx_word' id='word_1_348' title='bbox 379 2551 605 2585; x_wconf 82' lang='lat' dir='ltr'>Sanctissimae</span> <span class='ocrx_word' id='word_1_349' title='bbox 619 2551 838 2595; x_wconf 83' lang='lat' dir='ltr'>Inquisitionis</span> <span class='ocrx_word' id='word_1_350' title='bbox 850 2551 1055 2585; x_wconf 84' lang='lat' dir='ltr'>Taurincnsis</span> <span class='ocrx_word' id='word_1_351' title='bbox 1078 2553 1255 2587; x_wconf 81' lang='lat' dir='ltr'>redditibus</span> <span class='ocrx_word' id='word_1_352' title='bbox 1276 2554 1508 2588; x_wconf 80' lang='lat' dir='ltr'>sufficientibus</span> <span class='ocrx_word' id='word_1_353' title='bbox 1530 2556 1775 2595; x_wconf 77' lang='lat' dir='ltr'>destituebatur,</span> 
     </span>
     <span class='ocr_line' id='line_1_39' title="bbox 308 2605 1778 2653; baseline 0.005 -17"><span class='ocrx_word' id='word_1_354' title='bbox 308 2605 372 2638; x_wconf 72' lang='lat'>565</span> <span class='ocrx_word' id='word_1_355' title='bbox 392 2605 418 2638; x_wconf 86' lang='lat' dir='ltr'>b.</span> <span class='ocrx_word' id='word_1_356' title='bbox 443 2605 588 2639; x_wconf 87' lang='lat' dir='ltr'>Clemens</span> <span class='ocrx_word' id='word_1_357' title='bbox 611 2605 671 2638; x_wconf 80' lang='lat' dir='ltr'>VIII</span> <span class='ocrx_word' id='word_1_358' title='bbox 691 2605 718 2639; x_wconf 87' lang='lat' dir='ltr'>ei</span> <span class='ocrx_word' id='word_1_359' title='bbox 739 2606 808 2639; x_wconf 91' lang='lat' dir='ltr'>unit</span> <span class='ocrx_word' id='word_1_360' title='bbox 829 2606 997 2639; x_wconf 81' lang='lat' dir='ltr'>ecclesiam</span> <span class='ocrx_word' id='word_1_361' title='bbox 1018 2607 1048 2639; x_wconf 82' lang='lat' dir='ltr'>S.</span> <span class='ocrx_word' id='word_1_362' title='bbox 1073 2607 1210 2651; x_wconf 87' lang='lat' dir='ltr'>Spiritus</span> <span class='ocrx_word' id='word_1_363' title='bbox 1232 2614 1334 2642; x_wconf 88' lang='lat' dir='ltr'>terrae</span> <span class='ocrx_word' id='word_1_364' title='bbox 1356 2609 1471 2645; x_wconf 80' lang='lat' dir='ltr'>Cberii,</span> <span class='ocrx_word' id='word_1_365' title='bbox 1494 2609 1569 2641; x_wconf 72' lang='lat' dir='ltr'><em>ibid.</em></span> <span class='ocrx_word' id='word_1_366' title='bbox 1594 2609 1778 2653; x_wconf 84' lang='lat' dir='ltr'>Inquisitori</span> 
     </span>
     <span class='ocr_line' id='line_1_40' title="bbox 308 2659 1775 2706; baseline 0.003 -14"><span class='ocrx_word' id='word_1_367' title='bbox 308 2660 493 2692; x_wconf 79' lang='lat' dir='ltr'>facultatem</span> <span class='ocrx_word' id='word_1_368' title='bbox 515 2659 662 2693; x_wconf 87' lang='lat' dir='ltr'>concedit</span> <span class='ocrx_word' id='word_1_369' title='bbox 684 2659 769 2692; x_wconf 88' lang='lat' dir='ltr'>illius</span> <span class='ocrx_word' id='word_1_370' title='bbox 791 2660 909 2693; x_wconf 85' lang='lat' dir='ltr'>realem</span> <span class='ocrx_word' id='word_1_371' title='bbox 932 2661 1168 2704; x_wconf 67' lang='lat' dir='ltr'>possessionem</span> <span class='ocrx_word' id='word_1_372' title='bbox 1186 2663 1345 2706; x_wconf 73' lang='lat' dir='ltr'>capiendi,</span> <span class='ocrx_word' id='word_1_373' title='bbox 1367 2662 1430 2695; x_wconf 73' lang='lat'>566</span> <span class='ocrx_word' id='word_1_374' title='bbox 1452 2663 1478 2695; x_wconf 74' lang='lat' dir='ltr'>h.</span> <span class='ocrx_word' id='word_1_375' title='bbox 1503 2664 1606 2696; x_wconf 86' lang='lat' dir='ltr'>Onera</span> <span class='ocrx_word' id='word_1_376' title='bbox 1627 2674 1702 2697; x_wconf 83' lang='lat' dir='ltr'>vero</span> <span class='ocrx_word' id='word_1_377' title='bbox 1724 2664 1775 2697; x_wconf 91' lang='lat' dir='ltr'>di-</span> 
     </span>
     <span class='ocr_line' id='line_1_41' title="bbox 310 2713 1243 2758; baseline 0.003 -12"><span class='ocrx_word' id='word_1_378' title='bbox 310 2718 378 2746; x_wconf 83' lang='lat' dir='ltr'>ctae</span> <span class='ocrx_word' id='word_1_379' title='bbox 399 2713 560 2747; x_wconf 84' lang='lat' dir='ltr'>Ecclesiae</span> <span class='ocrx_word' id='word_1_380' title='bbox 579 2724 637 2757; x_wconf 89' lang='lat' dir='ltr'>per</span> <span class='ocrx_word' id='word_1_381' title='bbox 659 2714 763 2757; x_wconf 87' lang='lat' dir='ltr'>ipsum</span> <span class='ocrx_word' id='word_1_382' title='bbox 785 2714 954 2758; x_wconf 70' lang='lat' dir='ltr'>adimpleri</span> <span class='ocrx_word' id='word_1_383' title='bbox 976 2716 1104 2757; x_wconf 72' lang='lat' dir='ltr'>debent,</span> <span class='ocrx_word' id='word_1_384' title='bbox 1130 2715 1193 2748; x_wconf 77' lang='lat'>567</span> <span class='ocrx_word' id='word_1_385' title='bbox 1215 2728 1243 2749; x_wconf 80' lang='grc' dir='ltr'>(ι.</span> 
     </span>
    </p>
   </div>
  </div>
 </body>
</html>
