2226 3070
70 294 120 321 An.
136 292 164 320 C.
187 291 251 320 1591

148 1300 258 1330 Clausulas

87 1329 259 1357 praeservetur-‘ts

89 1356 183 1380 apponit.

119 2572 273 2598 Exequutorom

92 2600 112 2618 et.
134 2602 273 2625 protectorem

92 2625 186 2651 ‹tr—putat.

873 293 1052 318 GREGORIUS
1069 293 1123 317 XIV
1139 293 1189 316 ΡΡ.

268 340 424 384 personis,
445 350 503 384 per
522 340 642 373 litteras
663 340 761 384 ipsius
786 341 955 374 erectionis
976 352 1012 374 ac

268 393 345 426 alias
366 394 610 437 quomodolibet
630 404 796 434 concessa;
817 394 1011 437 easdemque

267 447 399 487 litteras,
422 458 549 481 necnon
579 447 687 480 onmia
719 453 749 480 et
773 448 898 490 singula
924 448 1012 491 capi-

268 501 344 542 tula,
368 501 597 542 ordinationes,
621 502 867 534 reformationes
891 507 921 534 et
949 507 1012 534 sta-

268 559 345 593 tuta,
369 560 559 597 caeteraque
580 554 611 586 in
637 554 699 586 vim
735 554 912 587 litterarum
943 564 1012 586 ere-

269 607 382 640 ctionis
402 607 587 640 huiusmodi
608 617 644 639 ac
664 606 821 639 facultatis
839 607 878 639 ad
900 607 960 639 hoc
982 607 1013 638 in

269 659 330 692 illis
351 659 532 699 attributae,
556 659 651 692 etiam
673 659 757 692 circa
777 665 874 699 taxas,
890 670 1013 692 merce—

270 711 324 744 des
345 722 381 744 ac
401 711 516 744 salaria
537 711 726 744 eorumdem
756 711 941 744 officialium
969 712 1013 744 fa-

270 770 330 804 cta,
345 770 376 797 et
396 764 427 796 in
448 764 492 797 eis
512 770 662 797 contenta
682 775 916 808 quaecumque,
936 775 1014 808 apo-

270 818 382 851 stolica
401 817 589 850 auctoritate
609 818 772 861 praedicta
792 823 947 862 perpetuo
961 828 1015 861 ap-

269 871 445 915 probamus
466 877 496 904 et
516 871 757 911 confirmamus,
782 882 818 904 ac
839 871 883 904 cis
903 871 1015 914 plena-

270 925 337 957 riae
357 930 388 957 et
412 924 605 957 inviolabilis
632 924 792 957 firmitatis
821 924 1015 968 apostolicae

269 979 370 1011 robur
390 978 569 1018 adiicimus,
585 989 621 1011 ac
634 978 810 1022 praesentis
827 978 938 1022 scripti
958 989 1015 1021 pa-

271 1031 407 1065 trocinio
428 1029 678 1071 communimus,
703 1041 880 1074 omnesque
901 1036 931 1063 et
950 1030 1016 1063 sin-

271 1086 363 1128 gulos
382 1091 447 1118 tam
477 1085 555 1118 iuris
585 1095 682 1128 quam
714 1084 787 1117 sacti
817 1084 968 1124 defectus,
991 1083 1016 1116 si

272 1138 326 1182 qui
347 1139 379 1171 iu
399 1138 583 1182 praemissis
605 1137 851 1181 quomodolibet
881 1137 1017 1170 interve—

272 1192 394 1232 nerint,
415 1191 614 1234 supplemus.

318 1247 335 1287 ἕ
365 1244 395 1277 8.
432 1245 646 1278 Decernentes
684 1243 880 1276 erectionem
918 1243 1018 1275 Rotae

273 1297 470 1338 huiusmodi,
494 1308 530 1330 ac
559 1296 736 1341 privilegia,
760 1296 936 1335 facultates,
969 1295 1018 1327 in-

275 1352 363 1385 dulta
380 1356 410 1384 et
430 1351 491 1383 alia
510 1350 687 1394 praemissa
705 1349 810 1382 valida
827 1355 858 1382 et.
878 1348 1020 1381 efficacia

276 1416 344 1438 esse
364 1410 395 1438 et
420 1409 577 1448 perpetuo
596 1404 675 1443 fore,
699 1413 838 1446 suosque
858 1402 1020 1446 plenarios

276 1464 307 1491 et
326 1458 467 1499 integros
487 1457 617 1490 effectus
635 1456 741 1489 sortiri
762 1461 793 1488 et.
812 1455 970 1493 obtinere,
985 1466 1021 1488 ac

277 1512 316 1544 ab
337 1511 498 1550 omnibus,
517 1520 598 1553 quos
618 1515 818 1542 concernunt
838 1514 868 1541 et
888 1518 1021 1541 concer-

277 1570 355 1598 nent
374 1563 617 1609 quomodolibet
648 1564 679 1595 in
710 1564 864 1601 futurum,
888 1562 1022 1596 inviola-

277 1618 385 1651 biliter
418 1623 575 1661 perpetuo
611 1616 795 1656 observari,
838 1616 948 1659 sicque
983 1616 1022 1648 ab

279 1672 430 1705 omnibus
450 1671 588 1711 censeri3
603 1676 698 1714 atque
711 1670 754 1703 ita
769 1680 827 1714 per
843 1670 1024 1713 praedictos

280 1730 311 1758 et
331 1735 553 1769 quoscumque
578 1724 657 1757 alios
686 1723 819 1761 iudices,
843 1723 1024 1756 ordinarios

280 1779 328 1811 vel
349 1779 522 1820 delegatos,
545 1778 641 1810 etiam
662 1786 830 1810 causarum
852 1776 952 1808 nostri
967 1776 1025 1808 Pa-

280 1831 346 1865 latii
367 1831 533 1875 apostolici
553 1830 717 1863 auditores
739 1840 917 1873 eorumque
938 1830 1024 1862 loca-

281 1890 439 1924 tenentes‚
463 1895 500 1917 ac
530 1884 673 1917 eiusdem
706 1888 833 1916 sanctae
862 1883 1025 1915 Romanae

280 1937 440 1971 Ecclesiae
460 1937 650 1975 cardinales,
674 1936 770 1969 etiam
796 1936 835 1968 de
864 1936 962 1968 latere
982 1935 1026 1967 le-

281 1996 370 2033 gatos
400 1996 431 2023 et.
460 1990 682 2032 vice-legatos,
715 1999 841 2022 necnon
876 1989 1027 2022 Gamerae

281 2043 484 2088 Apostolicae
509 2043 727 2087 praesidentes
756 2048 787 2076 et
815 2042 948 2075 clericos
973 2047 1025 2074 aut

283 2098 410 2142 quosvis
431 2098 520 2137 alios,
535 2097 659 2130 sublata
680 2096 724 2130 eis
744 2102 775 2129 et
794 2096 938 2139 ipsorum
959 2096 1027 2128 cui-

283 2151 361 2184 libet
380 2151 490 2194 quavis
519 2150 610 2183 aliter
630 2148 793 2182 iudicandi
813 2155 844 2182 et
873 2148 1029 2192 interpre-

284 2204 372 2237 tandi
394 2204 542 2236 facultate
563 2208 593 2236 et
613 2202 813 2241 auctoritate,
843 2201 962 2244 ubique
983 2202 1029 2234 lo-

285 2268 397 2290 corum
429 2256 575 2298 iudicari,
605 2256 735 2289 diffiniri
766 2261 797 2288 et
826 2254 1028 2298 interpretari

286 2311 419 2350 debere,
442 2310 568 2343 irritum
600 2319 730 2353 quoque
761 2314 792 2342 et
820 2308 914 2341 inane
938 2307 1031 2350 quid-

286 2363 363 2406 quid
382 2373 473 2396 secus
493 2373 589 2406 super
608 2362 657 2395 his
682 2373 700 2394 a
721 2372 896 2405 quoquam,
921 2360 1031 2404 quavis

286 2415 485 2455 anctoritate,
509 2415 646 2448 scienter
665 2415 713 2448 vel
735 2415 932 2457 ignoranter,
954 2423 1031 2446 con-

288 2468 394 2511 tigerit
413 2468 571 2501 attentari.

332 2523 348 2563 g
367 2521 397 2554 tt.
421 2521 578 2560 Quocirca
598 2521 715 2554 dilecto
741 2520 807 2553 filio
828 2519 978 2559 ilenrico,
993 2518 1032 2551 ti-

288 2575 345 2607 tuli
358 2574 492 2607 Sanctae
503 2574 738 2608 Prudentianae
751 2574 947 2618 presbytero,
964 2584 1034 2606 car-

289 2627 386 2660 dinali
398 2627 546 2661 Caietano
567 2632 764 2671 nuncupato,
781 2625 960 2659 camerario
977 2636 1036 2658 no-

289 2686 353 2714 stro
374 2681 530 2714 moderno
552 2686 582 2714 et
610 2690 668 2725 pro
699 2686 846 2725 tempore
875 2679 1032 2720 existenti,

345 2742 422 2771 Bull.
443 2744 524 2772 Rom.
548 2743 608 2771 Vol.
629 2743 673 2771 IX
848 2741 882 2769 57

1045 341 1145 374 Rotae
1183 345 1213 372 et
1252 339 1443 372 Auditorum
1482 337 1789 381 privilegiorumque

1047 399 1077 426 et
1107 393 1305 425 indultorum
1337 390 1576 434 praedictorum
1615 391 1789 433 protectori

1048 452 1146 483 motu,
1178 445 1310 479 scientia
1330 456 1367 477 ac
1396 444 1560 487 potestatis
1591 443 1790 486 plenitudine

1047 499 1204 532 similibus
1225 509 1282 542 per
1302 503 1484 541 praesentes
1510 496 1740 529 committimus
1761 502 1792 528 et

1048 552 1248 591 mandamus,
1264 556 1420 594 quatenus
1438 549 1504 593 ipse
1518 559 1574 592 per
1587 559 1619 581 se
1630 549 1677 581 vel
1693 548 1790 580 alium

1047 616 1102 638 seu
1133 605 1222 645 alios,
1256 605 1384 637 easdem
1414 608 1597 647 praesentes
1626 608 1656 635 et
1685 602 1717 634 in
1747 601 1792 634 eis

1048 664 1196 691 contenta
1218 668 1440 701 quaecumque
1470 656 1656 690 solemniter
1686 655 1792 699 publi-

1049 722 1139 749 cans,
1163 717 1191 744 et
1214 712 1312 744 Rotae
1330 722 1365 743 ac
1395 711 1462 743 eius
1488 710 1688 743 auditoribus
1716 720 1792 742 nec-

1049 775 1113 797 non
1131 765 1322 797 officialibus
1351 764 1522 808 praedictis
1554 764 1585 797 in
1610 763 1794 808 praemissis

1050 818 1186 851 efficacis
1215 818 1410 850 defensionis
1440 817 1601 861 praesidio
1631 817 1791 857 assistens,

1051 871 1133 913 ipsas
1153 876 1337 914 praesentes
1354 870 1475 903 litteras
1495 881 1531 903 ac
1543 870 1575 902 in
1587 870 1632 902 eis
1646 874 1795 902 contenta

1050 923 1235 956 huiusmodi
1257 923 1382 956 debitae
1413 923 1591 956 executioni
1624 923 1796 955 demandet

1050 987 1087 1009 ac
1107 976 1315 1016 demandari,
1341 986 1467 1009 necnon
1489 976 1528 1008 ab
1550 976 1611 1008 illis
1631 975 1792 1013 omnibus,

1051 1040 1131 1073 quos
1152 1030 1224 1061 illae
1249 1034 1458 1067 concernunt,
1473 1029 1701 1061 inviolabiliter
1721 1039 1795 1072 per-

1050 1088 1147 1126 petuo
1166 1081 1328 1115 observari
1340 1081 1445 1121 faciat,
1461 1082 1592 1114 mandet
1612 1087 1707 1124 atque
1720 1092 1796 1124 pro-

1052 1141 1150 1168 curet.
1166 1135 1235 1168 Non
1251 1134 1440 1178 permittens
1451 1134 1625 1173 auditores,
1640 1134 1794 1173 notarios,

1052 1199 1200 1222 cursores
1220 1199 1256 1221 ac
1277 1188 1355 1221 alios
1376 1188 1528 1221 officiales
1545 1188 1655 1227 Rotae,
1671 1197 1798 1220 necnon

1052 1242 1200 1275 homines
1227 1241 1411 1285 provinciae
1439 1241 1624 1273 huiusmodi
1661 1241 1800 1283 desuper

1053 1306 1110 1339 per
1130 1305 1353 1339 quoscumque
1381 1300 1492 1327 contra
1516 1293 1734 1337 praesentium
1756 1299 1800 1326 te-

1053 1360 1166 1382 norem
1193 1347 1436 1392 quomodolibet
1458 1347 1600 1380 indebite
1621 1347 1796 1387 molestari,

1054 1402 1237 1446 perturbari
1266 1402 1315 1434 vel
1346 1401 1507 1444 impediri.
1543 1401 1800 1434 Contradictores

1055 1455 1216 1498 quoslibet
1243 1460 1274 1487 et
1300 1454 1437 1487 rebelles
1466 1465 1502 1486 ac
1522 1454 1705 1497 praemissis
1735 1463 1799 1486 non

1056 1514 1215 1552 parentes,
1246 1518 1304 1552 per
1323 1507 1496 1541 sententias
1517 1513 1547 1540 et,
1573 1518 1723 1540 censuras
1748 1518 1800 1540 ec-

1057 1562 1248 1595 clesiasticas
1265 1572 1302 1594 ac
1322 1561 1417 1594 etiam
1439 1561 1640 1605 pecuniarias
1669 1566 1700 1594 et
1723 1561 1801 1594 alias

1058 1626 1178 1659 poenas
1198 1620 1388 1658 caeteraque
1409 1620 1592 1657 opportuna
1612 1614 1689 1647 iuris
1709 1620 1740 1646 et
1758 1614 1802 1646 sa-

1059 1669 1099 1702 cti
1112 1668 1264 1707 remedia,
1280 1667 1496 1711 appellatione
1509 1667 1697 1711 postposita,
1713 1678 1802 1700 com-

1059 1722 1235 1765 pescendo;
1250 1732 1287 1753 ac
1298 1721 1451 1763 legitimis
1465 1731 1561 1764 super
1578 1721 1626 1753 his
1647 1720 1804 1753 habendis

1059 1775 1189 1807 servatis
1209 1774 1423 1817 processibus,
1447 1773 1631 1813 sententias,
1655 1783 1805 1806 censuras

1060 1834 1087 1861 et
1110 1838 1230 1871 poenas
1252 1827 1335 1870 ipsas
1353 1827 1447 1859 etiam
1469 1827 1589 1859 iteratis
1609 1826 1731 1859 vicibus
1752 1837 1806 1869 ag-

1060 1881 1233 1923 gravando,
1255 1881 1401 1913 invocato
1420 1880 1516 1912 etiam
1534 1880 1574 1912 ad
1595 1879 1667 1919 hoc,
1682 1880 1707 1912 si
1725 1890 1806 1923 opus

1061 1934 1167 1973 fuerit,
1188 1934 1306 1967 auxilio
1326 1933 1449 1966 brachii
1467 1933 1651 1966 saecularis.

1106 1990 1122 2030 ξ
1146 1986 1193 2020 10.
1224 1988 1293 2020 Non
1323 1986 1523 2019 obstantibus
1542 1986 1738 2029 praemissis,
1770 1997 1806 2019 ac

1062 2039 1345 2074 constitutionibus
1377 2045 1405 2072 et
1438 2038 1695 2071 ordinationilms
1728 2049 1806 2082 apo-

1062 2094 1195 2133 stolicis,
1220 2104 1346 2126 necnon
1372 2093 1522 2126 Gamerae
1549 2098 1577 2125 ct
1609 2092 1804 2135 provinciae,

1063 2148 1226 2181 civitatum
1253 2154 1284 2180 et
1311 2148 1470 2187 locorum,
1495 2146 1590 2179 etiam
1612 2146 1805 2186 iuramento,

1064 2201 1310 2234 confirmatione
1328 2199 1505 2244 apostolica
1516 2200 1564 2232 vel
1578 2199 1689 2243 quavis
1710 2199 1810 2232 sirmi-

1066 2260 1128 2287 tatc
1155 2254 1216 2286 alia
1236 2253 1406 2293 roboratis,
1437 2252 1573 2291 statutis,
1598 2252 1807 2285 consuetudi-

1064 2309 1158 2341 nibus
1189 2319 1224 2341 ac
1256 2308 1367 2340 usibus
1396 2312 1427 2339 et
1465 2306 1605 2347 naturis,
1636 2306 1810 2350 privilegiis

1066 2370 1210 2404 quoquc,
1243 2358 1372 2391 indultis
1405 2363 1435 2391 et
1463 2357 1577 2390 litteris
1608 2357 1807 2401 apostolicis,

1067 2413 1162 2446 etiam
1193 2412 1254 2445 illis
1284 2423 1320 2444 ac
1340 2411 1504 2455 quibusvis
1531 2411 1752 2455 superioribus
1781 2416 1812 2443 et

1067 2466 1222 2510 personis,
1240 2466 1299 2498 sub
1321 2465 1579 2508 quibuscumque
1598 2465 1763 2497 tenoribus
1776 2475 1812 2496 ac

1069 2519 1191 2557 formis,
1207 2530 1243 2551 ac
1263 2529 1337 2551 cum
1355 2518 1519 2561 quibusvis
1539 2517 1690 2550 clausulis
1708 2523 1738 2549 et
1759 2517 1813 2549 de-

1069 2572 1173 2612 cretis,
1198 2571 1295 2604 etiam
1313 2576 1404 2604 motu
1421 2571 1490 2614 pari
1516 2582 1552 2603 ac
1572 2570 1650 2603 alias
1671 2570 1702 2602 in
1731 2579 1810 2602 con-

1070 2625 1204 2658 trarium
1216 2623 1462 2668 quomodolibet
1482 2623 1670 2656 facientibus
1687 2633 1723 2654 ac
1736 2632 1814 2654 con—

1071 2678 1176 2719 cessis,
1210 2676 1408 2711 confirmatis
1435 2682 1465 2710 et
1493 2675 1660 2710 innovatis.
1695 2674 1816 2714 Quibus

1689 281 1753 314 449
1800 291 1848 317 An.
1871 290 1900 318 c.
1920 291 1982 318 1591

1848 1987 1957 2009 Clausulas
1971 1987 2006 2007 de·

1821 2015 1940 2038 rnnatorias
1959 2014 2007 2034 sub—

1822 2042 1874 2062 iicit.
