2226 3070
93 302 144 331 An.
161 302 190 330 C.
208 302 272 330 1587

132 1540 268 1562 Praevenitus

82 1571 149 1591 dictas
157 1571 269 1593 facultates

84 1604 193 1629 prorogari
204 1603 236 1624 ul
247 1604 266 1624 ln

83 1637 208 1661 perpetuum
217 1641 267 1656 con-

83 1667 129 1686 cern
146 1666 207 1691 petit.

111 2238 265 2263 Quarumcum-

81 2274 121 2294 que
144 2268 265 2289 tacunarum

81 2299 183 2319 terminon
216 2305 266 2325 pro-

82 2333 140 2356 rogat
155 2329 232 2351 Sinus.

946 302 1050 326 SlXTUS
1069 302 1087 325 V
1107 302 1155 325 PP.

289 354 359 386 aliis
389 354 558 387 contrariis
581 365 786 398 nequaquam
822 354 1034 395 obstantibus,

290 407 534 440 matrimonium
556 408 761 449 contrahere,
777 414 807 441 et
825 408 856 440 in
879 408 959 441 facie
983 409 1034 441 Ee-

289 460 404 494 clesiae
424 462 647 502 solemnizare,
677 462 741 494 sive
770 461 795 494 si
816 461 879 494 iam
900 462 1037 494 scienter

290 514 378 547 etde
399 514 482 548 facto
507 515 750 555 contraxissent,
776 515 883 548 denuo
913 521 1037 548 contra-

290 568 378 608 here,
401 573 432 601 et
452 573 561 611 postea
582 568 636 600 illa
652 567 771 601 carnali
789 568 905 612 copula
921 579 1037 601 consu-

289 631 389 661 mare3
407 626 438 654 et
454 621 485 653 in
506 621 562 660 eis,
579 621 686 664 quoad
699 621 843 660 vixerint,
858 631 1035 661 remanere,

288 685 325 706 ae
341 674 606 707 denunciationes
625 674 657 706 in
678 673 820 707 ecclesiis
840 678 870 706 et
890 673 966 706 alias
982 684 1036 706 ex-

287 727 442 760 trinsecas
461 726 680 760 solemnitates
699 738 736 760 ac
748 727 968 760 caeremonias
989 738 1037 760 re-

287 781 431 824 quisitas,
455 791 527 813 cnm
560 780 591 813 id
624 780 713 813 vobis
734 780 882 825 expedire
903 786 959 813 aut
983 791 1037 813 ne-

288 834 462 868 cessarium
479 845 547 867 esse
558 834 659 868 visum
674 835 778 875 fuerit,
795 834 827 868 in
841 835 1035 867 contrahen-

287 888 336 920 dis
358 887 571 921 matrimoniis
591 898 723 932 prorsus
736 888 885 921 omittere
898 889 1033 927 valeant,

286 941 383 984 gratis
409 941 628 985 dispensandi,
657 941 845 981 dummodo,
865 942 971 985 quoad
991 942 1036 974 fo-

288 1006 358 1028 rum
390 995 641 1036 contentiosum,
669 995 856 1029 huiusmodi
885 995 1035 1028 facultate

288 1060 352 1082 non
373 1049 451 1082 alias
473 1048 658 1089 uteremini,
681 1049 742 1081 nisi
764 1050 795 1081 in
812 1049 892 1082 loeis
912 1055 942 1081 et
962 1059 1035 1093 pro—

289 1103 400 1136 vinciis
433 1102 672 1136 ordinariorum
701 1102 881 1146 praesentia
902 1102 1035 1135 destitu-

288 1156 337 1197 tis,
360 1157 407 1189 vel
428 1156 467 1189 ab
487 1156 532 1189 eis
552 1166 617 1189 non
639 1156 746 1189 minus
770 1156 945 1189 ducentum
966 1155 1035 1188 mil-

286 1210 371 1243 libus
398 1221 549 1254 passuum
581 1209 732 1249 remotis;
764 1210 955 1253 prolemque
984 1220 1035 1242 su-

285 1268 427 1308 sceptam
459 1269 487 1297 et
517 1262 755 1307 suscipiendam
785 1263 961 1307 legitimam
982 1263 1035 1296 de-

285 1317 453 1357 cernendi,
477 1316 662 1349 facultatem
687 1321 734 1350 est
754 1316 919 1359 elargitus,
938 1322 1032 1360 prout

285 1371 316 1404 in
337 1370 470 1403 diversis
481 1371 671 1403 eorumdem
686 1370 971 1414 praedecessorum
985 1370 1035 1403 lit-

286 1424 361 1458 teris
378 1424 474 1459 latius
491 1424 687 1458 continetur.

330 1479 345 1522 ἓ
365 1478 418 1511 110.
439 1478 517 1511 Cum
539 1477 878 1517 auteni,sicuteadem
900 1478 1034 1511 subiun-

283 1533 378 1575 gebat
397 1531 564 1576 expositio,
595 1542 710 1564 causae
736 1532 855 1564 multae
882 1532 983 1566 iustae
1003 1538 1035 1565 et

284 1585 504 1625 rationabiles,
523 1591 656 1629 propter
675 1585 949 1628 qnashniusmodi
964 1597 1034 1629 gra-

283 1639 345 1673 tiae
376 1650 393 1672 a
422 1638 723 1683 praedecessoribus
756 1639 873 1672 nostris
902 1651 1033 1673 emana-

283 1699 370 1734 runt,
389 1693 495 1726 adhuc
511 1693 648 1735 vigeant,
662 1698 690 1725 et
711 1693 799 1725 valde
812 1693 956 1737 expediat
971 1705 1032 1733 eas,

282 1758 366 1791 quae
383 1748 423 1780 ad
444 1752 572 1791 tempus
592 1758 763 1780 concessae
778 1752 864 1787 sunt,
886 1748 924 1780 ad
945 1748 1031 1781 aliud

283 1802 410 1846 longius
431 1807 557 1844 tempus
582 1800 764 1844 prorogari3
791 1801 931 1844 reliquas
958 1813 1032 1835 vcro

282 1860 441 1899 perpetuo
459 1855 505 1887 vel
519 1854 557 1887 ad
574 1854 812 1898 beneplacitum
832 1855 1029 1898 impetratas,

281 1920 339 1953 pro
360 1920 471 1941 earum
494 1908 607 1941 maiori
626 1908 799 1948 validitate,
813 1909 906 1941 etiam
925 1910 1031 1943 denuo

279 1963 470 1996 auctoritate
491 1968 600 1995 nostra
620 1962 779 2002 roborari;
797 1968 1032 2007 proptereano-

280 2016 328 2048 bis
340 2016 505 2049 humiliter
521 2015 696 2060 supplicari
714 2015 832 2049 fecistis
846 2021 879 2048 ut.
891 2016 921 2048 in
941 2028 1032 2060 prae-

280 2070 384 2103 missis
412 2075 594 2113 opportune
625 2069 794 2112 providere
822 2070 860 2102 de
881 2071 1030 2113 benigni-

279 2128 341 2156 tate
362 2123 539 2167 apostolica
559 2123 780 2166 dignaremur.

323 2178 338 2220 §
359 2177 413 2210 111.
439 2177 503 2210 Nos
516 2177 635 2221 itaque,
650 2183 792 2209 vestrum
812 2177 843 2210 in
856 2177 1030 2211 clu‘istiana

280 2231 436 2274 religione
453 2231 492 2264 ad
508 2237 632 2264 exteras
647 2236 678 2264 et
692 2231 921 2264 remotissimas
933 2232 1031 2265 natio-

280 2296 335 2317 nes
356 2285 564 2329 propaganda
576 2284 665 2329 pium
678 2291 708 2318 et
725 2284 910 2327 religiosum
927 2286 1029 2318 zelum

279 2349 315 2370 ac
335 2338 481 2371 sedulam
500 2349 630 2382 operam
648 2339 825 2381 plurimum
844 2338 875 2370 in
895 2339 1030 2372 Domino

279 2393 564 2432 commendantes,
598 2392 709 2425 vestris
740 2392 1031 2436 supplicationiluis

280 2445 438 2486 inclinati,
462 2445 639 2488 privilegia,
663 2446 829 2478 facultates
850 2451 881 2479 et
905 2446 1030 2480 indulta

280 2494 443 2538 praedicta
474 2495 659 2538 litterasque
686 2495 826 2538 desuper
854 2496 1028 2537 confectas,

279 2555 417 2587 quarum
440 2549 567 2577 tenores
596 2544 821 2587 praesentibus
841 2544 959 2576 babere
979 2555 1031 2577 vo-

280 2595 389 2627 lumus
424 2605 482 2638 pro
512 2594 688 2638 expressis,
718 2604 755 2627 ac
790 2593 862 2626 inde
896 2600 1031 2637 sequuta

279 2654 518 2686 quaecumque,
549 2643 739 2677 auctoritate
763 2643 952 2687 apostolica,
987 2649 1031 2676 te-

280 2703 358 2726 nore
381 2692 608 2736 praesentium,
627 2693 847 2737 approbamus
863 2698 895 2726 et
911 2694 1029 2726 contir-

1720 291 1782 326 267

1080 365 1216 394 mamus,
1237 354 1362 396 illisque
1382 353 1577 397 apostolicae
1597 354 1758 387 firmitatis
1776 366 1827 387 ro-

1079 408 1140 440 bur
1163 407 1347 447 adiicimus,
1376 418 1477 450 eaque
1498 407 1606 439 onmia
1640 412 1670 440 et
1703 407 1828 449 singula

1080 462 1256 504 praesentis
1269 461 1377 504 scripti
1387 460 1565 505 patrocinio
1577 471 1682 493 comm
1689 461 1827 501 unimus,

1079 515 1265 558 supplentes
1285 525 1397 547 omnes
1417 519 1445 547 et
1463 524 1685 558 quoscumque
1704 514 1782 547 iuris·
1799 519 1827 546 et

1079 569 1153 601 sacti
1175 580 1210 601 ac
1231 568 1457 602 substantiales
1477 568 1642 609 defectus,
1665 568 1689 600 si
1710 568 1765 611 qui
1797 568 1827 599 in

1078 622 1264 655 huiusmodi
1278 622 1556 666 impetrationibus
1571 621 1826 661 intervenissent,

1078 680 1108 708 et
1125 676 1231 718 quoad
1251 687 1286 709 ea
1311 687 1394 719 quae
1415 675 1453 709 ad
1474 681 1562 709 certa
1586 681 1732 719 tempora
1753 686 1828 708 con-

1079 738 1166 761 cessa
1187 729 1331 768 fuerunt,
1361 734 1507 772 tempora
1528 729 1596 773 ipsa
1617 729 1647 761 in
1668 729 1713 761 eis
1733 740 1826 772 prae-

1079 781 1139 814 lixa
1160 782 1198 815 ad
1219 782 1306 815 aliud
1328 782 1532 823 decennium,
1551 794 1566 815 a
1588 784 1652 816 tine
1674 783 1827 827 temporis

1078 835 1257 878 unicuique
1283 848 1319 869 ex
1349 836 1611 869 concessionibus
1639 836 1825 869 huiusmodi

1079 889 1287 933 praescriptis
1306 890 1559 929 numerandum,
1582 889 1775 923 auctoritate
1797 894 1827 922 ct

1079 946 1188 974 tenore
1215 942 1410 985 praemissis,
1434 942 1636 975 extendimus
1660 954 1696 975 ac
1715 954 1828 986 proro-

1077 1005 1201 1038 gamus,
1224 1007 1261 1028 ac
1282 1001 1344 1028 tam
1375 995 1429 1028 illa
1449 1007 1546 1039 quam
1578 996 1639 1028 alia
1668 997 1774 1029 omnia
1796 1003 1827 1029 et

1077 1060 1303 1092 quaecumque
1319 1049 1503 1093 supradicta
1521 1049 1559 1081 ‹le
1586 1060 1667 1082 novo
1688 1061 1825 1093 pereas-

1077 1102 1149 1134 dem
1172 1108 1368 1146 praesentes,
1397 1108 1556 1146 quatenus
1571 1113 1653 1147 opus
1677 1103 1729 1142 sit,
1752 1115 1826 1137 con-

1077 1155 1222 1189 cedimus
1242 1161 1272 1189 et
1285 1157 1502 1199 indulgemus.

1121 1210 1136 1253 g
1162 1209 1214 1243 12.
1238 1210 1415 1249 Postremo,
1436 1215 1471 1242 ut
1491 1210 1717 1244 christifideles
1737 1222 1775 1244 eo
1796 1222 1825 1244 e-

1078 1262 1152 1295 tiam
1180 1263 1354 1297 ferventius
1374 1264 1520 1296 infideles
1542 1264 1580 1296 ad
1602 1270 1748 1297 sanctum
1771 1265 1827 1297 Ba-

1076 1316 1184 1360 ptismi
1205 1317 1366 1350 lavacrum
1383 1317 1526 1356 invitent,
1541 1328 1606 1360 quo
1624 1329 1659 1350 ex
1674 1317 1735 1350 boc
1756 1329 1827 1351 coe,-

1076 1370 1163 1403 lestis
1190 1371 1275 1403 dono
1304 1370 1424 1414 gratiae
1459 1370 1605 1403 noverint
1636 1382 1668 1404 se
1694 1371 1827 1404 uberius

1077 1435 1144 1458 esse
1169 1425 1304 1458 refectos
1321 1452 1328 1465 ,
1355 1425 1547 1457 recolendae
1574 1424 1750 1458 memoriae
1780 1425 1825 1458 Pii

1076 1478 1180 1522 Papae
1211 1479 1259 1518 IV,
1287 1478 1386 1511 nostri
1420 1478 1516 1511 etiam
1553 1478 1823 1521 praedecessoris,

1076 1531 1130 1575 qui
1151 1532 1288 1565 similem
1311 1531 1546 1574 indulgentiam
1568 1532 1606 1564 ad
1620 1538 1743 1565 certum
1765 1533 1825 1565 iam

1076 1585 1200 1630 pridem
1222 1587 1366 1629 elapsum
1395 1591 1521 1629 tempus
1542 1585 1710 1625 concessit,
1733 1587 1825 1619 vesti-

1075 1639 1135 1681 giis
1160 1639 1192 1671 in
1212 1639 1272 1671 hac.
1298 1644 1388 1682 parte
1420 1638 1638 1679 inhaerentes,
1660 1639 1699 1672 de
1720 1640 1825 1673 omni-

1076 1693 1214 1737 potentis
1246 1693 1298 1725 Dei
1324 1692 1557 1731 misericordia,
1589 1704 1626 1725 ac
1658 1693 1824 1726 beatorum

1076 1747 1159 1779 Petri
1176 1752 1206 1780 et
1230 1746 1319 1779 l‘auli
1345 1747 1567 1790 aliostolorum
1593 1746 1661 1779 eius
1682 1748 1824 1780 auctori-

1076 1807 1137 1834 tate
1162 1801 1286 1841 conlisi,
1305 1794 1470 1833 ¹universis
1495 1805 1526 1833 et
1544 1800 1678 1843 singulis
1698 1802 1825 1835 christi-

1075 1854 1227 1887 fidelibus
1253 1855 1283 1887 in
1304 1854 1452 1898 partibus
1475 1854 1636 1886 hidiarum
1658 1866 1729 1888 vere
1752 1868 1826 1899 poc-

1074 1909 1252 1942 nitentibus
1265 1914 1294 1942 et
1315 1908 1479 1947 confessis,
1499 1919 1536 1941 ac
1555 1908 1756 1942 sanctissimo
1769 1910 1827 1942 Eu-

1074 1962 1244 1996 charistiae
1264 1962 1472 1995 Sacramento
1492 1962 1631 2002 refectis,
1649 1963 1773 2004 quoties
1793 1974 1826 1995 a-

1074 2017 1193 2060 liquem
1213 2028 1249 2049 ex
1266 2016 1447 2049 inlideliact
1461 2017 1500 2049 ab
1513 2016 1694 2049 idololatria
1706 2017 1744 2049 ad
1762 2018 1826 2050 veri

1074 2070 1127 2103 Dei
1157 2070 1372 2113 cognitionem
1408 2076 1504 2113 atque
1536 2070 1660 2102 cultum
1695 2071 1828 2104 reduxe-

1075 2125 1150 2164 rint,
1173 2124 1266 2156 toties
1283 2123 1515 2166 indulgentiam
1535 2123 1827 2166 plcnariametsin-

1073 2178 1224 2220 gulorum
1248 2182 1456 2220 peccatorum
1483 2187 1618 2209 suorum
1648 2177 1825 2210 absolutio-

1073 2242 1146 2263 nem
1160 2236 1187 2264 et
1200 2231 1421 2263 remissionem
1433 2241 1560 2263 necnon
1574 2230 1749 2263 iubilaeum
1761 2232 1825 2275 ple-

1074 2285 1214 2323 narium,
1247 2284 1436 2317 auctoritate
1449 2284 1639 2333 apostolica,
1652 2289 1824 2318 tenorcea-

1074 2339 1220 2371 rumdem
1253 2337 1490 2381 praesentium,
1515 2337 1767 2371 misericorditer
1792 2339 1824 2371 in

1073 2392 1209 2424 Domino
1225 2391 1433 2424 concedimus
1453 2396 1484 2424 et
1503 2391 1690 2434 elargimur,
1713 2392 1823 2424 iniun-

1073 2451 1122 2478 cta
1143 2446 1250 2489 aliqua
1279 2445 1451 2477 arbitraria
1481 2455 1538 2488 per
1559 2446 1759 2478 confessores
1778 2457 1825 2478 sa-

1074 2494 1168 2527 lutari
1183 2493 1394 2538 poenitentia,
1413 2504 1510 2537 super
1527 2494 1732 2537 quoillorum
1749 2505 1824 2526 con-

1072 2544 1223 2577 scientias
1243 2554 1427 2576 oneramus.
1455 2543 1642 2576 Praesentes
1662 2555 1753 2587 quas,
1774 2549 1823 2576 ut-

1073 2600 1146 2637 pote
1167 2594 1204 2627 ad
1226 2594 1420 2627 christianae
1454 2593 1620 2636 religionis
1649 2604 1824 2636 augumen-

1074 2649 1153 2683 tum,
1173 2648 1203 2676 et
1223 2643 1255 2676 in
1276 2643 1421 2687 partibus
1438 2643 1477 2675 ab
1497 2643 1580 2676 Urbe
1601 2648 1646 2675 tot
1662 2642 1821 2675 mensium

1073 2692 1193 2726 diflicili
1215 2704 1251 2726 ac
1264 2692 1446 2737 periculosa
1463 2692 1665 2737 navigatione
1677 2691 1820 2732 remotis,

1842 300 1893 328 An.
1911 301 1940 330 C.
1960 302 2024 329 1587

1856 1225 1911 1245 ludis
1921 1232 1970 1246 vero
1987 1229 2020 1253 qui

1842 1262 1965 1283 quemquam

2000 1260 2023 1278 ad

1842 1289 1978 1308 christianam
1995 1290 2020 1309 ti—

1843 1320 1888 1339 dem
1904 1320 2021 1344 adduxerit,

1843 1350 1957 1375 plenariam
1990 1352 2023 1371 in-

1842 1382 1968 1407 dulgentiam
1994 1388 2020 1402 e-

1842 1413 1937 1439 largitur.
