2226 3070
255 289 304 316 An.
325 287 435 315 c.1591

284 559 382 585 Episcopi
392 565 439 579 con·

257 587 325 613 questi
342 588 387 606 suut
405 592 441 611 ap-

257 615 389 639 pellatumcm
404 612 439 631 ‹la-

258 646 274 660 11
288 643 350 660 etlam
363 646 381 658 111
393 645 440 658 cmii-

256 669 375 686 cernentem
394 671 439 685 cor·-

256 696 370 713 recttuiwm
398 698 440 711 mo·

257 726 308 741 rum.
326 722 360 739 alr.

301 983 438 1008 [Ilm-gregatim

257 1017 319 1036 nuper
346 1015 440 1033 negociis

258 1038 313 1062 Epis.
343 1040 361 1056 et
390 1036 439 1060 Regi

258 1065 324 1084 Rotae
336 1063 432 1083 inhibuit.

287 1570 365 1590 Ciiilas
374 1568 442 1589 Macc-

260 1597 348 1617 ratensis
364 1596 390 1615 ail
404 1596 442 1615 Pa-

261 1630 308 1649 pam
323 1623 397 1643 babuit
412 1628 443 1642 re-

260 1656 348 1670 cursum.

334 2368 372 2391 Qut
388 2368 449 2387 111ιί1111

267 2395 333 2415 llatae
364 2395 449 2414 luculla-

266 2425 307 2441 tem
345 2423 450 2445 1υ<11111μ11

268 2448 336 2474 quoad
344 2448 409 2467 dictas
416 2454 451 2473 ap-

267 2476 397 2501 pellatiunes.

483 277 547 311 448

453 336 689 379 gravaminibus
710 346 767 379 per
791 334 957 378 episcopos
984 333 1086 366 dictae
1116 344 1192 376 pro-

453 389 575 422 vinciae
602 389 707 426 illatis,
739 387 914 431 procedere
935 397 971 419 ac
1000 386 1193 419 iurisdictio-

454 454 527 475 nem
549 443 666 475 habere
687 447 825 484 possent.

499 497 515 533 Ε
529 494 558 527 3.
574 495 714 537 Cumque
732 493 839 533 vig-ore
853 503 908 525 seu
924 497 1086 536 praetextu
1106 492 1193 524 istius

454 547 620 583 facultatis,
637 546 833 578 venerabiles
854 546 965 577 fratres
986 545 1126 588 episcopi
1145 545 1193 577 di-

456 607 522 633 ctae
543 600 723 644 provinciae
750 599 915 642 conquesti
950 599 1075 635 luerint,
1100 609 1193 641 prae-

456 655 554 687 dictos
572 654 743 689 auditores,
759 652 852 685 etiam
868 653 899 684 in
912 652 1014 685 causis
1034 653 1072 684 ad
1089 653 1192 684 forum

455 707 702 740 ecclesiasticum
743 705 958 749 spectantibus
1002 715 1193 748 morumque

455 760 685 793 correctionem
706 759 983 795 concernentiljms,
1007 769 1043 791 ac
1072 758 1103 790 in
1133 758 1193 790 illis

454 814 485 846 in
507 813 621 857 quibus
642 813 847 856 appellationi
873 812 1076 856 suspensivae
1106 813 1193 845 locus

453 878 517 900 non
538 873 595 904 est,
618 866 819 910 processisse.

499 923 514 963 Ε
535 921 565 953 4.
590 922 632 954 Ac
650 921 796 964 proinde,
819 920 928 952 habito
958 930 1016 963 pro
1038 925 1127 963 parte
1148 919 1194 952 di-

455 981 579 1007 ctorum
599 974 824 1017 episcoporum
846 983 978 1005 recursu
992 973 1031 1005 ad
1054 973 1193 1012 Congre—

454 1028 615 1071 gallonem
645 1027 875 1060 venerabilium
905 1028 1038 1059 fratrum
1068 1032 1193 1060 nostro-

454 1092 525 1113 rum
543 1087 669 1114 sanctae
689 1082 850 1114 Romanae
867 1080 1026 1113 Ecclesiae
1047 1080 1193 1112 cardina-

455 1135 531 1168 lium
564 1146 660 1178 super
681 1135 822 1176 negociis
843 1135 1066 1178 episcoporum
1093 1134 1193 1177 depu-

456 1195 605 1227 tatorum,
623 1189 742 1222 litteras
760 1199 871 1221 eorum
889 1188 1031 1224 nomine,
1047 1187 1141 1220 etiam
1157 1188 1194 1219 de

456 1243 606 1275 mandato
622 1248 730 1275 nostro
749 1242 902 1279 decretas,
917 1241 1124 1277 obtinuerint,
1140 1252 1196 1284 per

456 1307 533 1339 quas
554 1296 752 1328 auditoribus
771 1295 983 1327 mandabatur
996 1305 1035 1326 ne
1054 1294 1083 1326 in
1106 1304 1196 1336 prae-

457 1350 547 1382 dictis
579 1356 606 1381 et
648 1349 716 1382 aliis
746 1349 970 1393 episcoporum
1008 1348 1194 1381 eorumdem

457 1403 559 1436 causis
581 1404 802 1446 procederem,
827 1408 922 1446 prout
946 1402 977 1434 in
998 1401 1130 1442 singulis
1149 1401 1197 1433 lit—

458 1456 532 1489 teris
552 1456 723 1499 praedictis
743 1456 869 1499 plenius
887 1456 1077 1488 continetur.

503 1512 519 1549 Ε
541 1510 570 1542 5.
595 1510 723 1547 Verum,
748 1509 826 1542 sicut
848 1509 940 1542 nobis
970 1514 1080 1552 postea
1106 1508 1197 1540 inno-

458 1564 528 1601 tuit,
557 1569 584 1596 et
616 1563 721 1596 dilecti
752 1563 806 1595 lilii
839 1562 985 1595 homines
1016 1561 1198 1605 provinciae

459 1617 630 1655 Marchiam
665 1628 789 1650 necnon
822 1617 1035 1650 communitas
1066 1616 1199 1648 civitatis

459 1670 678 1703 Maceratensis
710 1670 957 1713 praedictarum,
980 1680 1038 1712 per
1068 1669 1200 1701 dilectos

459 1724 542 1756 filios
558 1724 722 1756 Phoebum
744 1724 940 1761 Rotundum,
961 1723 1154 1767 provinciae,
1171 1729 1198 1755 et

460 1779 632 1812 Antonium
654 1779 858 1812 Franciscum
879 1779 1087 1818 Pellicanum,
1108 1777 1201 1810 Nico-

460 1834 545 1866 laum
566 1833 792 1870 lla-*reolanuun
821 1838 849 1864 et
882 1832 1085 1865 Volumnium
1107 1831 1199 1863 Picu-

463 1887 561 1924 tium,
602 1886 735 1919 civitatis
766 1886 987 1918 Mac-eratensis
1018 1884 1198 1917 huiusmodi

461 1946 614 1976 oratores,
639 1941 676 1973 ad
698 1940 924 1979 gratulandum
942 1939 1034 1971 nobis
1054 1949 1090 1971 ae
1108 1949 1199 1981 prae-

461 1996 605 2028 standam
628 1995 766 2027 debitam
786 1994 999 2027 obedientiam
1014 1993 1197 2031 destinatos,

462 2059 542 2091 quos
571 2048 705 2080 libenter
733 2048 930 2086 audivimus⁷
963 2046 1056 2079 nobis
1085 2046 1199 2089 exponi

462 2103 621 2140 lecerunt,
658 2101 778 2134 litteras
808 2101 910 2134 dictae
941 2100 1201 2142 (longi-seationis

464 2155 537 2198 ipsis
557 2161 584 2187 et
608 2155 769 2198 praedicto
792 2154 939 2186 tribunali
970 2164 1005 2186 ae
1031 2153 1201 2196 privilegiis

464 2214 491 2240 et
522 2208 723 2240 facultatibus
753 2207 836 2239 illius
857 2207 1015 2239 iudicibus
1045 2206 1202 2238 concessis

464 2272 557 2302 grave
579 2262 731 2293 damnum
754 2266 779 2293 et
803 2260 1036 2304 praeiudicium
1056 2259 1180 2291 inl'errc.

509 2316 525 2355 Ε
546 2315 575 2346 ts.
594 2314 714 2346 ltlcirco
735 2324 803 2350 nos,
821 2314 936 2356 quilius
951 2313 981 2344 in
995 2313 1107 2356 primis
1118 2306 1201 2344 seni-

465 2378 521 2410 per
541 2367 628 2399 cordi
661 2367 713 2399 l'uit
737 2366 886 2399 iustitiam
908 2366 1081 2409 unicuique
1102 2377 1202 2408 aequa

466 2421 555 2453 lance
575 2421 808 2458 administrare,
838 2432 873 2453 ac
894 2421 1117 2464 episcopoiwun
1147 2421 1202 2452 de-

467 2474 531 2506 cori
553 2474 645 2505 simul
668 2479 693 2506 et
717 2484 892 2517 pauperum
923 2473 1122 2505 subditorum
1145 2484 1202 2505 no-

466 2533 603 2560 strorum
625 2527 803 2559 commodis
823 2533 850 2559 et
876 2527 1001 2559 utilitati
1023 2527 1199 2564 consulere„

467 2581 536 2613 lites
556 2586 582 2613 et
603 2580 805 2618 dill'erentias,
830 2591 911 2623 quae
932 2580 1098 2612 occasione
1121 2580 1202 2612 litte-

466 2645 573 2666 rarum
596 2633 775 2678 praedictae
799 2633 1059 2675 Congregationis
1088 2633 1202 2665 exoriri

466 2694 606 2731 possent,
630 2687 813 2731 praecidere
842 2698 958 2730 easque
989 2687 1147 2720 moderari
1174 2692 1201 2719 et

1032 285 1213 309 BULLARIUM
1233 285 1385 309 ROMANUM

1226 333 1398 373 elucidare,
1421 343 1457 365 ac
1478 333 1554 365 alias
1568 333 1598 365 in
1616 333 1797 376 praemissis
1814 333 1963 366 omnibus

1227 388 1265 420 de
1286 392 1468 431 opportuno
1488 387 1632 419 remedio
1652 386 1821 419 salubriter
1846 393 1876 419 et
1895 398 1963 420 ma-

1227 446 1296 472 ture
1326 440 1494 483 providere
1523 440 1682 477 volentes,
1715 450 1750 472 ac
1786 439 1962 472 litterarum

1228 494 1414 526 earumdem
1433 500 1559 526 tenores
1572 493 1792 537 praesentibus
1804 503 1861 536 pro
1872 494 1964 536 plene

1228 552 1255 579 et
1277 546 1471 579 sufficienter
1500 547 1654 590 expressis
1683 547 1846 584 babentes,
1877 552 1964 579 motu

1227 600 1369 643 proprio,
1393 611 1457 633 nou
1479 601 1516 633 ad
1543 600 1709 633 hominum
1738 606 1789 632 aut
1820 611 1965 632 commu—

1228 653 1333 686 nitatis
1344 654 1392 686 vel
1410 659 1573 686 oratorum
1592 653 1827 696 praedictorum
1840 664 1895 685 seu
1909 653 1966 685 ali-

1228 706 1318 739 cuius
1339 707 1481 750 ipsorum
1503 712 1557 740 aut
1583 706 1720 739 cuiusvis
1739 717 1794 739 seu
1813 716 1966 749 quorum-

1227 760 1272 793 vis
1304 761 1440 793 aliorum
1462 771 1519 804 pro
1549 760 1594 793 eis
1623 771 1718 804 super
1750 760 1810 792 hoe
1842 759 1967 791 oblatae

1227 814 1388 857 petitionis
1409 815 1602 851 instantiam„
1617 815 1672 848 sed
1690 815 1728 847 de
1747 824 1834 847 mera
1854 813 1968 846 volun-

1228 874 1289 900 tate
1311 874 1338 901 et
1361 874 1485 901 matura
1516 869 1745 902 deliberatione
1769 879 1805 901 ac
1826 879 1862 901 ex
1883 873 1968 901 certa

1227 921 1358 954 scientia
1378 927 1497 959 nostra,
1522 922 1624 965 deque
1655 921 1848 965 apostolicae
1877 926 1968 965 pote-

1228 975 1314 1008 statis
1334 975 1547 1018 plenitudine,
1572 975 1760 1008 auctoritate
1781 974 1965 1019 apostoliea,

1230 1034 1337 1061 tenore
1355 1028 1582 1071 praesentium,
1598 1028 1800 1061 decernimus
1812 1033 1843 1060 et
1862 1028 1968 1060 deela-

1228 1092 1336 1114 ramus
1356 1082 1528 1115 modernos
1549 1087 1577 1114 et
1599 1092 1656 1125 pro
1673 1087 1816 1125 tempore
1832 1081 1968 1114 existen-

1229 1141 1274 1167 tes
1295 1135 1456 1168 auditores
1483 1136 1580 1168 Rotae
1612 1146 1647 1167 ac
1677 1134 1845 1168 tribunalis
1873 1133 1969 1167 totius

1229 1188 1410 1232 provinciae
1424 1188 1580 1221 Mai-chiae
1598 1188 1793 1225 huiusmodi,
1809 1187 1903 1220 etiam
1923 1187 1969 1220 vi-

1230 1253 1305 1284 gore
1335 1242 1491 1274 dictarum
1522 1241 1698 1274 litterarum
1730 1241 1806 1274 Sixti
1834 1241 1969 1284 praede-

1231 1296 1363 1329 cessoris
1383 1296 1494 1333 nostri,
1510 1307 1620 1328 causas
1638 1295 1887 1339 appellationum
1914 1305 1970 1327 seu

1231 1362 1377 1383 recursus
1398 1356 1425 1383 et
1448 1351 1604 1394 querelas,
1628 1361 1709 1394 quae
1735 1350 1773 1382 ab
1796 1349 1971 1383 Ordinariis

1232 1405 1376 1437 locorum
1398 1404 1499 1436 dictae
1521 1404 1713 1448 provinciae,
1731 1403 1814 1436 circa
1832 1413 1868 1435 ea
1890 1413 1971 1445 quae

1231 1458 1389 1501 pertinent
1409 1458 1447 1490 ad
1465 1457 1675 1490 visitationem
1690 1462 1742 1489 aut
1758 1467 1883 1489 morum
1899 1466 1970 1489 cor-

1232 1511 1418 1549 rectionem,
1443 1510 1700 1554 interponuntur,
1716 1519 1920 1552 cognoscere,
1936 1520 1971 1541 ae

1233 1564 1327 1597 etiam
1350 1564 1380 1596 in
1402 1564 1438 1596 iis
1459 1564 1595 1601 casibus,
1611 1563 1642 1596 in
1664 1563 1779 1607 quibus
1792 1563 1830 1595 ab
1843 1573 1971 1595 eorum-

1234 1617 1305 1649 dem
1327 1617 1571 1650 Ordiuariorum
1594 1616 1734 1649 decretis
1765 1626 1820 1648 seu
1841 1615 1973 1648 interlo-

1234 1670 1364 1703 cutoriis
1384 1670 1547 1703 sententiis
1567 1676 1621 1703 aut
1645 1669 1913 1710 ordinationibus,
1937 1680 1973 1702 ex

1235 1725 1337 1757 forma
1357 1734 1521 1757 sacrorum
1540 1734 1699 1756 canonum
1722 1729 1749 1756 et
1772 1724 1972 1756 decretorum

1234 1777 1363 1810 Concilii
1381 1777 1567 1815 Tridentini,
1592 1788 1717 1810 necnon
1738 1776 1833 1809 etiam
1855 1776 1973 1809 consti-

1235 1831 1392 1863 tutionum
1430 1830 1697 1874 apostolicarum,
1731 1829 1971 1873 appellationes,

1234 1895 1381 1916 recursus
1401 1889 1429 1916 et
1451 1884 1611 1927 querelae,
1626 1883 1732 1926 quoad
1754 1882 1900 1915 effectum
1921 1893 1974 1915 su-

1234 1937 1415 1981 spensivum
1437 1937 1669 1980 probibentur,
1702 1936 1876 1979 procedere
1906 1946 1969 1968 non

1235 2001 1326 2034 posse
1347 2001 1404 2023 nee
1426 1991 1553 2030 detwrof,
1577 2001 1612 2022 ac
1629 1990 1742 2022 Rotam
1763 1994 1793 2022 et
1814 1988 1897 2021 illius
1918 1999 1974 2021 au-

1235 2044 1353 2076 ditores
1373 2043 1553 2087 praedictos
1572 2043 1600 2075 in
1624 2043 1689 2075 istis
1709 2042 1834 2075 casibus
1854 2042 1974 2074 nullam

1235 2107 1364 2140 prorsus
1385 2096 1637 2129 iurisdietionem
1660 2096 1788 2128 babere.
1809 2095 1975 2127 lnbibitio-

1235 2161 1291 2183 nes
1311 2161 1439 2193 quoque
1458 2151 1487 2182 in
1509 2149 1693 2183 lmiusmodi
1715 2148 1817 2182 causis
1834 2159 1891 2192 per
1908 2159 1976 2181 eos-

1236 2204 1307 2236 dem
1330 2204 1491 2237 auditores
1512 2214 1678 2236 coneessas
1698 2208 1725 2235 ct
1741 2202 1973 2241 concedendas,

1236 2268 1307 2290 eum
1330 2257 1531 2301 processilms
1552 2268 1587 2289 ac
1605 2256 1754 2289 omnibus
1773 2255 1845 2288 inde
1858 2266 1976 2298 sequu-

1238 2311 1285 2349 tis,
1309 2310 1427 2342 nullius
1448 2310 1573 2342 roboris
1601 2310 1649 2342 rel
1679 2309 1832 2341 momenti
1857 2309 1922 2341 sore
1948 2314 1977 2340 et

1236 2376 1314 2397 esse.

1282 2421 1296 2457 Ε
1319 2418 1347 2451 7.
1372 2419 1404 2451 111
1427 2418 1558 2461 reliquis
1587 2428 1662 2450 vero
1683 2416 1831 2449 omnibus
1852 2421 1883 2448 et
1913 2415 1976 2448 sin-

1237 2472 1318 2511 gulis
1339 2471 1532 2503 erectionem
1564 2482 1599 2503 ae
1631 2470 1860 2503 institutionem
1882 2480 1976 2512 prae—

1237 2526 1338 2558 dictae,
1359 2526 1468 2563 Rotae,
1493 2536 1616 2557 necnon
1648 2524 1821 2567 privilegia,
1845 2523 1976 2556 faculta-

1238 2585 1282 2612 tes
1303 2585 1330 2611 et
1353 2579 1475 2611 indulta
1495 2589 1728 2621 quaecumque,
1753 2578 1855 2610 eidem
1879 2577 1977 2609 Rotae

1238 2633 1368 2675 eiusque
1380 2632 1579 2664 auditoribus
1591 2642 1645 2664 seu
1668 2630 1835 2670 iudicibus,
1852 2640 1976 2662 necnon

1238 2685 1379 2722 notariis,
1395 2685 1577 2718 cursoribus
1597 2696 1632 2717 ac
1649 2685 1718 2717 aliis
1739 2684 1928 2717 officialibus
1948 2689 1976 2716 et

1972 284 2021 311 An.
2040 284 2067 311 C.
2089 284 2154 312 1591

2053 2421 2073 2441 111
2089 2421 2176 2447 reliquis

1994 2454 2043 2467 iero
2059 2454 2104 2468 ems
2115 2454 2175 2468 iuris-

1992 2475 2106 2495 dictionem
2117 2477 2136 2494 et
2146 2475 2175 2494 in-

1992 2501 2049 2521 dulta
2063 2502 2176 2521 coufirmat.
