2226 3070
262 287 310 312 Αιι,
328 288 356 313 C.
378 287 440 313 1591

285 2049 406 2075 [leputatin.
415 2050 440 2069 ult·

258 2082 299 2102 qna
315 2082 334 2096 ιιι
350 2076 441 2096 tutu-ivn.

490 276 553 310 508

459 335 525 377 Ego
553 334 726 374 Ascanius,
747 334 776 368 S.
801 334 915 367 Mariae
946 334 976 365 in
1007 332 1196 372 Cosmedin,

503 388 533 421 S.
557 387 593 421 R.
614 388 647 420 E.
672 387 752 421 diae.
773 387 859 420 card.
884 387 1047 419 Columna.

459 441 524 483 Ego
556 441 746 478 Federicus,
772 440 803 473 S.
835 439 955 473 Nicolai
981 439 1012 471 in
1041 438 1195 477 Care-ere,

504 495 585 528 diac.
607 495 694 527 card.
715 495 937 527 Borromacus.

458 549 523 591 Ego
540 549 654 589 Guido‚
677 550 722 582 Ss.
740 549 870 581 Cosmae
891 553 919 580 et
941 547 1096 587 Damiani,
1114 547 1194 580 diac.

504 602 589 635 card.
611 601 759 644 Pepulus.

458 654 522 697 Ego
534 654 710 694 Odoardus,
725 654 754 688 S.
769 653 911 693 Adriani,
927 653 1006 687 diac.
1024 654 1109 687 card.
1125 653 1198 686 Far-

502 707 618 740 nesius.

458 763 522 804 Ego
540 761 695 801 Octavius,
710 762 740 795 S.
761 761 888 804 Georgii
906 761 937 794 in
950 761 1097 796 Velabro.
1113 761 1192 794 diac.

501 815 588 848 card.
610 815 649 848 de
668 815 838 858 Aquaviva.

456 869 521 911 Ego
542 869 727 909 Flaminius,
751 869 781 902 S.
805 869 921 902 Mariae
941 869 972 901 in
993 868 1169 902 Dominica.

491 931 549 958 Dat.
565 930 608 959 die
627 931 642 957 t
658 931 812 958 novembris
830 932 906 964 1591,
923 936 997 967 pont.
1015 940 1057 958 nn.
1070 938 1087 958 1.

803 1102 838 1136 II.

456 1203 629 1247 Deputatio
664 1204 888 1237 cardinalium
925 1204 1066 1238 Salviati
1100 1209 1128 1238 et
1159 1205 1196 1237 de

501 1257 682 1297 Camerino,
707 1258 742 1290 in
764 1258 1062 1302 superintendentes
1095 1259 1195 1292 tribu—

500 1311 630 1344 nalium
660 1312 808 1344 omnium
842 1312 937 1346 Urbis
964 1323 1024 1356 pro
1055 1314 1195 1356 neqociis

499 1365 659 1405 omnibus,
687 1376 771 1409 quae
800 1366 844 1398 ad
874 1367 1022 1400 iustitiae
1051 1367 1195 1400 admini-

498 1420 698 1459 strationem,
719 1424 748 1452 et
781 1420 874 1453 Urbis
902 1421 1044 1453 eiusdem
1064 1421 1195 1464 eiusque

498 1473 665 1507 dish-ictus
686 1474 963 1518 tranquillitatem
988 1475 1153 1519 pertinent
1171 1475 1192 1507 ¹.

455 1574 578 1602 Dilectis
598 1574 669 1601 filiis
696 1574 809 1602 nostris
838 1575 963 1603 Antonio
988 1575 1100 1603 Mariae
1124 1576 1196 1603 San-

490 1622 556 1646 ctae
577 1619 688 1647 Mariae
709 1620 744 1647 de
765 1620 840 1648 Pace
860 1620 996 1653 Salviati,
1014 1628 1048 1648 ac
1064 1621 1195 1648 Mariano

489 1663 538 1692 tit.
559 1664 735 1692 Sanctorum
751 1665 830 1692 Petri
851 1668 882 1692 et
902 1665 1069 1693 Marcellini
1089 1666 1124 1693 de
1145 1667 1195 1694 Ga-

489 1709 604 1737 merino
630 1710 814 1744 preshyteris
847 1711 1049 1738 cardinalibus
1078 1718 1195 1739 nuncu-

489 1755 569 1788 patis

655 1820 850 1848 Innocentius
866 1821 944 1855 Papa
963 1821 1010 1848 IX.

477 1873 585 1901 Dilecti
600 1873 655 1901 filii
669 1874 776 1908 nostri,
794 1875 922 1902 salutem
937 1879 965 1902 et
980 1875 1174 1909 apostolicam

706 1929 956 1957 benedictionem.

511 1991 527 2034 g
556 1990 583 2023 1.
615 1991 676 2024 Pro
708 1991 842 2024 faciliori
877 1992 1078 2035 expeditione
1109 1993 1196 2026 iusti-

458 2045 532 2084 tiae,
558 2054 628 2084 vos,
659 2045 697 2077 de
718 2055 856 2088 quorum
888 2046 1086 2088 integritate,
1114 2046 1196 2080 litte-

457 2109 565 2131 rarum
585 2097 716 2131 scientia
738 2104 767 2131 et
790 2099 884 2141 longa
904 2109 1012 2132 rerum
1033 2100 1197 2143 experien-

458 2151 500 2184 tia
527 2152 620 2196 plene
649 2152 857 2193 confidimus,
888 2159 977 2186 motu
1009 2154 1140 2198 proprio
1168 2161 1198 2188 et

458 2216 494 2238 ex
523 2211 609 2238 certa
635 2212 743 2239 nostra
767 2206 899 2239 scientia
928 2218 964 2240 ac
995 2208 1034 2240 de
1069 2214 1196 2251 aposto-

458 2258 537 2292 licae
555 2260 718 2303 potestatis
734 2260 944 2303 plenitudine,
965 2261 1061 2294 simul
1077 2267 1104 2294 et
1122 2272 1198 2294 con-

458 2313 606 2353 iunctim,
640 2314 814 2357 apostolica
847 2314 1050 2355 auctoritate,
1087 2321 1197 2349 tenore

457 2367 685 2411 praesentium,
700 2368 932 2409 constituimus,
950 2369 1083 2402 tacimus
1098 2375 1127 2402 et
1144 2369 1198 2402 de—

456 2426 606 2464 putamus
633 2420 949 2464 superintendentes,
981 2422 1146 2464 generales
1168 2428 1197 2456 et

456 2474 626 2518 speciales,
650 2474 794 2507 oninium
824 2475 1033 2517 negociorum
1060 2476 1197 2509 iustitiae

457 2527 765 2561 administrationem
779 2539 815 2561 ac
836 2529 938 2562 almae
958 2530 1050 2563 Urbis
1069 2536 1197 2563 nostrae

457 2582 606 2625 illiusque
626 2581 787 2614 districtus
804 2581 925 2614 bonum
946 2583 1090 2625 regimen
1115 2594 1195 2627 quo-

458 2635 635 2669 modolibet
646 2635 907 2668 concernentium
922 2635 1195 2680 inti-ascriptorum

494 2701 504 2727 1
524 2698 561 2725 Ex
579 2698 683 2735 liegest.
702 2698 728 2725 in
739 2698 840 2725 Secret.
857 2699 993 2726 Breviuni.

1040 285 1221 309 BULLAIUL'M
1242 284 1394 308 ROMANUM

1236 331 1444 365 tribunalium
1456 331 1550 365 Urbis
1570 337 1601 365 et
1620 331 1780 365 districtus
1790 333 1970 376 praedicto-

1234 395 1316 424 rum,
1330 384 1486 417 videlicet:
1502 384 1595 417 Urbis
1615 384 1848 427 gubernatoris,
1861 386 1972 419 Curiae

1233 438 1405 471 Causarum
1425 438 1576 470 Gamerae
1596 437 1796 482 Apostolieae
1816 439 1973 480 generalis

1233 491 1398 532 auditoris,
1421 491 1685 531 vice-camerarii,
1695 491 1850 525 senatoris
1866 492 1969 533 Urbis,

1233 551 1261 578 et
1279 544 1390 578 Curiae
1407 544 1612 589 Capitolinae,
1629 544 1852 587 gubernatoris
1863 545 1969 588 Burgi,

1233 598 1330 641 Ripae
1351 608 1387 631 ac
1407 598 1551 642 Ripettae
1571 598 1714 631 iudicum
1735 604 1765 631 et
1789 598 1972 632 officialium

1233 662 1524 695 quorumcumque,
1547 662 1607 684 nec
1627 662 1692 685 non
1718 652 1860 685 iudicum
1881 658 1910 685 et
1928 653 1974 685 of-

1232 705 1385 738 ticialium
1405 705 1498 738 Urbis
1518 705 1638 745 vicarii,
1662 715 1725 738 non
1749 711 1855 738 lamen
1866 706 1973 749 quoad

1232 759 1299 791 eius
1324 769 1435 792 causas
1461 758 1656 802 spirituales3
1682 758 1834 802 vobisque
1853 759 1971 803 plenis-

1230 812 1344 844 simam
1365 818 1395 844 et
1415 811 1645 855 amplissimam
1661 812 1844 845 facultatem
1865 818 1896 845 et
1915 823 1972 857 po-

1230 871 1374 899 testatem
1392 876 1449 909 per
1466 871 1649 909 praesentes
1669 866 1798 906 damus,
1821 867 1971 901 concedi—

1230 930 1301 952 mus
1318 926 1348 952 et
1368 919 1580 963 impertimur,
1594 925 1628 952 ut
1640 926 1791 963 tanquam
1808 921 1972 963 generales

1231 979 1259 1005 et
1279 972 1433 1016 speciales
1452 972 1764 1016 superintendentes,
1781 974 1972 1008 auctoritate

1231 1032 1349 1067 nostra,
1373 1027 1462 1060 nullo
1483 1026 1545 1060 alio
1566 1026 1704 1070 desuper
1721 1038 1739 1059 a
1763 1027 1856 1060 nobis
1880 1038 1973 1072 expe-

1231 1086 1313 1113 ctato
1331 1081 1498 1120 mandato,
1529 1080 1692 1114 iudicibus
1722 1086 1751 1113 et
1783 1081 1973 1115 officialibus

1230 1134 1437 1167 tribunalium
1457 1134 1715 1178 supradictorum
1737 1134 1847 1168 omnia
1866 1140 1897 1168 et
1909 1135 1973 1168 sin-

1230 1189 1322 1230 gula,
1347 1199 1429 1232 quae
1460 1189 1500 1221 ad
1527 1189 1670 1222 eiusdem
1700 1188 1794 1222 Urbis
1823 1189 1974 1233 illiusque

1231 1242 1390 1275 districtus
1408 1242 1529 1274 bonum
1550 1242 1694 1283 regimen
1708 1269 1715 1281 ,
1735 1242 1860 1275 felicem
1882 1242 1972 1276 iusti-

1231 1295 1290 1329 tiae
1311 1296 1342 1328 in
1363 1296 1534 1339 praedictis
1555 1296 1658 1328 causis
1679 1295 1889 1329 directionem
1903 1323 1910 1337 ,
1934 1296 1973 1329 li-

1231 1349 1307 1382 tium
1322 1358 1445 1391 (carum
1464 1349 1652 1392 praesertim
1664 1349 1696 1382 in
1711 1349 1828 1393 quibus
1844 1350 1884 1383 de
1894 1360 1973 1394 pau-

1229 1413 1341 1446 perum
1364 1408 1392 1435 et
1415 1402 1647 1435 miserabilium
1680 1413 1890 1446 personarum
1914 1413 1974 1437 nec

1230 1467 1293 1490 non
1316 1456 1536 1497 ecclesiarum,
1557 1456 1839 1496 monasteriorum,
1863 1456 1972 1501 hospi-

1230 1511 1339 1544 talium
1359 1517 1387 1544 et
1410 1510 1547 1543 aliorum
1568 1510 1696 1554 piorum
1725 1511 1871 1544 locorum
1893 1510 1973 1545 inte-

1231 1575 1314 1597 resse
1329 1564 1378 1606 agi
1393 1564 1546 1606 conliget)
1561 1564 1698 1597 celerem
1712 1563 1973 1607 prosecutionem

1231 1625 1260 1651 et
1280 1619 1409 1651 finalem
1441 1618 1699 1662 expeditionem,
1721 1618 1861 1651 debitam
1893 1629 1972 1662 qua-

1230 1683 1442 1716 rumcumque
1473 1682 1685 1716 peisonarum
1720 1682 1778 1716 pro
1813 1683 1970 1706 consecu-

1231 1726 1316 1758 tione
1338 1732 1400 1758 tam
1423 1725 1581 1759 mercedis
1606 1736 1702 1769 quam
1735 1725 1874 1759 aliorum
1905 1736 1974 1759 cre-

1231 1780 1371 1813 ditorum
1391 1789 1523 1812 suorum
1545 1779 1686 1821 legitime
1716 1779 1901 1813 instantium
1922 1791 1973 1813 sa-

1231 1833 1463 1873 tisfactionem,
1497 1843 1777 1876 quarumcumque
1811 1833 1972 1876 significa-

1233 1888 1355 1920 tionum
1387 1886 1526 1930 (quibus
1558 1886 1718 1919 debitores
1754 1898 1812 1930 per
1845 1887 1973 1921 decreta

1231 1941 1418 1974 cortundem
1439 1939 1580 1973 iudicum
1604 1946 1634 1973 et
1658 1940 1843 1973 officialium
1872 1951 1974 1984 quan-

1231 1995 1336 2038 doque
1354 1994 1394 2026 ad
1414 1994 1545 2035 longum
1575 1993 1622 2026 vel
1641 1993 1735 2026 breve
1757 1999 1883 2038 tempus
1902 2005 1974 2037 gra—

1230 2049 1296 2081 vari
1322 2058 1387 2081 non
1425 2047 1677 2091 permittuntur)
1707 2048 1947 2082 revocationem
1963 2077 1970 2089 ,

1230 2102 1432 2136 subditorum
1475 2112 1586 2145 pacem
1622 2107 1651 2134 et
1690 2102 1970 2145 tranquillitatem,

1232 2157 1436 2190 liannitorum
1468 2162 1495 2189 et
1529 2156 1783 2189 facinorosorum
1805 2156 1973 2189 hominum

1232 2210 1546 2249 exterminationem,
1571 2216 1599 2243 et
1628 2210 1792 2252 signanter
1819 2210 1973 2243 talearum

1232 2271 1261 2298 et
1282 2264 1540 2298 nominationum
1561 2270 1671 2296 contra
1700 2264 1830 2297 eosdem
1859 2263 1974 2296 banni-

1233 2325 1280 2352 tos
1300 2324 1327 2351 et
1350 2318 1546 2351 facinorosos
1566 2317 1714 2351 homines
1734 2317 1974 2351 concessionem

1232 2378 1261 2405 et
1281 2371 1473 2404 solutionem
1489 2398 1496 2411 ‚
1521 2371 1765 2404 sranchitiarum
1785 2370 1878 2404 Urbis
1897 2381 1976 2414 qua-
1997 2412 2001 2416 ι

1231 2434 1445 2468 rumcumque
1465 2434 1482 2456 a
1503 2423 1760 2467 quibuscumque
1775 2423 1853 2457 locis
1864 2428 1975 2456 contra

1232 2489 1395 2523 personas,
1405 2478 1635 2521 cuiuscumque
1648 2477 1810 2519 dignitatis
1823 2483 1852 2510 et
1865 2487 1975 2521 praee-

1233 2532 1416 2569 minentiae,
1441 2531 1471 2563 in
1495 2530 1721 2564 constitutione
1743 2530 1844 2563 felicis
1867 2541 1974 2563 recor-

1232 2584 1369 2618 dationis
1386 2585 1431 2617 Pii
1449 2584 1498 2624 IV,
1522 2594 1604 2627 quae
1626 2583 1750 2627 incipit:
1775 2584 1974 2617 Intercaete-

1212 2649 1301 2682 11'033
1324 2649 1361 2671 ac
1386 2649 1403 2670 a
1432 2637 1624 2670 recolendae
1649 2636 1824 2669 memoriae
1852 2636 1974 2677 Grego-

1212 2686 1216 2734 ,
1233 2691 1279 2725 rio
1292 2691 1358 2724 XlII
1376 2690 1576 2731 confirmata,
1592 2689 1772 2723 nominatas
1793 2694 1823 2722 et
1839 2698 1975 2733 quomo-

1988 285 2038 311 An.
2057 286 2085 311 C.
2104 285 2166 312 1591
