2226 3070
172 288 354 316 An.C.1587

203 828 272 847 sixtus
288 826 359 845 archi-

176 856 360 879 coiilr.it.Ctioi·di-

178 894 275 914 aerosum
292 887 359 907 Assisi

178 926 197 939 ui
222 919 315 939 ecclesia
339 917 359 937 S.

179 950 286 969 Francisci
310 954 360 969 cre-

179 982 246 1001 xerat.

414 278 478 311 0284

963 285 1142 310 BULLARIUM
1167 285 1316 309 ROMANUM

369 350 406 372 ac
425 340 601 372 multorum
618 346 804 372 sanctorum
820 340 888 371 eius
908 338 1041 370 instituti
1056 348 1121 369 mc-
1162 337 1207 368 sia
1233 341 1260 369 et
1287 336 1325 368 ad
1347 336 1469 368 dictum
1491 337 1590 369 altare
1617 343 1705 369 motu
1728 338 1860 381 proprio
1886 349 1915 370 e-

371 393 450 428 ritis,
473 392 654 429 virtutihus,
679 392 832 434 exemplis
848 397 875 422 ct
892 390 1055 423 miraculis
1068 402 1122 422 :ui-

371 453 431 485 cta,
455 456 581 479 necnon
601 445 849 489 quamplurimis
875 444 1046 487 episcopis,
1071 455 1122 476 ar-

372 499 599 542 chiepiscopis,
612 498 816 542 patriarchis,
830 497 1059 534 cardinalibus,
1076 508 1124 530 re-

371 551 464 594 gibus
491 557 521 584 et
551 551 686 583 summis
716 549 927 592 pontificibus
957 549 1120 585 decorata.

372 614 437 637 non
469 604 567 648 possit
599 604 638 636 ad
674 603 743 635 eius
773 602 952 635 devotionis
982 609 1008 635 ct
1050 602 1123 634 imi-

374 657 500 690 tationis
521 656 672 689 sectanda
697 655 828 695 vestigia
857 665 920 687 non
953 666 1021 687 esse
1048 666 1124 698 pro-

374 720 484 753 pensa.

418 762 432 805 ᾗ
461 763 492 794 ¹l.
520 762 582 794 Nos
611 762 743 805 pariter,
772 762 827 804 qui
853 774 869 794 a
894 763 1014 795 teneris
1035 763 1127 795 annis

375 815 572 857 singularem
594 825 669 857 erga
699 815 848 848 cumdem
874 815 1004 847 beatum
1027 816 1126 848 Fran-

375 868 497 901 ciscum
523 868 638 911 (gloria
664 869 786 909 nostra)
816 879 945 911 semper
969 869 1127 911 gessimus

375 921 552 954 devotionis
581 921 744 962 affectum,
777 928 804 954 et
840 922 871 953 in
899 922 967 954 dies
1000 932 1129 965 semper

376 974 512 1007 accrevit
536 980 564 1007 et
592 975 672 1007 inire
694 981 868 1015 accrescat,
889 980 916 1007 et
946 975 1037 1007 cuius
1061 975 1128 1006 cin-

377 1027 442 1067 guli
472 1032 503 1059 et
522 1027 660 1060 amictus
694 1028 829 1060 instituti
856 1033 883 1060 et
907 1027 1046 1067 Ordinis,
1071 1037 1129 1070 pro

377 1081 431 1114 Dei
449 1081 552 1123 gratia
573 1086 603 1114 et
622 1086 732 1114 nostra
752 1082 929 1120 voluntate,
957 1092 1016 1124 pro
1037 1092 1130 1124 posse

378 1134 567 1173 imitatores,
580 1134 703 1167 alumni
718 1135 835 1167 etservi
846 1135 966 1167 fuimus
978 1145 1014 1167 ac
1034 1134 1130 1167 fuisse

378 1188 568 1231 gloriamur;
591 1188 833 1221 considerantes
851 1189 1048 1231 populorum
1075 1189 1131 1221 de-

379 1242 541 1275 votionem
571 1247 601 1274 et
630 1242 880 1285 propensionem
903 1252 977 1285 erga
1008 1248 1131 1275 tantum

380 1295 497 1335 virum,
532 1301 560 1328 et
593 1306 657 1338 quo
678 1296 857 1328 devotionis
883 1296 1001 1329 alfertu
1023 1307 1133 1329 aemu-

381 1349 477 1388 letur,
499 1354 529 1381 et
549 1348 668 1392 passim
689 1349 819 1381 anhelet
839 1349 931 1392 plebs
956 1349 1062 1381 omnis
1083 1360 1133 1390 ge-

382 1406 505 1433 stamen
525 1401 639 1433 saltem
660 1401 794 1434 funiculi
817 1401 898 1440 eius,
919 1407 947 1433 et
962 1402 1052 1444 quasi
1070 1412 1134 1435 non

383 1459 533 1487 contenta
552 1454 640 1497 quod
666 1460 709 1487 tot
733 1455 878 1497 tantique
901 1455 1069 1498 utriusque
1090 1467 1136 1488 se-

383 1517 441 1540 xus
467 1507 691 1540 christifideles
712 1507 751 1540 ad
783 1508 927 1540 instituta
954 1509 1051 1541 trium
1077 1509 1135 1542 Or-

383 1561 496 1593 dinum
517 1561 629 1604 ipsius,
653 1560 693 1594 ob
718 1561 923 1594 devotionem
945 1562 983 1594 ad
1011 1567 1135 1595 tantum

384 1619 522 1657 patrem,
549 1614 662 1647 relicto
696 1615 830 1654 inundo,
860 1615 1059 1656 transierint,
1088 1621 1137 1648 to-

384 1672 449 1700 tam
461 1667 536 1700 velit
555 1678 587 1699 se
601 1668 634 1700 in
645 1667 678 1700 S.
692 1667 854 1700 Francisci
870 1668 1063 1709 imitatione,
1082 1669 1137 1702 de-

386 1720 514 1754 votione
526 1726 556 1753 et
568 1731 679 1754 amore
693 1721 899 1763 immergere,
916 1721 1050 1762 idcireo,
1064 1733 1137 1756 cum

388 1784 447 1818 pro
480 1774 613 1817 aliquali
645 1774 855 1818 responsione
886 1775 1006 1807 amoris
1039 1777 1139 1809 nostri

388 1836 464 1869 erga
494 1831 619 1859 tantum
645 1832 782 1869 patrem,
809 1837 914 1870 nuper
939 1828 978 1860 ad
1003 1829 1141 1872 amplio-

390 1889 458 1912 rem
471 1878 622 1912 decorem
640 1880 773 1919 insignis
790 1885 820 1912 et
830 1880 966 1912 celebris
987 1881 1142 1915 ecclesiae

389 1933 506 1965 domus
526 1932 671 1966 eiusdem
698 1932 728 1965 S.
762 1933 923 1966 Francisci
945 1934 1140 1977 Assisiensis,

389 1985 518 2018 Ordinis
539 1986 673 2018 fratrum
696 1986 853 2019 lllinorum
880 1989 1141 2021 conventualium

390 2045 666 2082 nuncupatorum,
698 2040 729 2071 in
754 2050 816 2082 qua
841 2040 972 2083 quidem
994 2042 1141 2083 ecclesia,

391 2093 450 2125 sub
476 2092 562 2124 illius
582 2092 675 2124 altari
696 2093 823 2131 maiori,
858 2103 978 2136 corpus
998 2094 1142 2128 eiusdem

392 2145 493 2178 sancti
513 2146 675 2178 Francisci
697 2146 884 2189 requiescit,
899 2157 935 2179 ae
954 2146 1050 2179 divini
1076 2148 1144 2180 cul-

395 2204 446 2231 tus
456 2204 483 2231 et
497 2199 625 2241 piorum
636 2209 771 2242 operum
788 2205 1010 2242 augmentum,
1026 2200 1145 2244 ipsius-

394 2264 456 2296 que
480 2252 511 2285 S.
538 2253 699 2285 Francisci
728 2254 884 2286 honorem
914 2259 943 2286 et
970 2255 1148 2287 veneratio-

395 2316 480 2345 nem,
512 2317 548 2339 ae
575 2306 757 2339 animarum
780 2307 1039 2340 christifidelium
1061 2309 1146 2341 salu-

396 2365 469 2399 tem,
496 2369 592 2392 unam
615 2360 1002 2394 archiconfraternitatem
1030 2362 1149 2394 utrius-

396 2423 459 2456 que
488 2423 581 2445 sexus
611 2413 883 2453 christifidelium,
913 2415 967 2458 qui
993 2415 1147 2447 chordam

398 2472 455 2504 per
467 2461 580 2494 fratres
598 2461 674 2494 dicti
690 2461 819 2494 Ordinis
830 2463 946 2504 gestari
959 2464 1098 2503 solitam,
1113 2474 1149 2495 ex

399 2510 527 2543 illorum
563 2509 733 2542 devotione
766 2521 782 2542 a
813 2511 1037 2553 superioribus
1064 2512 1149 2544 eius-

398 2559 469 2591 dem
491 2558 618 2591 Ordinis
639 2558 777 2591 cinctam
800 2565 828 2591 et
851 2565 1046 2603 susceptam,
1063 2561 1150 2593 defe-

399 2612 482 2645 rent,
505 2612 536 2639 et
560 2607 614 2639 illa
636 2607 807 2649 cingantur
832 2609 890 2640 sub
914 2609 1058 2641 eiusdem
1080 2619 1152 2642 san-

400 2655 439 2687 eti
466 2655 627 2688 Francisci
656 2655 868 2695 invocatione,
896 2657 927 2689 in
952 2657 1019 2701 ipsa
1046 2658 1150 2691 cecle-

1164 389 1379 422 rexcrimuset
1398 390 1644 429 instituerimus3
1658 401 1705 427 ae„
1726 397 1760 423 ut
1788 392 1916 423 confra-

1166 448 1229 474 tres
1247 442 1436 484 Chordigcri
1457 442 1561 475 dictae
1587 444 1858 477 confraternitatis
1878 446 1917 477 ad

1165 496 1216 539 pia
1238 506 1336 539 opera
1358 496 1537 529 exercenda
1562 497 1781 540 promptiores
1807 498 1919 531 redde-

1167 555 1291 588 rentur,
1314 560 1350 582 ac
1376 549 1414 581 ad
1436 550 1607 582 eeclesiam
1630 555 1660 582 et
1684 551 1785 583 altare
1806 550 1919 584 huius-

1167 602 1253 634 modi
1290 602 1468 635 devotionis
1494 613 1589 634 causa
1616 603 1830 643 confluerent,
1856 604 1918 636 eis-

1167 654 1238 687 dem
1259 655 1431 698 utriusque
1458 665 1550 688 sexus
1571 655 1837 689 christithlelibus
1849 666 1921 689 vere

1168 707 1410 750 poenitentibus
1436 714 1464 740 et
1493 708 1660 746 confessis,
1684 707 1802 741 dietam
1829 709 1922 742 chor-

1168 760 1253 804 dam,
1277 771 1360 803 quae
1382 761 1472 804 prius
1492 772 1508 793 a
1526 761 1753 804 superioribus
1774 761 1852 795 dicti
1867 761 1924 795 Or-

1169 813 1253 845 dinis
1278 813 1427 847 benedici
1453 814 1578 854 debeat,
1599 815 1638 847 ad
1662 815 1875 848 reverentiam
1895 821 1926 848 et

1170 868 1360 899 memoriam
1387 868 1532 900 eiusdem
1564 868 1595 901 S.
1623 868 1785 902 Francisci
1807 879 1924 911 geren-

1171 919 1267 957 tibus,
1292 930 1448 963 sacraque
1470 921 1702 954 communione
1719 922 1859 963 refectis,
1876 932 1926 955 ar-

1171 972 1522 1007 chiconfraternitatem
1540 975 1640 1017 ipsam
1655 974 1924 1018 ingredientibus,

1172 1026 1275 1069 prima
1297 1026 1347 1059 die
1365 1026 1496 1060 illorum
1511 1027 1686 1070 ingressus,
1707 1038 1743 1060 ac
1766 1029 1796 1061 in
1814 1030 1927 1062 mortis

1172 1079 1308 1112 articulo
1322 1079 1480 1122 ipsorum,
1495 1090 1613 1114 nomen
1628 1081 1699 1113 Iesu
1721 1091 1776 1114 ore
1787 1081 1836 1115 vel
1857 1082 1928 1116 cor'-

1173 1134 1211 1167 de
1233 1134 1469 1175 invocantibus,
1490 1145 1527 1167 ac
1548 1135 1643 1168 etiarn
1665 1146 1738 1168 vere
1759 1136 1929 1179 poeniten-

1174 1187 1257 1219 tibus
1269 1194 1297 1220 ct
1312 1187 1476 1225 confessis,
1494 1188 1673 1231 plenariam
1690 1190 1836 1223 omnium
1851 1201 1930 1234 pee-

1175 1246 1321 1274 catorum
1349 1251 1482 1274 suorum
1507 1242 1740 1284 indulgentiam
1762 1249 1792 1276 et
1812 1244 1928 1277 remis-

1175 1294 1298 1327 sionem
1318 1305 1375 1337 per
1400 1295 1478 1328 alias
1504 1301 1630 1328 nostras
1650 1296 1773 1329 litteras
1793 1307 1929 1331 eonces-

1176 1347 1325 1380 serimus.
1357 1347 1488 1380 Necnon
1525 1348 1645 1381 dilecto
1672 1349 1739 1381 filio
1773 1349 1929 1384 Clementi

1177 1400 1383 1441 ttoniadosio,
1408 1401 1566 1434 moderno
1583 1407 1613 1434 et
1630 1413 1689 1445 pro
1708 1408 1854 1446 tempore
1867 1404 1931 1437 exi-

1178 1453 1270 1485 stenti
1296 1453 1373 1486 dicti
1394 1454 1523 1487 Ordinis
1549 1455 1697 1488 ministro
1713 1457 1869 1498 generali,
1897 1463 1932 1490 ut

1178 1516 1403 1549 quascumque
1447 1507 1729 1541 confraternitates
1761 1509 1932 1553 utriusque

1179 1570 1274 1592 sexus
1294 1559 1556 1593 christifidelium
1577 1560 1849 1604 Chordigerorum
1870 1563 1932 1596 hu-

1181 1612 1321 1645 iusmodi
1348 1613 1379 1645 in
1409 1613 1672 1657 quibuscumque
1706 1615 1851 1648 ecclesiis
1875 1615 1933 1649 do-

1182 1677 1310 1699 morum
1331 1666 1487 1699 Ordinurn
1513 1667 1662 1708 fratrum,
1685 1674 1748 1701 tam
1773 1667 1934 1702 Minorum

1181 1719 1450 1753 Conventualium
1477 1731 1573 1763 quam
1606 1720 1644 1753 de
1671 1721 1881 1756 Observantia
1906 1729 1938 1756 et

1182 1774 1442 1818 Capuccinorum
1474 1780 1752 1817 nuncupatorum,
1785 1775 1936 1809 ubicum-

1183 1837 1245 1870 que
1267 1826 1343 1859 etin
1371 1826 1634 1870 quibuscumque
1658 1828 1771 1861 mundi
1792 1829 1938 1873 partibus

1184 1881 1308 1922 erigere
1334 1886 1365 1912 et
1390 1880 1569 1920 instituere,
1597 1881 1745 1924 illasque,
1766 1887 1938 1926 postquam

1185 1938 1312 1966 erectae
1329 1932 1459 1973 fuerint,
1482 1932 1643 1976 praefatae
1663 1934 1938 1968 archiconfrater-

1186 1986 1275 2018 nitati
1297 1996 1370 2019 cum
1391 1986 1543 2020 omnibus
1564 1992 1594 2019 et
1614 1986 1749 2029 singulis
1769 1987 1940 2031 indulgen-

1187 2039 1238 2071 tiis
1260 2045 1289 2072 ct
1310 2044 1518 2082 peccatorum
1536 2036 1784 2073 remissionibus
1797 2051 1833 2074 ac
1853 2042 1947 2074 reta-1

1186 2092 1367 2125 xationibus
1383 2103 1574 2136 aggregare,
1599 2093 1750 2137 ipsasque
1771 2094 1941 2138 indulgen-

1189 2146 1246 2178 tias
1259 2146 1476 2179 confratribus
1493 2146 1622 2179 illarum
1645 2146 1891 2181 communicare
1910 2152 1942 2181 et

1189 2199 1368 2232 concedere
1392 2200 1523 2240 valeret,
1556 2200 1685 2243 plenam
1716 2206 1747 2233 et
1777 2200 1939 2234 omnimo-

1189 2254 1262 2286 dam
1288 2254 1474 2286 facultatem
1500 2260 1530 2286 et
1560 2254 1788 2287 auctoritatem
1811 2265 1942 2288 conces-

1190 2307 1339 2347 serimusj,
1363 2308 1557 2351 easdemque
1582 2308 1861 2342 confraternitates
1881 2308 1943 2342 eri-

1190 2361 1311 2401 gendas
1332 2371 1367 2393 ex
1389 2367 1483 2401 tunc,
1502 2367 1596 2404 prout
1615 2371 1651 2393 ex
1669 2371 1705 2393 ea
1721 2361 1774 2394 die
1794 2366 1825 2394 et
1839 2372 1943 2395 econ-

1192 2420 1239 2446 tra
1253 2414 1358 2447 dictae
1383 2414 1735 2447 archiconfraternitati
1753 2425 1944 2458 aggregave-

1192 2463 1306 2502 rimus,
1329 2463 1588 2505 etindulgentias
1609 2463 1798 2496 huiusmodi
1814 2463 1942 2497 confra-

1194 2511 1295 2544 tribus
1309 2511 1438 2543 illarum
1456 2511 1807 2546 communicaverimus
1819 2523 1826 2553 ;
1844 2523 1880 2545 ac
1893 2512 1944 2545 lit·-

1195 2566 1277 2593 teras
1300 2560 1479 2603 praedictas
1505 2561 1595 2593 nullo
1624 2571 1772 2604 unquam
1798 2567 1944 2604 tempore

1193 2610 1232 2642 de
1250 2609 1471 2653 subreptionis
1488 2610 1535 2642 rel
1557 2609 1758 2653 obreptionis
1775 2615 1830 2643 aut
1849 2608 1944 2642 nulli-

1194 2657 1266 2690 tatis
1278 2657 1354 2690 vitio
1374 2658 1422 2690 vel
1445 2658 1634 2692 intentionis
1654 2663 1782 2691 nostrae
1795 2668 1851 2691 seu
1864 2667 1944 2706 quo-

1933 284 2114 312 An.c.1587

1981 1036 2128 1057 canitia-trihus

1942 1069 2057 1089 nonnulla·
2072 1074 2127 1088 con-

1942 1102 2039 1120 cesserat
2055 1099 2129 1120 indul-

1943 1132 2035 1157 genitas.

1973 1353 2024 1373 nata
2034 1353 2132 1373 ministro

1944 1383 2043 1410 goim-nli
2070 1384 2133 1404 Ordi-

1945 1415 1978 1435 nis
1987 1413 2131 1435 Conveniun-

1945 1446 1995 1466 liuni
2029 1444 2132 1465 facultate

1946 1476 1999 1496 nti-u
2015 1475 2077 1496 liuius
2093 1480 2133 1501 ge-

1946 1508 2005 1528 noris
2012 1507 2131 1528 confi-nter-

1947 1539 2024 1559 unates
2036 1538 2133 1563 erigendi

1948 1570 2045 1596 ipsisque
2068 1574 2133 1596 prae-

1948 1599 2134 1625 dicias-induigen-

1936 1631 1988 1657 ‚tias
2013 1630 2132 1651 communi-

1949 1661 2020 1682 candi.
