2226 3070
206 317 258 345 An.
277 316 296 344 C
326 318 393 345 1590

451 307 515 340 0214

407 380 477 402 mus
498 380 537 402 ne
557 369 679 413 absque
697 369 877 402 rationabili
891 379 987 400 causa
1004 367 1155 409 cuiquam

405 434 528 456 sacram
546 423 712 467 probibeat
736 421 1012 455 conniiunimwm.
1028 419 1074 451 Ad
1092 418 1157 451 evi-

404 478 532 510 tandam
555 477 733 510 molestiam
761 482 791 509 et
815 474 1057 507 distractionem
1085 473 1158 506 reli-

403 532 566 575 giosorum
593 530 720 563 Ordinis
744 529 774 561 in
797 528 905 560 cundo
931 532 959 560 et
989 526 1156 559 redeundo

403 596 462 629 pro
484 584 700 619 celebratione
722 583 892 615 missarum
910 581 941 614 in
963 581 1156 614 monasteria

405 638 608 677 monialium,
625 637 816 669 mandamus
828 646 867 668 ne
879 635 951 678 quis
971 635 1155 678 religiosus,

404 699 466 725 tam
489 692 622 724 l'ratrum
645 690 906 729 Carmelitarum,
927 689 1023 722 etiam
1040 688 1159 722 Discal-

403 751 567 778 ceatoium
590 744 713 789 primae
736 745 876 787 regulae,
898 755 994 786 quam
1017 743 1157 777 cuiusvis

400 798 533 831 alterius
554 797 694 837 Ordinis,
723 797 755 829 in
782 797 937 830 vicarium
968 798 1016 830 vel
1048 798 1157 841 capel-

403 853 511 885 lanum
534 852 737 884 ordinarium
759 851 921 884 dictorum
943 852 1157 884 monasterio-

402 917 473 938 rum
503 905 653 938 constitui
682 905 796 948 possit·7
824 905 879 938 sed
906 906 1062 948 priorissa
1094 916 1157 938 una

403 971 476 992 cum
494 959 612 992 vicario
634 959 681 992 vel
704 959 926 992 commissario
951 959 1157 1002 generalibus

401 1014 623 1057 presbyterum
637 1013 825 1045 ssecularem
847 1013 1050 1056 perspiirant,
1066 1018 1157 1045 [etate

402 1072 578 1103 maturum,
600 1067 662 1099 vita
684 1072 714 1099 et
735 1067 880 1099 moribus
892 1066 1156 1098 comniendatum

401 1127 428 1153 et
462 1119 646 1163 probatum,
674 1120 729 1164 qui
756 1125 884 1163 praeter
912 1119 1080 1151 missarum
1103 1130 1156 1151 ce—

402 1174 624 1213 lebrationem,
657 1173 681 1206 si
702 1174 740 1206 ad
766 1173 797 1206 id
824 1174 960 1206 idoneus
992 1173 1101 1213 fuerit,
1124 1184 1156 1206 e-

403 1228 477 1261 tiam
491 1228 679 1261 earinndem
699 1227 923 1269 religiosarum
942 1226 1158 1259 confessarius

402 1281 441 1314 ab
471 1281 591 1313 eisdem
623 1280 746 1313 institui
772 1291 827 1313 seu
855 1279 1004 1323 deputari
1036 1279 1154 1323 possit:

402 1342 429 1369 ct
466 1335 681 1368 nibilominus
712 1335 851 1368 liberum
877 1334 917 1366 sit
942 1334 1045 1366 eidem
1073 1334 1158 1378 prio-

402 1388 512 1427 rissae,
545 1388 639 1421 etiam
667 1393 795 1432 praeter
815 1387 1002 1421 huiusmodi
1031 1389 1157 1421 conses-

403 1442 525 1474 >arium
559 1441 777 1481 ordinarium,
813 1451 878 1475 non
913 1442 1017 1474 solum
1049 1447 1097 1474 ter
1126 1442 1157 1474 in

402 1506 500 1535 anno,
514 1501 546 1528 ut
559 1502 801 1529 sacrosanctum
814 1496 964 1538 generale
981 1495 1157 1528 concilium

402 1548 627 1582 Tridentinum
657 1549 800 1589 mandat,
828 1549 997 1582 sedetiam
1029 1548 1159 1592 saepius

402 1603 441 1635 ad
459 1602 638 1635 audiendas
655 1602 874 1636 consessiones
886 1602 1074 1635 earumdem
1093 1613 1158 1635 mo-

403 1656 549 1695 nialium,
570 1661 600 1689 et
620 1656 769 1689 similiter
787 1657 827 1689 ad
847 1666 1013 1689 sermones
1028 1662 1059 1689 et
1080 1666 1157 1689 con-

404 1711 513 1744 ciones
542 1710 707 1743 habendas
736 1710 876 1753 aliquos,
909 1716 972 1742 tam
1003 1721 1040 1743 ex
1065 1709 1158 1743 dictis

404 1765 556 1798 l'ratribus
576 1764 792 1804 Discalceatis‚
806 1774 860 1796 seu
874 1774 1158 1808 quorumcumque

403 1819 560 1852 Ordinum
572 1818 747 1860 regulares,
763 1828 861 1860 quam
873 1817 968 1850 ctiam
987 1818 1159 1851 szecularcs

403 1871 587 1905 sacerdotes
608 1871 677 1915 pios
702 1876 732 1903 ct
753 1870 898 1903 cruditos
919 1876 1014 1914 atque
1040 1871 1079 1904 ab
1105 1883 1157 1905 or-

403 1925 529 1959 dinario
544 1925 608 1958 loci
624 1925 819 1968 approbatos
830 1924 1012 1964 admittere,
1024 1926 1063 1958 (le
1077 1937 1158 1969 quo-

405 1990 477 2013 rum
499 1984 605 2011 tamen
626 1978 775 2011 doctrina
796 1983 826 2010 et
846 1977 962 2011 virtute
982 1978 1049 2023 ipsa
1070 1979 1158 2023 prio-

405 2033 483 2065 rissa
507 2038 601 2065 antea
630 2033 749 2065 certior
774 2032 856 2064 sacta
891 2032 946 2072 sit3
971 2032 1157 2066 huiusmodi

405 2098 479 2119 vero
495 2087 679 2119 facultatem
698 2096 757 2118 nec
767 2086 906 2119 vicarius
922 2086 1083 2129 generalis
1101 2098 1159 2120 nec

405 2140 488 2172 alius
508 2139 669 2183 quispiam
688 2139 853 2183 praelatus
877 2139 1007 2173 Ordinis
1027 2140 1073 2173 eis
1092 2140 1160 2173 adi-

407 2203 495 2227 mere
515 2193 628 2237 possit.

529 2292 574 2325 De
593 2292 799 2325 observantia
816 2293 1032 2335 paupertatis.

698 2375 772 2409 Cina.
796 2376 858 2409 VII.

449 2451 580 2486 Cunctis
603 2451 799 2484 monialibus
824 2458 953 2486 nostrae
982 2463 1159 2496 congrega-

406 2502 503 2535 tionis
523 2506 680 2544 perpetuo
705 2501 877 2533 vivendum
898 2507 943 2534 est
965 2512 1003 2535 ex
1023 2502 1160 2535 eleemo-

406 2551 492 2595 synis
511 2556 599 2583 etex
624 2549 792 2582 reditibus.
816 2550 934 2583 Verum
962 2551 994 2584 iu
1024 2562 1160 2584 conven-

407 2600 492 2632 tibus
521 2598 588 2631 sitis
616 2599 647 2631 in
672 2598 799 2642 oppidis
826 2604 858 2631 et
888 2599 967 2633 locis
992 2600 1160 2644 populosis

407 2660 444 2682 ac
455 2648 627 2692 opulentis,
642 2647 674 2680 in
685 2647 803 2692 quibus
818 2647 1021 2681 commodius
1033 2653 1159 2681 susten-

409 2698 468 2731 tari
503 2702 678 2743 poterunt,
713 2707 779 2731 non
808 2697 947 2730 multum
973 2697 1159 2731 attendatur

1003 314 1057 339 nul
1065 314 1181 337 LAmUM
1206 313 1356 337 ROMANUM

1199 366 1237 398 ad
1267 365 1389 398 reditus
1406 375 1542 398 annuos.
1569 365 1603 397 ln
1624 365 1704 397 locis
1724 375 1799 397 vero
1826 365 1879 397 ubi
1915 377 1951 397 ex

1199 419 1276 451 solis
1300 419 1511 463 eleemosynis
1532 419 1637 451 vivere
1657 429 1721 451 non
1742 418 1952 462 permittitur,

1200 473 1322 506 reditus
1353 473 1549 505 sufficientes
1585 472 1705 505 habere
1734 472 1884 505 studeant
1922 473 1953 505 in

1200 526 1385 559 conminuit
1418 532 1561 559 ceterum
1587 526 1676 557 nulla
1702 524 1741 557 sit
1774 525 1955 559 differentia

1200 580 1284 613 inter
1305 579 1499 612 monasteria
1524 589 1608 621 quae
1639 579 1762 611 reditus
1789 578 1909 611 liabent
1925 584 1957 612 et

1200 634 1254 666 illa
1280 644 1363 676 quac
1385 633 1544 666 reditibus
1573 638 1697 666 carent.

1244 686 1307 720 Nec
1329 692 1439 730 petant
1459 687 1708 730 eleemosffnam,
1732 686 1810 718 dum
1831 685 1900 719 sine
1920 697 1957 719 ea

1201 740 1373 772 sustentari
1395 745 1560 783 poterunt.
1579 739 1684 778 Quare
1700 739 1738 771 ad
1757 750 1827 772 eam
1847 744 1956 783 peten-

1201 793 1272 826 dam
1300 793 1428 826 nonnisi
1457 804 1572 835 magna
1588 791 1777 826 necessitate
1793 792 1958 826 adducan-

1202 853 1263 885 tur⁷
1280 847 1335 879 sed
1354 846 1639 890 potiuslaboribus
1650 856 1806 878 manuum
1824 857 1956 879 suarum

1201 900 1320 933 rictum
1342 900 1402 932 sibi
1419 905 1608 943 procurent,
1628 905 1661 932 ut
1681 899 1817 932 Sanctus
1838 900 1958 933 Paulus

1201 954 1366 996 apostolus
1386 953 1535 985 faciebat.
1554 952 1711 985 Dominus
1726 952 1812 985 enim
1831 953 1958 987 ancillis

1200 1006 1266 1038 suis
1278 1017 1335 1049 pro
1349 1017 1404 1039 sua
1421 1006 1551 1039 coelesti
1564 1005 1764 1049 providentia
1776 1007 1957 1040 necessaria

1200 1060 1469 1092 suluninistrabit:
1493 1070 1567 1092 nam
1599 1065 1631 1092 et
1653 1059 1678 1092 si
1699 1059 1865 1103 superflua
1892 1071 1957 1093 non

1200 1118 1370 1155 quaerant,
1394 1118 1423 1146 et
1447 1113 1563 1156 frugali
1584 1113 1668 1145 victu
1690 1118 1861 1146 contentae
1881 1113 1958 1153 sint,

1200 1165 1280 1198 niliil
1315 1166 1354 1199 ad
1392 1166 1537 1210 ipsarum
1570 1166 1654 1199 vitae
1688 1166 1957 1200 sustentationem

1200 1220 1312 1253 deesse
1337 1220 1466 1263 poterit.
1490 1220 1590 1253 Porro
1624 1220 1649 1252 si
1670 1231 1706 1253 ex
1730 1220 1883 1254 omnibus
1911 1220 1957 1253 vi-

1202 1272 1290 1305 ribus
1310 1273 1377 1306 suis
1394 1272 1531 1306 Domino
1552 1273 1671 1306 servire
1692 1284 1729 1306 ac
1745 1273 1874 1317 placere
1894 1278 1957 1307 stu-

1200 1326 1333 1366 debunt,
1355 1326 1423 1369 ipse
1444 1326 1537 1359 Pater
1556 1331 1665 1359 noster
1682 1326 1830 1360 coelestis
1850 1327 1958 1371 provi·

1201 1379 1290 1412 debit
1310 1390 1350 1413 ne
1370 1379 1500 1413 deficiat
1515 1379 1560 1413 eis
1581 1390 1706 1413 merces
1721 1380 1869 1413 laborum
1891 1391 1959 1414 ma-

1201 1443 1301 1465 nuum
1323 1443 1470 1473 suarum,
1497 1444 1561 1477 qua
1581 1433 1753 1466 sustentari
1779 1439 1910 1477 queant.
1950 1465 1953 1467 Α

1244 1486 1330 1519 Nihil
1359 1487 1494 1520 omnino
1524 1487 1647 1531 proprii
1677 1487 1864 1531 possideant
1887 1498 1957 1521 mo-

1201 1540 1313 1580 niales,
1337 1550 1398 1574 nec
1434 1546 1469 1574 ut
1501 1541 1642 1574 habeant
1667 1540 1712 1574 eis
1745 1541 1955 1583 concedatur,

1200 1593 1296 1626 etiam
1317 1595 1365 1627 vel
1392 1595 1430 1627 ad
1451 1594 1558 1627 cibum
1580 1595 1627 1628 vel
1648 1595 1688 1627 ad
1708 1594 1872 1636 vestitum,
1894 1596 1956 1629 mi-

1201 1658 1328 1690 nusque
1357 1658 1448 1681 arcas
1468 1654 1523 1681 aut
1546 1648 1675 1682 arculas
1704 1648 1874 1688 retineant,
1896 1649 1957 1682 nisi

1201 1712 1237 1734 ca
1253 1701 1420 1737 dumtaxat
1436 1712 1519 1745 quae
1535 1712 1572 1735 ex
1589 1701 1778 1736 necessitate
1797 1702 1837 1735 ad
1852 1703 1958 1736 officia

1201 1760 1378 1788 conventus
1389 1756 1602 1793 destinantur;
1614 1756 1669 1789 sed
1684 1755 1769 1789 inter
1778 1766 1832 1790 eas
1850 1756 1959 1789 omnia

1201 1808 1264 1841 sint
1293 1808 1425 1841 omnino
1452 1810 1651 1850 communia,
1683 1809 1772 1852 quod
1799 1815 1830 1843 et
1849 1809 1958 1853 magni

1201 1861 1311 1903 refert,
1330 1872 1404 1895 nam
1422 1863 1519 1895 etiam
1540 1862 1571 1895 in
1592 1863 1703 1906 paucis
1723 1863 1831 1896 studet
1849 1863 1958 1897 diabo-

1202 1916 1252 1948 lus
1274 1915 1507 1958 perfectionem
1540 1915 1741 1959 paupertatis
1766 1915 1953 1959 infringere.

1201 1969 1306 2008 Quare
1335 1970 1571 2002 animadvertat
1599 1970 1775 2012 diligenter
1804 1970 1957 2013 priorissa

1203 2028 1248 2063 ut,
1285 2034 1358 2056 cum
1388 2022 1502 2056 viderit
1535 2023 1679 2067 aliquam
1700 2033 1737 2056 ex
1762 2023 1958 2057 monialibus

1201 2075 1333 2120 speciali
1363 2076 1481 2109 affectu
1515 2086 1571 2109 seu
1602 2076 1838 2120 complacentia
1871 2076 1956 2110 circa

1202 2130 1369 2174 quidpiam
1388 2130 1483 2170 trahi,
1499 2130 1563 2163 sive
1580 2129 1665 2163 circa
1684 2129 1797 2170 libros,
1815 2129 1879 2163 sive
1896 2130 1958 2163 cel-

1202 2185 1248 2217 las
1277 2184 1340 2217 sive
1368 2183 1455 2216 aliud
1486 2182 1667 2226 quidpiam,
1696 2182 1818 2224 videns,
1848 2183 1956 2217 statim

1202 2238 1384 2282 prohibeat:
1407 2236 1495 2281 quod
1514 2235 1646 2279 quidem
1663 2236 1696 2269 in
1716 2236 1866 2270 omnibus
1886 2247 1956 2270 mo-

1202 2291 1351 2326 nasteriis
1371 2290 1463 2324 enixe
1480 2290 1730 2324 custodiendum
1754 2300 1823 2324 esse
1847 2300 1957 2324 cense-

1203 2356 1287 2385 mus,
1309 2344 1373 2378 sive
1394 2344 1517 2378 reditus
1537 2343 1678 2377 habeant
1708 2343 1772 2377 sive
1797 2353 1885 2384 n0n;
1908 2343 1956 2377 id-

1202 2410 1265 2442 que
1290 2408 1400 2432 severe
1420 2397 1575 2442 priorissa
1591 2402 1782 2440 exequatur,
1800 2407 1860 2430 nec
1880 2408 1956 2441 per-

1202 2452 1307 2484 mittat
1351 2451 1436 2484 hanc
1482 2450 1747 2484 constitutionem
1794 2450 1956 2484 ullatenus

1203 2499 1346 2543 infringi,
1372 2499 1459 2542 quod
1480 2499 1505 2532 si
1526 2505 1728 2542 compertum
1751 2499 1849 2533 suerit
1867 2499 1954 2533 illam

1203 2550 1234 2583 in
1259 2549 1370 2592 aliquo
1390 2548 1516 2587 violari,
1538 2547 1677 2581 vicarius
1692 2553 1748 2582 aut
1767 2547 1955 2581 commissa—

1202 2599 1269 2632 rius
1288 2597 1448 2642 generalis
1468 2597 1630 2630 acriterin
1651 2597 1798 2631 eamdem
1820 2596 1954 2640 prioris-

1203 2659 1269 2682 sam
1291 2647 1536 2681 animadvertat.

1244 2697 1309 2732 Sed
1332 2706 1439 2741 neque
1459 2695 1525 2730 ulla
1556 2693 1705 2729 monialis
1729 2694 1819 2735 dare,
1844 2698 1957 2740 petere

1968 310 2020 338 An.
2037 310 2058 338 C
2083 310 2152 340 1590
