<?xml version="1.0" encoding="UTF-8"?>
<!DOCTYPE html PUBLIC "-//W3C//DTD XHTML 1.0 Transitional//EN"
    "http://www.w3.org/TR/xhtml1/DTD/xhtml1-transitional.dtd">
<html xmlns="http://www.w3.org/1999/xhtml" xml:lang="en" lang="en">
 <head>
  <title>
</title>
<meta http-equiv="Content-Type" content="text/html;charset=utf-8" />
  <meta name='ocr-system' content='tesseract 3.04.00' />
  <meta name='ocr-capabilities' content='ocr_page ocr_carea ocr_par ocr_line ocrx_word'/>
</head>
<body>
  <div class='ocr_page' id='page_1' title='image "./bullarumdiplomat09cath_0284.png"; bbox 0 0 2226 3070; ppageno 0'>
   <div class='ocr_carea' id='block_1_1' title="bbox 200 291 382 321">
    <p class='ocr_par' dir='ltr' id='par_1_1' title="bbox 200 291 382 321">
     <span class='ocr_line' id='line_1_1' title="bbox 200 291 382 321; baseline 0 0"><span class='ocrx_word' id='word_1_1' title='bbox 200 291 252 321; x_wconf 76' lang='lat' dir='ltr'>An.</span> <span class='ocrx_word' id='word_1_2' title='bbox 270 293 298 321; x_wconf 92' lang='lat' dir='ltr'>C.</span> <span class='ocrx_word' id='word_1_3' title='bbox 316 293 382 321; x_wconf 83' lang='lat'>1587</span> 
     </span>
    </p>
   </div>
   <div class='ocr_carea' id='block_1_2' title="bbox 197 1389 1152 1533">
    <p class='ocr_par' dir='ltr' id='par_1_2' title="bbox 197 1389 1152 1533">
     <span class='ocr_line' id='line_1_2' title="bbox 224 1389 375 1410; baseline 0.007 -2"><span class='ocrx_word' id='word_1_4' title='bbox 224 1389 283 1409; x_wconf 58' lang='lat' dir='ltr'>thuin</span> <span class='ocrx_word' id='word_1_5' title='bbox 310 1396 375 1410; x_wconf 63' lang='lat' dir='ltr'>revo-</span> 
     </span>
     <span class='ocr_line' id='line_1_3' title="bbox 197 1426 1152 1474; baseline -0.004 -10"><span class='ocrx_word' id='word_1_6' title='bbox 197 1426 206 1437; x_wconf 61' lang='lat'><em>⁰</em></span> <span class='ocrx_word' id='word_1_7' title='bbox 219 1427 258 1471; x_wconf 64' lang='grc' dir='ltr'><strong>,’ζ,“</strong></span> <span class='ocrx_word' id='word_1_8' title='bbox 274 1459 284 1471; x_wconf 55' lang='lat' dir='ltr'>fl</span> <span class='ocrx_word' id='word_1_9' title='bbox 300 1428 382 1472; x_wconf 49' lang='lat' dir='ltr'>&#39;&#39;&#39;‚⁴‚,&#39;,¹mff</span> <span class='ocrx_word' id='word_1_10' title='bbox 396 1431 433 1463; x_wconf 87' lang='lat' dir='ltr'>ad</span> <span class='ocrx_word' id='word_1_11' title='bbox 453 1431 653 1474; x_wconf 73' lang='lat' dir='ltr'>spiritualem</span> <span class='ocrx_word' id='word_1_12' title='bbox 675 1430 802 1473; x_wconf 83' lang='lat' dir='ltr'>piarum</span> <span class='ocrx_word' id='word_1_13' title='bbox 825 1429 983 1462; x_wconf 83' lang='lat' dir='ltr'>mentium</span> <span class='ocrx_word' id='word_1_14' title='bbox 1007 1429 1152 1461; x_wconf 78' lang='lat' dir='ltr'>consola-</span> 
     </span>
     <span class='ocr_line' id='line_1_4' title="bbox 198 1483 381 1504; baseline 0.011 -3"><span class='ocrx_word' id='word_1_15' title='bbox 198 1484 229 1502; x_wconf 69' lang='grc' dir='ltr'>ιιὸιι</span> <span class='ocrx_word' id='word_1_16' title='bbox 246 1483 381 1504; x_wconf 64' lang='lat' dir='ltr'>Pumtttcibus</span> 
     </span>
     <span class='ocr_line' id='line_1_5' title="bbox 212 1521 300 1533; baseline 0.034 -3"><span class='ocrx_word' id='word_1_17' title='bbox 212 1521 300 1533; x_wconf 50' lang='grc' dir='ltr'>ΗΙΙΓΙηῆΙ</span> 
     </span>
    </p>
   </div>
   <div class='ocr_carea' id='block_1_3' title="bbox 225 1867 839 1954">
    <p class='ocr_par' dir='ltr' id='par_1_3' title="bbox 225 1867 839 1954">
     <span class='ocr_line' id='line_1_6' title="bbox 225 1867 380 1888; baseline 0.006 -1"><span class='ocrx_word' id='word_1_18' title='bbox 225 1867 338 1888; x_wconf 64' lang='lat' dir='ltr'>ttemcauu</span> <span class='ocrx_word' id='word_1_19' title='bbox 355 1869 380 1888; x_wconf 72' lang='lat' dir='ltr'>de</span> 
     </span>
     <span class='ocr_line' id='line_1_7' title="bbox 231 1906 839 1954; baseline -0.002 -11"><span class='ocrx_word' id='word_1_20' title='bbox 231 1906 236 1917; x_wconf 69' lang='lat'><strong>⁴</strong></span> <span class='ocrx_word' id='word_1_21' title='bbox 254 1906 272 1918; x_wconf 81' lang='lat'>&#39;¹&#39;</span> <span class='ocrx_word' id='word_1_22' title='bbox 287 1906 331 1919; x_wconf 77' lang='lat'>&#39;&#39;¹&#39;&#39;</span> <span class='ocrx_word' id='word_1_23' title='bbox 348 1907 371 1919; x_wconf 58' lang='lat'>”⁶</span> <span class='ocrx_word' id='word_1_24' title='bbox 397 1911 620 1954; x_wconf 80' lang='lat' dir='ltr'>tranquillitati</span> <span class='ocrx_word' id='word_1_25' title='bbox 650 1911 819 1943; x_wconf 75' lang='lat' dir='ltr'>consulere</span> <span class='ocrx_word' id='word_1_26' title='bbox 832 1937 839 1949; x_wconf 98' lang='lat'>,</span> 
     </span>
    </p>
   </div>
   <div class='ocr_carea' id='block_1_4' title="bbox 399 340 1149 656">
    <p class='ocr_par' dir='ltr' id='par_1_4' title="bbox 400 340 1149 440">
     <span class='ocr_line' id='line_1_8' title="bbox 400 340 1149 383; baseline -0.007 -6"><span class='ocrx_word' id='word_1_27' title='bbox 400 344 457 377; x_wconf 87' lang='lat' dir='ltr'>ctis</span> <span class='ocrx_word' id='word_1_28' title='bbox 469 344 641 377; x_wconf 78' lang='lat' dir='ltr'>voluerunt</span> <span class='ocrx_word' id='word_1_29' title='bbox 653 354 715 376; x_wconf 88' lang='lat' dir='ltr'>non</span> <span class='ocrx_word' id='word_1_30' title='bbox 731 343 868 382; x_wconf 80' lang='lat' dir='ltr'>obstare,</span> <span class='ocrx_word' id='word_1_31' title='bbox 877 340 1059 383; x_wconf 75' lang='lat' dir='ltr'>ceterisque</span> <span class='ocrx_word' id='word_1_32' title='bbox 1071 350 1149 373; x_wconf 81' lang='lat' dir='ltr'>eon-</span> 
     </span>
     <span class='ocr_line' id='line_1_9' title="bbox 400 397 798 440; baseline -0.003 -11"><span class='ocrx_word' id='word_1_33' title='bbox 400 397 505 430; x_wconf 85' lang='lat' dir='ltr'>trariis</span> <span class='ocrx_word' id='word_1_34' title='bbox 525 397 798 440; x_wconf 78' lang='lat' dir='ltr'>quibuscumque.</span> 
     </span>
    </p>

    <p class='ocr_par' dir='ltr' id='par_1_5' title="bbox 399 447 1148 599">
     <span class='ocr_line' id='line_1_10' title="bbox 443 447 1147 493; baseline -0.006 -11"><span class='ocrx_word' id='word_1_35' title='bbox 443 450 556 483; x_wconf 88' lang='lat' dir='ltr'>Datum</span> <span class='ocrx_word' id='word_1_36' title='bbox 577 451 698 483; x_wconf 84' lang='lat' dir='ltr'>Romae</span> <span class='ocrx_word' id='word_1_37' title='bbox 718 449 802 493; x_wconf 87' lang='lat' dir='ltr'>apud</span> <span class='ocrx_word' id='word_1_38' title='bbox 827 448 981 481; x_wconf 85' lang='lat' dir='ltr'>Sanctum</span> <span class='ocrx_word' id='word_1_39' title='bbox 1005 447 1147 484; x_wconf 84' lang='lat' dir='ltr'>Petrum,</span> 
     </span>
     <span class='ocr_line' id='line_1_11' title="bbox 399 499 1148 540; baseline -0.007 -4"><span class='ocrx_word' id='word_1_40' title='bbox 399 505 459 536; x_wconf 82' lang='lat' dir='ltr'>sub</span> <span class='ocrx_word' id='word_1_41' title='bbox 485 504 606 537; x_wconf 86' lang='lat' dir='ltr'>aimulo</span> <span class='ocrx_word' id='word_1_42' title='bbox 629 502 815 540; x_wconf 68' lang='lat' dir='ltr'>l’isratoris,</span> <span class='ocrx_word' id='word_1_43' title='bbox 848 500 900 533; x_wconf 88' lang='lat' dir='ltr'>die</span> <span class='ocrx_word' id='word_1_44' title='bbox 925 510 984 533; x_wconf 78' lang='lat' dir='ltr'>xvn</span> <span class='ocrx_word' id='word_1_45' title='bbox 1012 499 1148 532; x_wconf 87' lang='lat' dir='ltr'>ianuarii</span> 
     </span>
     <span class='ocr_line' id='line_1_12' title="bbox 400 553 1147 599; baseline -0.007 -9"><span class='ocrx_word' id='word_1_46' title='bbox 400 567 579 597; x_wconf 72' lang='lat' dir='ltr'>untxxxvn,</span> <span class='ocrx_word' id='word_1_47' title='bbox 603 556 744 599; x_wconf 71' lang='lat' dir='ltr'>pontific.</span> <span class='ocrx_word' id='word_1_48' title='bbox 769 554 869 587; x_wconf 81' lang='lat' dir='ltr'>nostri</span> <span class='ocrx_word' id='word_1_49' title='bbox 889 564 975 587; x_wconf 89' lang='lat' dir='ltr'>anno</span> <span class='ocrx_word' id='word_1_50' title='bbox 991 553 1147 586; x_wconf 79' lang='lat' dir='ltr'>secundo.</span> 
     </span>
    </p>

    <p class='ocr_par' dir='ltr' id='par_1_6' title="bbox 454 617 1094 656">
     <span class='ocr_line' id='line_1_13' title="bbox 454 617 1094 656; baseline -0.006 -7"><span class='ocrx_word' id='word_1_51' title='bbox 454 620 516 649; x_wconf 81' lang='lat' dir='ltr'>Ital.</span> <span class='ocrx_word' id='word_1_52' title='bbox 536 619 581 648; x_wconf 84' lang='lat' dir='ltr'>die</span> <span class='ocrx_word' id='word_1_53' title='bbox 605 619 636 648; x_wconf 78' lang='grc' dir='ltr'>Π</span> <span class='ocrx_word' id='word_1_54' title='bbox 657 619 716 647; x_wconf 82' lang='lat' dir='ltr'>ian.</span> <span class='ocrx_word' id='word_1_55' title='bbox 739 617 825 654; x_wconf 75' lang='lat'>1587,</span> <span class='ocrx_word' id='word_1_56' title='bbox 843 617 947 656; x_wconf 80' lang='lat' dir='ltr'>pontis.</span> <span class='ocrx_word' id='word_1_57' title='bbox 969 625 1046 646; x_wconf 91' lang='lat' dir='ltr'>anno</span> <span class='ocrx_word' id='word_1_58' title='bbox 1062 624 1094 645; x_wconf 86' lang='grc' dir='ltr'>ιι.</span> 
     </span>
    </p>
   </div>
   <div class='ocr_carea' id='block_1_5' title="bbox 739 807 789 839">
    <p class='ocr_par' dir='ltr' id='par_1_7' title="bbox 739 807 789 839">
     <span class='ocr_line' id='line_1_14' title="bbox 739 807 789 839; baseline 0 0"><span class='ocrx_word' id='word_1_59' title='bbox 739 807 789 839; x_wconf 83' lang='lat' dir='ltr'>Xl.</span> 
     </span>
    </p>
   </div>
   <div class='ocr_carea' id='block_1_6' title="bbox 398 889 1150 1206">
    <p class='ocr_par' dir='ltr' id='par_1_8' title="bbox 398 889 1150 1206">
     <span class='ocr_line' id='line_1_15' title="bbox 398 889 1149 935; baseline -0.011 -7"><span class='ocrx_word' id='word_1_60' title='bbox 398 895 566 928; x_wconf 73' lang='lat' dir='ltr'>Revocatio</span> <span class='ocrx_word' id='word_1_61' title='bbox 587 895 796 927; x_wconf 64' lang='lat' dir='ltr'>ticenum-um</span> <span class='ocrx_word' id='word_1_62' title='bbox 819 891 982 935; x_wconf 70' lang='lat' dir='ltr'><em>quibusvis</em></span> <span class='ocrx_word' id='word_1_63' title='bbox 1002 889 1149 922; x_wconf 71' lang='lat' dir='ltr'>mulieri-</span> 
     </span>
     <span class='ocr_line' id='line_1_16' title="bbox 441 944 1150 991; baseline -0.008 -10"><span class='ocrx_word' id='word_1_64' title='bbox 441 950 509 989; x_wconf 73' lang='lat' dir='ltr'>hus,</span> <span class='ocrx_word' id='word_1_65' title='bbox 532 949 756 991; x_wconf 74' lang='lat' dir='ltr'>cuiuscumque</span> <span class='ocrx_word' id='word_1_66' title='bbox 775 950 889 985; x_wconf 65' lang='lat' dir='ltr'>status,</span> <span class='ocrx_word' id='word_1_67' title='bbox 909 944 1106 977; x_wconf 71' lang='lat' dir='ltr'>conditionis</span> <span class='ocrx_word' id='word_1_68' title='bbox 1122 947 1150 975; x_wconf 75' lang='lat' dir='ltr'>et</span> 
     </span>
     <span class='ocr_line' id='line_1_17' title="bbox 440 998 1149 1046; baseline -0.01 -11"><span class='ocrx_word' id='word_1_69' title='bbox 440 1002 614 1046; x_wconf 57' lang='lat' dir='ltr'>diffinitatis</span> <span class='ocrx_word' id='word_1_70' title='bbox 634 1001 857 1040; x_wconf 59' lang='lat' dir='ltr'>cris-tentibus,</span> <span class='ocrx_word' id='word_1_71' title='bbox 880 1010 901 1031; x_wconf 79' lang='grc' dir='ltr'>(ι</span> <span class='ocrx_word' id='word_1_72' title='bbox 920 998 1096 1042; x_wconf 67' lang='lat' dir='ltr'>quibusvis,</span> <span class='ocrx_word' id='word_1_73' title='bbox 1119 1007 1149 1028; x_wconf 71' lang='lat' dir='ltr'>c-</span> 
     </span>
     <span class='ocr_line' id='line_1_18' title="bbox 442 1054 1149 1097; baseline -0.006 -9"><span class='ocrx_word' id='word_1_74' title='bbox 442 1057 523 1088; x_wconf 78' lang='lat' dir='ltr'>tiam</span> <span class='ocrx_word' id='word_1_75' title='bbox 543 1055 702 1088; x_wconf 75' lang='lat' dir='ltr'>Romanis</span> <span class='ocrx_word' id='word_1_76' title='bbox 722 1054 937 1097; x_wconf 75' lang='lat' dir='ltr'>Pontificibus</span> <span class='ocrx_word' id='word_1_77' title='bbox 951 1079 958 1093; x_wconf 85' lang='lat'>,</span> <span class='ocrx_word' id='word_1_78' title='bbox 986 1063 1149 1086; x_wconf 71' lang='lat' dir='ltr'>concessa-</span> 
     </span>
     <span class='ocr_line' id='line_1_19' title="bbox 440 1107 1150 1151; baseline -0.001 -10"><span class='ocrx_word' id='word_1_79' title='bbox 440 1120 513 1142; x_wconf 72' lang='lat' dir='ltr'>rum</span> <span class='ocrx_word' id='word_1_80' title='bbox 529 1108 733 1151; x_wconf 71' lang='lat' dir='ltr'>inqrecliendi</span> <span class='ocrx_word' id='word_1_81' title='bbox 744 1107 945 1140; x_wconf 74' lang='lat' dir='ltr'>monasteriu-</span> <span class='ocrx_word' id='word_1_82' title='bbox 954 1107 1150 1140; x_wconf 76' lang='lat' dir='ltr'>monialium</span> 
     </span>
     <span class='ocr_line' id='line_1_20' title="bbox 441 1160 916 1206; baseline -0.006 -10"><span class='ocrx_word' id='word_1_83' title='bbox 441 1164 477 1196; x_wconf 74' lang='lat' dir='ltr'>‘in</span> <span class='ocrx_word' id='word_1_84' title='bbox 496 1163 605 1206; x_wconf 68' lang='lat' dir='ltr'>reym&#39;s</span> <span class='ocrx_word' id='word_1_85' title='bbox 624 1162 869 1205; x_wconf 72' lang='lat' dir='ltr'><em>Hispaniarum</em></span> <span class='ocrx_word' id='word_1_86' title='bbox 890 1160 916 1194; x_wconf 87' lang='lat'>1.</span> 
     </span>
    </p>
   </div>
   <div class='ocr_carea' id='block_1_7' title="bbox 440 1251 1106 1288">
    <p class='ocr_par' dir='ltr' id='par_1_9' title="bbox 440 1251 1106 1288">
     <span class='ocr_line' id='line_1_21' title="bbox 440 1251 1106 1288; baseline 0 -9"><span class='ocrx_word' id='word_1_87' title='bbox 440 1252 537 1280; x_wconf 81' lang='lat' dir='ltr'><strong>sixtus</strong></span> <span class='ocrx_word' id='word_1_88' title='bbox 556 1253 627 1288; x_wconf 76' lang='lat' dir='ltr'>Papa</span> <span class='ocrx_word' id='word_1_89' title='bbox 636 1252 667 1285; x_wconf 86' lang='lat' dir='ltr'>V,</span> <span class='ocrx_word' id='word_1_90' title='bbox 683 1253 716 1280; x_wconf 76' lang='lat' dir='ltr'>ad</span> <span class='ocrx_word' id='word_1_91' title='bbox 732 1251 860 1280; x_wconf 75' lang='lat' dir='ltr'>futuram</span> <span class='ocrx_word' id='word_1_92' title='bbox 876 1252 916 1280; x_wconf 74' lang='lat' dir='ltr'>roi</span> <span class='ocrx_word' id='word_1_93' title='bbox 937 1252 1106 1280; x_wconf 80' lang='lat' dir='ltr'>memoriam.</span> 
     </span>
    </p>
   </div>
   <div class='ocr_carea' id='block_1_8' title="bbox 397 1322 1151 1420">
    <p class='ocr_par' dir='ltr' id='par_1_10' title="bbox 397 1322 1151 1420">
     <span class='ocr_line' id='line_1_22' title="bbox 440 1322 1151 1367; baseline -0.003 -10"><span class='ocrx_word' id='word_1_94' title='bbox 440 1324 570 1364; x_wconf 84' lang='lat' dir='ltr'>Quoties</span> <span class='ocrx_word' id='word_1_95' title='bbox 590 1324 725 1367; x_wconf 74' lang='lat' dir='ltr'>gratiae,</span> <span class='ocrx_word' id='word_1_96' title='bbox 749 1323 873 1356; x_wconf 87' lang='lat' dir='ltr'>indulta</span> <span class='ocrx_word' id='word_1_97' title='bbox 893 1323 940 1356; x_wconf 80' lang='lat' dir='ltr'>vel</span> <span class='ocrx_word' id='word_1_98' title='bbox 967 1322 1029 1356; x_wconf 79' lang='lat' dir='ltr'>alia</span> <span class='ocrx_word' id='word_1_99' title='bbox 1056 1322 1151 1366; x_wconf 80' lang='lat' dir='ltr'>privi-</span> 
     </span>
     <span class='ocr_line' id='line_1_23' title="bbox 397 1375 1151 1420; baseline -0.003 -11"><span class='ocrx_word' id='word_1_100' title='bbox 397 1378 479 1417; x_wconf 61' lang='lat' dir='ltr'>legia</span> <span class='ocrx_word' id='word_1_101' title='bbox 515 1389 532 1410; x_wconf 92' lang='lat' dir='ltr'>a</span> <span class='ocrx_word' id='word_1_102' title='bbox 564 1377 645 1410; x_wconf 83' lang='lat' dir='ltr'>Sede</span> <span class='ocrx_word' id='word_1_103' title='bbox 680 1377 863 1420; x_wconf 74' lang='lat' dir='ltr'>Apostolica</span> <span class='ocrx_word' id='word_1_104' title='bbox 884 1386 1049 1415; x_wconf 77' lang='lat' dir='ltr'>concessa,</span> <span class='ocrx_word' id='word_1_105' title='bbox 1077 1375 1151 1408; x_wconf 75' lang='lat' dir='ltr'>licet</span> 
     </span>
    </p>
   </div>
   <div class='ocr_carea' id='block_1_9' title="bbox 394 1482 1151 2646">
    <p class='ocr_par' dir='ltr' id='par_1_11' title="bbox 396 1482 1151 1783">
     <span class='ocr_line' id='line_1_24' title="bbox 397 1482 1151 1526; baseline -0.001 -10"><span class='ocrx_word' id='word_1_106' title='bbox 397 1485 516 1517; x_wconf 88' lang='lat' dir='ltr'>tionem</span> <span class='ocrx_word' id='word_1_107' title='bbox 539 1485 577 1516; x_wconf 85' lang='lat' dir='ltr'>ab</span> <span class='ocrx_word' id='word_1_108' title='bbox 600 1483 693 1516; x_wconf 82' lang='lat' dir='ltr'>initio</span> <span class='ocrx_word' id='word_1_109' title='bbox 716 1483 861 1522; x_wconf 82' lang='lat' dir='ltr'>tendant,</span> <span class='ocrx_word' id='word_1_110' title='bbox 884 1483 907 1515; x_wconf 88' lang='lat' dir='ltr'>si</span> <span class='ocrx_word' id='word_1_111' title='bbox 930 1482 1087 1526; x_wconf 86' lang='lat' dir='ltr'>temporis</span> <span class='ocrx_word' id='word_1_112' title='bbox 1109 1488 1151 1515; x_wconf 85' lang='lat' dir='ltr'>ta-</span> 
     </span>
     <span class='ocr_line' id='line_1_25' title="bbox 398 1537 1148 1580; baseline -0.003 -10"><span class='ocrx_word' id='word_1_113' title='bbox 398 1549 470 1571; x_wconf 83' lang='lat' dir='ltr'>men</span> <span class='ocrx_word' id='word_1_114' title='bbox 497 1548 648 1571; x_wconf 59' lang='lat' dir='ltr'>successu</span> <span class='ocrx_word' id='word_1_115' title='bbox 676 1537 900 1580; x_wconf 71' lang='lat' dir='ltr'>religiosarum</span> <span class='ocrx_word' id='word_1_116' title='bbox 936 1547 1148 1579; x_wconf 87' lang='lat' dir='ltr'>personarum</span> 
     </span>
     <span class='ocr_line' id='line_1_26' title="bbox 396 1590 1149 1623; baseline -0.001 0"><span class='ocrx_word' id='word_1_117' title='bbox 396 1591 565 1623; x_wconf 84' lang='lat' dir='ltr'>animabus</span> <span class='ocrx_word' id='word_1_118' title='bbox 585 1591 817 1623; x_wconf 71' lang='lat' dir='ltr'>detrimentum</span> <span class='ocrx_word' id='word_1_119' title='bbox 840 1590 886 1623; x_wconf 79' lang='lat' dir='ltr'>rel</span> <span class='ocrx_word' id='word_1_120' title='bbox 906 1590 1149 1623; x_wconf 80' lang='lat' dir='ltr'>incommodum</span> 
     </span>
     <span class='ocr_line' id='line_1_27' title="bbox 396 1643 1150 1685; baseline -0.001 -9"><span class='ocrx_word' id='word_1_121' title='bbox 396 1645 512 1677; x_wconf 78' lang='lat' dir='ltr'>all&#39;erre</span> <span class='ocrx_word' id='word_1_122' title='bbox 544 1644 797 1685; x_wconf 59' lang='lat' dir='ltr'>dignoscantur,</span> <span class='ocrx_word' id='word_1_123' title='bbox 826 1643 991 1685; x_wconf 72' lang='lat' dir='ltr'>religionis</span> <span class='ocrx_word' id='word_1_124' title='bbox 1012 1648 1038 1676; x_wconf 87' lang='lat' dir='ltr'>et</span> <span class='ocrx_word' id='word_1_125' title='bbox 1071 1643 1150 1675; x_wconf 85' lang='lat' dir='ltr'>cari-</span> 
     </span>
     <span class='ocr_line' id='line_1_28' title="bbox 397 1696 1150 1739; baseline -0.003 -10"><span class='ocrx_word' id='word_1_126' title='bbox 397 1698 468 1729; x_wconf 79' lang='lat' dir='ltr'>tatis</span> <span class='ocrx_word' id='word_1_127' title='bbox 489 1698 571 1730; x_wconf 86' lang='lat' dir='ltr'>ratio</span> <span class='ocrx_word' id='word_1_128' title='bbox 592 1697 700 1729; x_wconf 65' lang='lat' dir='ltr'>suadet</span> <span class='ocrx_word' id='word_1_129' title='bbox 732 1703 765 1729; x_wconf 87' lang='lat' dir='ltr'>ut</span> <span class='ocrx_word' id='word_1_130' title='bbox 791 1696 844 1728; x_wconf 84' lang='lat' dir='ltr'>illa</span> <span class='ocrx_word' id='word_1_131' title='bbox 876 1696 1008 1729; x_wconf 83' lang='lat' dir='ltr'>salutari</span> <span class='ocrx_word' id='word_1_132' title='bbox 1031 1696 1150 1739; x_wconf 72' lang='lat' dir='ltr'>praesi-</span> 
     </span>
     <span class='ocr_line' id='line_1_29' title="bbox 396 1751 939 1783; baseline 0.004 -2"><span class='ocrx_word' id='word_1_133' title='bbox 396 1751 500 1783; x_wconf 74' lang='lat' dir='ltr'>dentis</span> <span class='ocrx_word' id='word_1_134' title='bbox 520 1751 655 1783; x_wconf 67' lang='lat' dir='ltr'>consilio</span> <span class='ocrx_word' id='word_1_135' title='bbox 675 1751 939 1783; x_wconf 66' lang='lat' dir='ltr'>sulnnm&#39;eantur.</span> 
     </span>
    </p>

    <p class='ocr_par' dir='ltr' id='par_1_12' title="bbox 394 1803 1150 2646">
     <span class='ocr_line' id='line_1_30' title="bbox 440 1803 1150 1847; baseline -0.003 -11"><span class='ocrx_word' id='word_1_136' title='bbox 440 1805 455 1845; x_wconf 54' lang='grc' dir='ltr'>,ξ</span> <span class='ocrx_word' id='word_1_137' title='bbox 480 1804 511 1836; x_wconf 67' lang='lat' dir='ltr'>l.</span> <span class='ocrx_word' id='word_1_138' title='bbox 539 1804 709 1843; x_wconf 70' lang='lat' dir='ltr'>Quocirca,</span> <span class='ocrx_word' id='word_1_139' title='bbox 734 1814 791 1847; x_wconf 91' lang='lat' dir='ltr'>pro</span> <span class='ocrx_word' id='word_1_140' title='bbox 812 1803 985 1836; x_wconf 68' lang='lat' dir='ltr'>commisso</span> <span class='ocrx_word' id='word_1_141' title='bbox 996 1803 1150 1836; x_wconf 82' lang='lat' dir='ltr'>divinitus</span> 
     </span>
     <span class='ocr_line' id='line_1_31' title="bbox 397 1857 1147 1899; baseline -0.001 -10"><span class='ocrx_word' id='word_1_142' title='bbox 397 1857 489 1889; x_wconf 81' lang='lat' dir='ltr'>nobis</span> <span class='ocrx_word' id='word_1_143' title='bbox 514 1858 641 1895; x_wconf 76' lang='lat' dir='ltr'>officio,</span> <span class='ocrx_word' id='word_1_144' title='bbox 672 1857 968 1890; x_wconf 64' lang='lat' dir='ltr'>sanctimonialium</span> <span class='ocrx_word' id='word_1_145' title='bbox 989 1857 1089 1899; x_wconf 70' lang='lat' dir='ltr'>quieti</span> <span class='ocrx_word' id='word_1_146' title='bbox 1120 1862 1147 1888; x_wconf 75' lang='lat' dir='ltr'>et</span> 
     </span>
     <span class='ocr_line' id='line_1_32' title="bbox 862 1910 1148 1953; baseline -0.007 -10"><span class='ocrx_word' id='word_1_147' title='bbox 862 1921 898 1943; x_wconf 79' lang='lat' dir='ltr'>ae</span> <span class='ocrx_word' id='word_1_148' title='bbox 928 1910 1036 1942; x_wconf 81' lang='lat' dir='ltr'>onmia</span> <span class='ocrx_word' id='word_1_149' title='bbox 1066 1920 1148 1953; x_wconf 80' lang='lat' dir='ltr'>quae</span> 
     </span>
     <span class='ocr_line' id='line_1_33' title="bbox 398 1963 1148 2007; baseline 0.001 -13"><span class='ocrx_word' id='word_1_150' title='bbox 398 1964 467 1996; x_wconf 85' lang='lat' dir='ltr'>illas</span> <span class='ocrx_word' id='word_1_151' title='bbox 491 1975 508 1996; x_wconf 89' lang='lat' dir='ltr'>a</span> <span class='ocrx_word' id='word_1_152' title='bbox 529 1964 636 1996; x_wconf 64' lang='lat' dir='ltr'>(lirino</span> <span class='ocrx_word' id='word_1_153' title='bbox 662 1964 751 1996; x_wconf 76' lang='lat' dir='ltr'>cultu</span> <span class='ocrx_word' id='word_1_154' title='bbox 769 1969 796 1995; x_wconf 82' lang='lat' dir='ltr'>et</span> <span class='ocrx_word' id='word_1_155' title='bbox 820 1974 837 1995; x_wconf 84' lang='lat' dir='ltr'>a</span> <span class='ocrx_word' id='word_1_156' title='bbox 857 1963 1075 2007; x_wconf 68' lang='lat' dir='ltr'>spiritualium</span> <span class='ocrx_word' id='word_1_157' title='bbox 1093 1974 1148 1996; x_wconf 73' lang='lat' dir='ltr'>co-</span> 
     </span>
     <span class='ocr_line' id='line_1_34' title="bbox 396 2018 1149 2057; baseline 0 -9"><span class='ocrx_word' id='word_1_158' title='bbox 396 2018 551 2057; x_wconf 59' lang='lat' dir='ltr'>gitatione</span> <span class='ocrx_word' id='word_1_159' title='bbox 572 2024 599 2050; x_wconf 70' lang='lat' dir='ltr'>et</span> <span class='ocrx_word' id='word_1_160' title='bbox 622 2018 774 2051; x_wconf 67' lang='lat' dir='ltr'>exercitio</span> <span class='ocrx_word' id='word_1_161' title='bbox 788 2023 935 2057; x_wconf 75' lang='lat' dir='ltr'>avocant,</span> <span class='ocrx_word' id='word_1_162' title='bbox 951 2028 1024 2050; x_wconf 80' lang='lat' dir='ltr'>cum</span> <span class='ocrx_word' id='word_1_163' title='bbox 1038 2028 1074 2050; x_wconf 79' lang='lat' dir='ltr'>cx</span> <span class='ocrx_word' id='word_1_164' title='bbox 1090 2018 1149 2050; x_wconf 67' lang='lat' dir='ltr'>l&#39;re-</span> 
     </span>
     <span class='ocr_line' id='line_1_35' title="bbox 397 2071 1147 2113; baseline 0 -10"><span class='ocrx_word' id='word_1_165' title='bbox 397 2071 570 2113; x_wconf 80' lang='lat' dir='ltr'>quentibus</span> <span class='ocrx_word' id='word_1_166' title='bbox 591 2071 808 2103; x_wconf 66' lang='lat' dir='ltr'>sanwularium</span> <span class='ocrx_word' id='word_1_167' title='bbox 839 2071 1013 2103; x_wconf 76' lang='lat' dir='ltr'>mulierum</span> <span class='ocrx_word' id='word_1_168' title='bbox 1040 2071 1147 2104; x_wconf 81' lang='lat' dir='ltr'>visita-</span> 
     </span>
     <span class='ocr_line' id='line_1_36' title="bbox 397 2124 1147 2168; baseline 0 -12"><span class='ocrx_word' id='word_1_169' title='bbox 397 2125 540 2157; x_wconf 85' lang='lat' dir='ltr'>tionibus</span> <span class='ocrx_word' id='word_1_170' title='bbox 558 2131 584 2158; x_wconf 91' lang='lat' dir='ltr'>et</span> <span class='ocrx_word' id='word_1_171' title='bbox 615 2125 787 2168; x_wconf 69' lang='lat' dir='ltr'>rolloquiis</span> <span class='ocrx_word' id='word_1_172' title='bbox 812 2136 923 2157; x_wconf 72' lang='lat' dir='ltr'>eariun</span> <span class='ocrx_word' id='word_1_173' title='bbox 944 2124 1073 2158; x_wconf 80' lang='lat' dir='ltr'>devotio</span> <span class='ocrx_word' id='word_1_174' title='bbox 1100 2125 1147 2157; x_wconf 93' lang='lat' dir='ltr'>in-</span> 
     </span>
     <span class='ocr_line' id='line_1_37' title="bbox 398 2178 1148 2221; baseline 0.001 -12"><span class='ocrx_word' id='word_1_175' title='bbox 398 2183 561 2221; x_wconf 70' lang='lat' dir='ltr'>tepescere</span> <span class='ocrx_word' id='word_1_176' title='bbox 573 2179 684 2218; x_wconf 71' lang='lat' dir='ltr'>soleat,</span> <span class='ocrx_word' id='word_1_177' title='bbox 695 2178 868 2221; x_wconf 71' lang='lat' dir='ltr'>debitaque</span> <span class='ocrx_word' id='word_1_178' title='bbox 881 2189 939 2221; x_wconf 90' lang='lat' dir='ltr'>per</span> <span class='ocrx_word' id='word_1_179' title='bbox 953 2189 1005 2211; x_wconf 86' lang='lat' dir='ltr'>eas</span> <span class='ocrx_word' id='word_1_180' title='bbox 1019 2179 1047 2210; x_wconf 92' lang='lat' dir='ltr'>in</span> <span class='ocrx_word' id='word_1_181' title='bbox 1062 2180 1148 2210; x_wconf 64' lang='lat' dir='ltr'>clau-</span> 
     </span>
     <span class='ocr_line' id='line_1_38' title="bbox 396 2231 1147 2274; baseline 0.003 -13"><span class='ocrx_word' id='word_1_182' title='bbox 396 2231 469 2262; x_wconf 63' lang='lat' dir='ltr'>&gt;it-is</span> <span class='ocrx_word' id='word_1_183' title='bbox 490 2231 667 2263; x_wconf 83' lang='lat' dir='ltr'>ministeria</span> <span class='ocrx_word' id='word_1_184' title='bbox 689 2231 843 2274; x_wconf 86' lang='lat' dir='ltr'>paulatim</span> <span class='ocrx_word' id='word_1_185' title='bbox 858 2231 1075 2269; x_wconf 69' lang='lat' dir='ltr'>dimittantur2</span> <span class='ocrx_word' id='word_1_186' title='bbox 1091 2233 1147 2263; x_wconf 90' lang='lat' dir='ltr'>im-</span> 
     </span>
     <span class='ocr_line' id='line_1_39' title="bbox 396 2284 1147 2328; baseline 0.005 -15"><span class='ocrx_word' id='word_1_187' title='bbox 396 2284 580 2326; x_wconf 69' lang='lat' dir='ltr'>pedimenta</span> <span class='ocrx_word' id='word_1_188' title='bbox 602 2285 728 2323; x_wconf 73' lang='lat' dir='ltr'>tollore,</span> <span class='ocrx_word' id='word_1_189' title='bbox 746 2291 843 2327; x_wconf 80' lang='lat' dir='ltr'>atquc</span> <span class='ocrx_word' id='word_1_190' title='bbox 856 2284 1001 2328; x_wconf 75' lang='lat' dir='ltr'>pericula</span> <span class='ocrx_word' id='word_1_191' title='bbox 1018 2290 1147 2318; x_wconf 78' lang='lat' dir='ltr'>etscan-</span> 
     </span>
     <span class='ocr_line' id='line_1_40' title="bbox 395 2337 1147 2381; baseline 0.004 -14"><span class='ocrx_word' id='word_1_192' title='bbox 395 2337 467 2368; x_wconf 80' lang='lat' dir='ltr'>dala</span> <span class='ocrx_word' id='word_1_193' title='bbox 491 2337 531 2369; x_wconf 79' lang='lat' dir='ltr'>ab</span> <span class='ocrx_word' id='word_1_194' title='bbox 552 2338 596 2369; x_wconf 84' lang='lat' dir='ltr'>eis</span> <span class='ocrx_word' id='word_1_195' title='bbox 617 2348 780 2370; x_wconf 79' lang='lat' dir='ltr'>removere</span> <span class='ocrx_word' id='word_1_196' title='bbox 801 2338 979 2381; x_wconf 79' lang='lat' dir='ltr'>cupientes,</span> <span class='ocrx_word' id='word_1_197' title='bbox 1002 2348 1067 2380; x_wconf 85' lang='lat' dir='ltr'>quo</span> <span class='ocrx_word' id='word_1_198' title='bbox 1088 2338 1147 2371; x_wconf 76' lang='lat' dir='ltr'>sci-</span> 
     </span>
     <span class='ocr_line' id='line_1_41' title="bbox 396 2390 1146 2435; baseline 0.004 -14"><span class='ocrx_word' id='word_1_199' title='bbox 396 2390 469 2422; x_wconf 70' lang='lat' dir='ltr'>licet</span> <span class='ocrx_word' id='word_1_200' title='bbox 496 2390 595 2434; x_wconf 76' lang='lat' dir='ltr'>ipsae,</span> <span class='ocrx_word' id='word_1_201' title='bbox 627 2392 714 2423; x_wconf 84' lang='lat' dir='ltr'>nulla</span> <span class='ocrx_word' id='word_1_202' title='bbox 742 2402 775 2423; x_wconf 91' lang='lat' dir='ltr'>re</span> <span class='ocrx_word' id='word_1_203' title='bbox 805 2391 1023 2435; x_wconf 70' lang='lat' dir='ltr'>praepeditae,</span> <span class='ocrx_word' id='word_1_204' title='bbox 1061 2391 1146 2424; x_wconf 85' lang='lat' dir='ltr'>iuxta</span> 
     </span>
     <span class='ocr_line' id='line_1_42' title="bbox 395 2443 1146 2486; baseline 0.003 -11"><span class='ocrx_word' id='word_1_205' title='bbox 395 2443 550 2475; x_wconf 80' lang='lat' dir='ltr'>Ordinum</span> <span class='ocrx_word' id='word_1_206' title='bbox 567 2444 1146 2486; x_wconf 76' lang='lat' dir='ltr'>suorumregulariainstituta,acde-</span> 
     </span>
     <span class='ocr_line' id='line_1_43' title="bbox 394 2497 1145 2540; baseline 0.004 -13"><span class='ocrx_word' id='word_1_207' title='bbox 394 2502 517 2529; x_wconf 67' lang='lat' dir='ltr'>cretum</span> <span class='ocrx_word' id='word_1_208' title='bbox 539 2497 619 2529; x_wconf 79' lang='lat' dir='ltr'>sacri</span> <span class='ocrx_word' id='word_1_209' title='bbox 637 2497 765 2529; x_wconf 82' lang='lat' dir='ltr'>concilii</span> <span class='ocrx_word' id='word_1_210' title='bbox 782 2497 973 2537; x_wconf 72' lang='lat' dir='ltr'>Tridentini,</span> <span class='ocrx_word' id='word_1_211' title='bbox 989 2498 1145 2540; x_wconf 80' lang='lat' dir='ltr'>tranquil-</span> 
     </span>
     <span class='ocr_line' id='line_1_44' title="bbox 396 2550 1142 2593; baseline 0.001 -12"><span class='ocrx_word' id='word_1_212' title='bbox 396 2550 433 2581; x_wconf 81' lang='lat' dir='ltr'>lis</span> <span class='ocrx_word' id='word_1_213' title='bbox 454 2550 616 2582; x_wconf 81' lang='lat' dir='ltr'>mentibus</span> <span class='ocrx_word' id='word_1_214' title='bbox 640 2550 802 2582; x_wconf 86' lang='lat' dir='ltr'>Altissimo</span> <span class='ocrx_word' id='word_1_215' title='bbox 835 2557 997 2593; x_wconf 75' lang='lat' dir='ltr'>praestare</span> <span class='ocrx_word' id='word_1_216' title='bbox 1024 2551 1142 2593; x_wconf 68' lang='lat' dir='ltr'>possint</span> 
     </span>
     <span class='ocr_line' id='line_1_45' title="bbox 395 2603 1145 2646; baseline 0.001 -12"><span class='ocrx_word' id='word_1_217' title='bbox 395 2604 597 2642; x_wconf 68' lang='lat' dir='ltr'>tumulatum,</span> <span class='ocrx_word' id='word_1_218' title='bbox 623 2604 703 2636; x_wconf 64' lang='lat' dir='ltr'>sicut</span> <span class='ocrx_word' id='word_1_219' title='bbox 725 2603 765 2635; x_wconf 90' lang='lat' dir='ltr'>ab</span> <span class='ocrx_word' id='word_1_220' title='bbox 786 2610 885 2636; x_wconf 81' lang='lat' dir='ltr'>eamet</span> <span class='ocrx_word' id='word_1_221' title='bbox 908 2604 971 2644; x_wconf 78' lang='lat' dir='ltr'>die,</span> <span class='ocrx_word' id='word_1_222' title='bbox 990 2615 1051 2646; x_wconf 77' lang='lat' dir='ltr'>qua</span> <span class='ocrx_word' id='word_1_223' title='bbox 1075 2604 1145 2635; x_wconf 87' lang='lat' dir='ltr'>uni-</span> 
     </span>
    </p>
   </div>
   <div class='ocr_carea' id='block_1_10' title="bbox 430 2670 957 2704">
    <p class='ocr_par' dir='ltr' id='par_1_13' title="bbox 430 2670 957 2704">
     <span class='ocr_line' id='line_1_46' title="bbox 430 2670 957 2704; baseline -0.004 -7"><span class='ocrx_word' id='word_1_224' title='bbox 430 2673 438 2697; x_wconf 92' lang='grc'>1</span> <span class='ocrx_word' id='word_1_225' title='bbox 460 2670 501 2697; x_wconf 86' lang='lat' dir='ltr'>Ex</span> <span class='ocrx_word' id='word_1_226' title='bbox 519 2671 629 2704; x_wconf 73' lang='lat' dir='ltr'>Regest.</span> <span class='ocrx_word' id='word_1_227' title='bbox 650 2670 676 2698; x_wconf 87' lang='lat' dir='ltr'>in</span> <span class='ocrx_word' id='word_1_228' title='bbox 691 2671 796 2698; x_wconf 69' lang='lat' dir='ltr'>Set-ret,</span> <span class='ocrx_word' id='word_1_229' title='bbox 816 2671 957 2697; x_wconf 67' lang='lat' dir='ltr'>Brevium.</span> 
     </span>
    </p>
   </div>
   <div class='ocr_carea' id='block_1_11' title="bbox 994 287 1348 312">
    <p class='ocr_par' dir='ltr' id='par_1_14' title="bbox 994 287 1348 312">
     <span class='ocr_line' id='line_1_47' title="bbox 994 287 1348 312; baseline -0.006 0"><span class='ocrx_word' id='word_1_230' title='bbox 994 290 1010 312; x_wconf 80' lang='grc' dir='ltr'>Β</span> <span class='ocrx_word' id='word_1_231' title='bbox 1016 288 1173 312; x_wconf 74' lang='lat' dir='ltr'>ULLARIUM</span> <span class='ocrx_word' id='word_1_232' title='bbox 1198 287 1348 311; x_wconf 75' lang='lat' dir='ltr'>ROMANUM</span> 
     </span>
    </p>
   </div>
   <div class='ocr_carea' id='block_1_12' title="bbox 1189 337 1947 2408">
    <p class='ocr_par' dir='ltr' id='par_1_15' title="bbox 1189 337 1947 2408">
     <span class='ocr_line' id='line_1_48' title="bbox 1191 337 1943 382; baseline -0.001 -11"><span class='ocrx_word' id='word_1_233' title='bbox 1191 349 1302 372; x_wconf 84' lang='lat' dir='ltr'>versae</span> <span class='ocrx_word' id='word_1_234' title='bbox 1328 338 1490 372; x_wconf 80' lang='lat' dir='ltr'>Ecclesiae</span> <span class='ocrx_word' id='word_1_235' title='bbox 1518 337 1572 371; x_wconf 88' lang='lat' dir='ltr'>Dei</span> <span class='ocrx_word' id='word_1_236' title='bbox 1600 348 1737 382; x_wconf 74' lang='lat' dir='ltr'>praeesse</span> <span class='ocrx_word' id='word_1_237' title='bbox 1764 337 1943 381; x_wconf 84' lang='lat' dir='ltr'>coepimus,</span> 
     </span>
     <span class='ocr_line' id='line_1_49' title="bbox 1192 391 1945 435; baseline 0.001 -11"><span class='ocrx_word' id='word_1_238' title='bbox 1192 392 1224 424; x_wconf 91' lang='lat' dir='ltr'>in</span> <span class='ocrx_word' id='word_1_239' title='bbox 1245 392 1372 424; x_wconf 83' lang='lat' dir='ltr'>cunctis</span> <span class='ocrx_word' id='word_1_240' title='bbox 1392 391 1479 424; x_wconf 87' lang='lat' dir='ltr'>orbis</span> <span class='ocrx_word' id='word_1_241' title='bbox 1500 397 1660 424; x_wconf 86' lang='lat' dir='ltr'>terrarum</span> <span class='ocrx_word' id='word_1_242' title='bbox 1681 391 1826 435; x_wconf 89' lang='lat' dir='ltr'>partibus</span> <span class='ocrx_word' id='word_1_243' title='bbox 1837 392 1867 424; x_wconf 90' lang='lat' dir='ltr'>id</span> <span class='ocrx_word' id='word_1_244' title='bbox 1884 398 1945 425; x_wconf 84' lang='lat' dir='ltr'>sta-</span> 
     </span>
     <span class='ocr_line' id='line_1_50' title="bbox 1193 444 1945 484; baseline 0.003 -7"><span class='ocrx_word' id='word_1_245' title='bbox 1193 450 1284 478; x_wconf 84' lang='lat' dir='ltr'>tuere</span> <span class='ocrx_word' id='word_1_246' title='bbox 1304 445 1398 478; x_wconf 89' lang='lat' dir='ltr'>nobis</span> <span class='ocrx_word' id='word_1_247' title='bbox 1419 444 1449 477; x_wconf 93' lang='lat' dir='ltr'>in</span> <span class='ocrx_word' id='word_1_248' title='bbox 1478 451 1618 477; x_wconf 89' lang='lat' dir='ltr'>mentem</span> <span class='ocrx_word' id='word_1_249' title='bbox 1639 444 1798 484; x_wconf 86' lang='lat' dir='ltr'>veniebat;</span> <span class='ocrx_word' id='word_1_250' title='bbox 1822 445 1863 478; x_wconf 87' lang='lat' dir='ltr'>ita</span> <span class='ocrx_word' id='word_1_251' title='bbox 1883 446 1945 479; x_wconf 83' lang='lat' dir='ltr'>hoo</span> 
     </span>
     <span class='ocr_line' id='line_1_51' title="bbox 1192 497 1946 542; baseline 0 -11"><span class='ocrx_word' id='word_1_252' title='bbox 1192 504 1339 542; x_wconf 75' lang='lat' dir='ltr'>tempore</span> <span class='ocrx_word' id='word_1_253' title='bbox 1357 498 1388 531; x_wconf 92' lang='lat' dir='ltr'>in</span> <span class='ocrx_word' id='word_1_254' title='bbox 1416 498 1644 542; x_wconf 85' lang='lat' dir='ltr'>Hispaniarum</span> <span class='ocrx_word' id='word_1_255' title='bbox 1666 497 1772 541; x_wconf 78' lang='lat' dir='ltr'>regnis</span> <span class='ocrx_word' id='word_1_256' title='bbox 1792 503 1823 530; x_wconf 82' lang='lat' dir='ltr'>et</span> <span class='ocrx_word' id='word_1_257' title='bbox 1842 499 1946 532; x_wconf 89' lang='lat' dir='ltr'>domi-</span> 
     </span>
     <span class='ocr_line' id='line_1_52' title="bbox 1193 550 1946 591; baseline 0.001 -7"><span class='ocrx_word' id='word_1_258' title='bbox 1193 551 1265 591; x_wconf 90' lang='lat' dir='ltr'>niis,</span> <span class='ocrx_word' id='word_1_259' title='bbox 1284 551 1534 585; x_wconf 88' lang='lat' dir='ltr'>ubicarissimus</span> <span class='ocrx_word' id='word_1_260' title='bbox 1547 551 1579 584; x_wconf 90' lang='lat' dir='ltr'>in</span> <span class='ocrx_word' id='word_1_261' title='bbox 1592 550 1717 584; x_wconf 82' lang='lat' dir='ltr'>Christo</span> <span class='ocrx_word' id='word_1_262' title='bbox 1729 551 1816 584; x_wconf 85' lang='lat' dir='ltr'>filius</span> <span class='ocrx_word' id='word_1_263' title='bbox 1836 557 1946 585; x_wconf 85' lang='lat' dir='ltr'>noster</span> 
     </span>
     <span class='ocr_line' id='line_1_53' title="bbox 1191 603 1946 648; baseline 0 -11"><span class='ocrx_word' id='word_1_264' title='bbox 1191 603 1361 648; x_wconf 76' lang='lat' dir='ltr'>Philippus</span> <span class='ocrx_word' id='word_1_265' title='bbox 1382 616 1436 637; x_wconf 82' lang='lat' dir='ltr'>rex</span> <span class='ocrx_word' id='word_1_266' title='bbox 1457 604 1649 643; x_wconf 72' lang='lat' dir='ltr'>catholicus,</span> <span class='ocrx_word' id='word_1_267' title='bbox 1665 614 1724 647; x_wconf 89' lang='lat' dir='ltr'>pro</span> <span class='ocrx_word' id='word_1_268' title='bbox 1745 604 1815 637; x_wconf 89' lang='lat' dir='ltr'>eius</span> <span class='ocrx_word' id='word_1_269' title='bbox 1830 604 1946 638; x_wconf 84' lang='lat' dir='ltr'>eximia</span> 
     </span>
     <span class='ocr_line' id='line_1_54' title="bbox 1192 657 1946 702; baseline 0 -12"><span class='ocrx_word' id='word_1_270' title='bbox 1192 657 1224 690; x_wconf 92' lang='lat' dir='ltr'>in</span> <span class='ocrx_word' id='word_1_271' title='bbox 1236 658 1337 691; x_wconf 91' lang='lat' dir='ltr'>Deum</span> <span class='ocrx_word' id='word_1_272' title='bbox 1349 659 1482 702; x_wconf 71' lang='lat' dir='ltr'>pietate,</span> <span class='ocrx_word' id='word_1_273' title='bbox 1502 658 1531 691; x_wconf 87' lang='lat' dir='ltr'>id</span> <span class='ocrx_word' id='word_1_274' title='bbox 1552 658 1635 699; x_wconf 86' lang='lat' dir='ltr'>fieri,</span> <span class='ocrx_word' id='word_1_275' title='bbox 1655 658 1691 690; x_wconf 89' lang='lat' dir='ltr'>ad</span> <span class='ocrx_word' id='word_1_276' title='bbox 1715 658 1864 691; x_wconf 84' lang='lat' dir='ltr'>evitanda</span> <span class='ocrx_word' id='word_1_277' title='bbox 1887 658 1946 691; x_wconf 89' lang='lat' dir='ltr'>hu-</span> 
     </span>
     <span class='ocr_line' id='line_1_55' title="bbox 1193 710 1946 755; baseline 0.004 -13"><span class='ocrx_word' id='word_1_278' title='bbox 1193 710 1331 744; x_wconf 88' lang='lat' dir='ltr'>iusmodi</span> <span class='ocrx_word' id='word_1_279' title='bbox 1365 711 1570 745; x_wconf 87' lang='lat' dir='ltr'>incommoda</span> <span class='ocrx_word' id='word_1_280' title='bbox 1590 716 1621 744; x_wconf 88' lang='lat' dir='ltr'>et</span> <span class='ocrx_word' id='word_1_281' title='bbox 1644 711 1795 744; x_wconf 80' lang='lat' dir='ltr'>scandala</span> <span class='ocrx_word' id='word_1_282' title='bbox 1818 712 1868 755; x_wconf 86' lang='lat' dir='ltr'>(ut</span> <span class='ocrx_word' id='word_1_283' title='bbox 1887 723 1946 745; x_wconf 93' lang='lat' dir='ltr'>no-</span> 
     </span>
     <span class='ocr_line' id='line_1_56' title="bbox 1192 763 1947 809; baseline 0.004 -14"><span class='ocrx_word' id='word_1_284' title='bbox 1192 763 1241 796; x_wconf 89' lang='lat' dir='ltr'>bis</span> <span class='ocrx_word' id='word_1_285' title='bbox 1267 764 1404 797; x_wconf 77' lang='lat' dir='ltr'>relatum</span> <span class='ocrx_word' id='word_1_286' title='bbox 1423 764 1505 806; x_wconf 86' lang='lat' dir='ltr'>suit),</span> <span class='ocrx_word' id='word_1_287' title='bbox 1526 764 1612 797; x_wconf 86' lang='lat' dir='ltr'>haud</span> <span class='ocrx_word' id='word_1_288' title='bbox 1626 764 1835 797; x_wconf 82' lang='lat' dir='ltr'>mediocriter</span> <span class='ocrx_word' id='word_1_289' title='bbox 1854 775 1947 809; x_wconf 87' lang='lat' dir='ltr'>expe-</span> 
     </span>
     <span class='ocr_line' id='line_1_57' title="bbox 1194 816 1946 862; baseline 0.004 -14"><span class='ocrx_word' id='word_1_290' title='bbox 1194 816 1243 857; x_wconf 82' lang='lat' dir='ltr'>tit,</span> <span class='ocrx_word' id='word_1_291' title='bbox 1268 817 1330 850; x_wconf 86' lang='lat' dir='ltr'>hoc</span> <span class='ocrx_word' id='word_1_292' title='bbox 1352 817 1457 861; x_wconf 88' lang='lat' dir='ltr'>ipsum</span> <span class='ocrx_word' id='word_1_293' title='bbox 1479 817 1640 851; x_wconf 86' lang='lat' dir='ltr'>observari</span> <span class='ocrx_word' id='word_1_294' title='bbox 1660 828 1869 862; x_wconf 85' lang='lat' dir='ltr'>summopere</span> <span class='ocrx_word' id='word_1_295' title='bbox 1894 830 1946 852; x_wconf 86' lang='lat' dir='ltr'>re-</span> 
     </span>
     <span class='ocr_line' id='line_1_58' title="bbox 1192 869 1947 915; baseline 0.005 -13"><span class='ocrx_word' id='word_1_296' title='bbox 1192 869 1365 913; x_wconf 85' lang='lat' dir='ltr'>quirimus,</span> <span class='ocrx_word' id='word_1_297' title='bbox 1392 871 1584 904; x_wconf 83' lang='lat' dir='ltr'>auctoritate</span> <span class='ocrx_word' id='word_1_298' title='bbox 1614 871 1808 915; x_wconf 85' lang='lat' dir='ltr'>apostolica,</span> <span class='ocrx_word' id='word_1_299' title='bbox 1835 878 1947 906; x_wconf 86' lang='lat' dir='ltr'>tenore</span> 
     </span>
     <span class='ocr_line' id='line_1_59' title="bbox 1192 924 1946 966; baseline 0.004 -10"><span class='ocrx_word' id='word_1_300' title='bbox 1192 924 1426 966; x_wconf 88' lang='lat' dir='ltr'>praesentium,</span> <span class='ocrx_word' id='word_1_301' title='bbox 1440 936 1632 958; x_wconf 85' lang='lat' dir='ltr'>revocamus</span> <span class='ocrx_word' id='word_1_302' title='bbox 1647 930 1678 958; x_wconf 87' lang='lat' dir='ltr'>et</span> <span class='ocrx_word' id='word_1_303' title='bbox 1688 925 1856 959; x_wconf 83' lang='lat' dir='ltr'>abolemus</span> <span class='ocrx_word' id='word_1_304' title='bbox 1875 936 1946 959; x_wconf 88' lang='lat' dir='ltr'>om-</span> 
     </span>
     <span class='ocr_line' id='line_1_60' title="bbox 1193 977 1946 1021; baseline 0.004 -12"><span class='ocrx_word' id='word_1_305' title='bbox 1193 987 1250 1009; x_wconf 88' lang='lat' dir='ltr'>nes</span> <span class='ocrx_word' id='word_1_306' title='bbox 1280 982 1310 1010; x_wconf 86' lang='lat' dir='ltr'>et</span> <span class='ocrx_word' id='word_1_307' title='bbox 1336 988 1561 1021; x_wconf 79' lang='lat' dir='ltr'>quascumque</span> <span class='ocrx_word' id='word_1_308' title='bbox 1586 977 1732 1011; x_wconf 83' lang='lat' dir='ltr'>licentias</span> <span class='ocrx_word' id='word_1_309' title='bbox 1752 983 1783 1011; x_wconf 87' lang='lat' dir='ltr'>et</span> <span class='ocrx_word' id='word_1_310' title='bbox 1810 979 1946 1012; x_wconf 84' lang='lat' dir='ltr'>faculta-</span> 
     </span>
     <span class='ocr_line' id='line_1_61' title="bbox 1192 1030 1946 1073; baseline 0.005 -11"><span class='ocrx_word' id='word_1_311' title='bbox 1192 1034 1239 1062; x_wconf 89' lang='lat' dir='ltr'>tes</span> <span class='ocrx_word' id='word_1_312' title='bbox 1259 1030 1463 1073; x_wconf 76' lang='lat' dir='ltr'>ingrediendi</span> <span class='ocrx_word' id='word_1_313' title='bbox 1484 1031 1692 1071; x_wconf 83' lang='lat' dir='ltr'>monasteria,</span> <span class='ocrx_word' id='word_1_314' title='bbox 1710 1031 1823 1065; x_wconf 87' lang='lat' dir='ltr'>domos</span> <span class='ocrx_word' id='word_1_315' title='bbox 1834 1038 1865 1066; x_wconf 83' lang='lat' dir='ltr'>et</span> <span class='ocrx_word' id='word_1_316' title='bbox 1876 1033 1946 1067; x_wconf 82' lang='lat' dir='ltr'>loca</span> 
     </span>
     <span class='ocr_line' id='line_1_62' title="bbox 1193 1083 1946 1127; baseline 0.005 -11"><span class='ocrx_word' id='word_1_317' title='bbox 1193 1083 1382 1117; x_wconf 90' lang='lat' dir='ltr'>monialium</span> <span class='ocrx_word' id='word_1_318' title='bbox 1417 1084 1605 1127; x_wconf 80' lang='lat' dir='ltr'>quorumvis</span> <span class='ocrx_word' id='word_1_319' title='bbox 1630 1084 1800 1126; x_wconf 86' lang='lat' dir='ltr'>Ordinum,</span> <span class='ocrx_word' id='word_1_320' title='bbox 1826 1091 1890 1119; x_wconf 86' lang='lat' dir='ltr'>tam</span> <span class='ocrx_word' id='word_1_321' title='bbox 1913 1098 1946 1120; x_wconf 89' lang='lat' dir='ltr'>e-</span> 
     </span>
     <span class='ocr_line' id='line_1_63' title="bbox 1194 1137 1945 1180; baseline 0.005 -11"><span class='ocrx_word' id='word_1_322' title='bbox 1194 1137 1336 1180; x_wconf 84' lang='lat' dir='ltr'>piscopis</span> <span class='ocrx_word' id='word_1_323' title='bbox 1350 1164 1357 1177; x_wconf 94' lang='lat'>,</span> <span class='ocrx_word' id='word_1_324' title='bbox 1388 1148 1486 1180; x_wconf 83' lang='lat' dir='ltr'>quam</span> <span class='ocrx_word' id='word_1_325' title='bbox 1520 1138 1592 1170; x_wconf 88' lang='lat' dir='ltr'>aliis</span> <span class='ocrx_word' id='word_1_326' title='bbox 1628 1138 1775 1171; x_wconf 90' lang='lat' dir='ltr'>locorum</span> <span class='ocrx_word' id='word_1_327' title='bbox 1814 1139 1945 1173; x_wconf 85' lang='lat' dir='ltr'>ordina-</span> 
     </span>
     <span class='ocr_line' id='line_1_64' title="bbox 1193 1190 1946 1237; baseline 0.007 -16"><span class='ocrx_word' id='word_1_328' title='bbox 1193 1190 1249 1222; x_wconf 88' lang='lat' dir='ltr'>riis</span> <span class='ocrx_word' id='word_1_329' title='bbox 1278 1196 1309 1223; x_wconf 86' lang='lat' dir='ltr'>et</span> <span class='ocrx_word' id='word_1_330' title='bbox 1338 1190 1564 1234; x_wconf 87' lang='lat' dir='ltr'>superioribus</span> <span class='ocrx_word' id='word_1_331' title='bbox 1597 1190 1839 1233; x_wconf 87' lang='lat' dir='ltr'>subiectarum,</span> <span class='ocrx_word' id='word_1_332' title='bbox 1873 1192 1946 1237; x_wconf 89' lang='lat' dir='ltr'>qui-</span> 
     </span>
     <span class='ocr_line' id='line_1_65' title="bbox 1193 1243 1947 1289; baseline 0.007 -15"><span class='ocrx_word' id='word_1_333' title='bbox 1193 1243 1300 1276; x_wconf 90' lang='lat' dir='ltr'>busvis</span> <span class='ocrx_word' id='word_1_334' title='bbox 1320 1244 1524 1284; x_wconf 85' lang='lat' dir='ltr'>mulieribus,</span> <span class='ocrx_word' id='word_1_335' title='bbox 1548 1247 1783 1289; x_wconf 85' lang='lat' dir='ltr'>cuiuscumque</span> <span class='ocrx_word' id='word_1_336' title='bbox 1803 1251 1903 1280; x_wconf 85' lang='lat' dir='ltr'>status</span> <span class='ocrx_word' id='word_1_337' title='bbox 1916 1252 1947 1280; x_wconf 88' lang='lat' dir='ltr'>et</span> 
     </span>
     <span class='ocr_line' id='line_1_66' title="bbox 1193 1297 1947 1340; baseline 0.005 -11"><span class='ocrx_word' id='word_1_338' title='bbox 1193 1297 1389 1330; x_wconf 79' lang='lat' dir='ltr'>conditionis</span> <span class='ocrx_word' id='word_1_339' title='bbox 1411 1298 1559 1339; x_wconf 82' lang='lat' dir='ltr'>existant,</span> <span class='ocrx_word' id='word_1_340' title='bbox 1592 1298 1648 1332; x_wconf 85' lang='lat' dir='ltr'>etsi</span> <span class='ocrx_word' id='word_1_341' title='bbox 1674 1299 1838 1340; x_wconf 87' lang='lat' dir='ltr'>comitali,</span> <span class='ocrx_word' id='word_1_342' title='bbox 1864 1310 1947 1333; x_wconf 86' lang='lat' dir='ltr'>mar-</span> 
     </span>
     <span class='ocr_line' id='line_1_67' title="bbox 1194 1350 1943 1396; baseline 0.008 -15"><span class='ocrx_word' id='word_1_343' title='bbox 1194 1350 1334 1382; x_wconf 80' lang='lat' dir='ltr'>chionali</span> <span class='ocrx_word' id='word_1_344' title='bbox 1353 1357 1381 1383; x_wconf 92' lang='lat' dir='ltr'>et</span> <span class='ocrx_word' id='word_1_345' title='bbox 1404 1351 1510 1384; x_wconf 87' lang='lat' dir='ltr'>ducali</span> <span class='ocrx_word' id='word_1_346' title='bbox 1531 1351 1684 1395; x_wconf 81' lang='lat' dir='ltr'>dignitate</span> <span class='ocrx_word' id='word_1_347' title='bbox 1708 1353 1943 1396; x_wconf 81' lang='lat' dir='ltr'>praefulgeant,</span> 
     </span>
     <span class='ocr_line' id='line_1_68' title="bbox 1195 1405 1946 1450; baseline 0.007 -15"><span class='ocrx_word' id='word_1_348' title='bbox 1195 1409 1258 1435; x_wconf 90' lang='lat' dir='ltr'>tam</span> <span class='ocrx_word' id='word_1_349' title='bbox 1281 1414 1298 1435; x_wconf 89' lang='lat' dir='ltr'>a</span> <span class='ocrx_word' id='word_1_350' title='bbox 1320 1405 1624 1447; x_wconf 76' lang='lat' dir='ltr'>praedecessoribus</span> <span class='ocrx_word' id='word_1_351' title='bbox 1643 1406 1782 1446; x_wconf 76' lang='lat' dir='ltr'>nostris,</span> <span class='ocrx_word' id='word_1_352' title='bbox 1810 1417 1908 1450; x_wconf 85' lang='lat' dir='ltr'>quam</span> <span class='ocrx_word' id='word_1_353' title='bbox 1929 1418 1946 1440; x_wconf 92' lang='lat' dir='ltr'>a</span> 
     </span>
     <span class='ocr_line' id='line_1_69' title="bbox 1193 1457 1946 1502; baseline 0.005 -13"><span class='ocrx_word' id='word_1_354' title='bbox 1193 1457 1286 1489; x_wconf 87' lang='lat' dir='ltr'>nobis</span> <span class='ocrx_word' id='word_1_355' title='bbox 1312 1463 1343 1490; x_wconf 87' lang='lat' dir='ltr'>ct</span> <span class='ocrx_word' id='word_1_356' title='bbox 1371 1458 1462 1491; x_wconf 88' lang='lat' dir='ltr'>Sedis</span> <span class='ocrx_word' id='word_1_357' title='bbox 1482 1459 1683 1502; x_wconf 80' lang='lat' dir='ltr'>Apostolicae</span> <span class='ocrx_word' id='word_1_358' title='bbox 1704 1459 1815 1502; x_wconf 81' lang='lat' dir='ltr'>legatis</span> <span class='ocrx_word' id='word_1_359' title='bbox 1838 1465 1895 1493; x_wconf 90' lang='lat' dir='ltr'>aut</span> <span class='ocrx_word' id='word_1_360' title='bbox 1914 1471 1946 1493; x_wconf 84' lang='lat' dir='ltr'>a·</span> 
     </span>
     <span class='ocr_line' id='line_1_70' title="bbox 1195 1507 1946 1556; baseline 0.007 -15"><span class='ocrx_word' id='word_1_361' title='bbox 1195 1510 1256 1548; x_wconf 88' lang='lat' dir='ltr'>liis,</span> <span class='ocrx_word' id='word_1_362' title='bbox 1279 1516 1309 1543; x_wconf 89' lang='lat' dir='ltr'>et</span> <span class='ocrx_word' id='word_1_363' title='bbox 1328 1507 1816 1555; x_wconf 84' lang='lat' dir='ltr'>quibusvis,quantumcumque</span> <span class='ocrx_word' id='word_1_364' title='bbox 1829 1524 1946 1556; x_wconf 81' lang='lat' dir='ltr'>urgen-</span> 
     </span>
     <span class='ocr_line' id='line_1_71' title="bbox 1194 1563 1945 1609; baseline 0.007 -14"><span class='ocrx_word' id='word_1_365' title='bbox 1194 1563 1290 1603; x_wconf 88' lang='lat' dir='ltr'>tibus,</span> <span class='ocrx_word' id='word_1_366' title='bbox 1318 1565 1435 1604; x_wconf 87' lang='lat' dir='ltr'>causis,</span> <span class='ocrx_word' id='word_1_367' title='bbox 1463 1565 1522 1597; x_wconf 87' lang='lat' dir='ltr'>sub</span> <span class='ocrx_word' id='word_1_368' title='bbox 1542 1566 1804 1609; x_wconf 82' lang='lat' dir='ltr'>quibuscumque</span> <span class='ocrx_word' id='word_1_369' title='bbox 1825 1567 1945 1600; x_wconf 83' lang='lat' dir='ltr'>tenori-</span> 
     </span>
     <span class='ocr_line' id='line_1_72' title="bbox 1192 1617 1944 1663; baseline 0.007 -14"><span class='ocrx_word' id='word_1_370' title='bbox 1192 1617 1264 1655; x_wconf 88' lang='lat' dir='ltr'>bus,</span> <span class='ocrx_word' id='word_1_371' title='bbox 1291 1623 1322 1650; x_wconf 85' lang='lat' dir='ltr'>et</span> <span class='ocrx_word' id='word_1_372' title='bbox 1351 1618 1446 1650; x_wconf 84' lang='lat' dir='ltr'>etiam</span> <span class='ocrx_word' id='word_1_373' title='bbox 1469 1619 1750 1662; x_wconf 81' lang='lat' dir='ltr'>derogatoriarum</span> <span class='ocrx_word' id='word_1_374' title='bbox 1773 1619 1944 1663; x_wconf 81' lang='lat' dir='ltr'>derogato-</span> 
     </span>
     <span class='ocr_line' id='line_1_73' title="bbox 1194 1670 1946 1716; baseline 0.005 -14"><span class='ocrx_word' id='word_1_375' title='bbox 1194 1670 1257 1711; x_wconf 86' lang='lat' dir='ltr'>riis,</span> <span class='ocrx_word' id='word_1_376' title='bbox 1278 1677 1502 1704; x_wconf 82' lang='lat' dir='ltr'>revocatorum</span> <span class='ocrx_word' id='word_1_377' title='bbox 1518 1672 1727 1705; x_wconf 86' lang='lat' dir='ltr'>restitutoriis</span> <span class='ocrx_word' id='word_1_378' title='bbox 1746 1673 1882 1716; x_wconf 78' lang='lat' dir='ltr'>aliisque</span> <span class='ocrx_word' id='word_1_379' title='bbox 1902 1674 1946 1706; x_wconf 84' lang='lat' dir='ltr'>ef-</span> 
     </span>
     <span class='ocr_line' id='line_1_74' title="bbox 1193 1724 1943 1770; baseline 0.007 -15"><span class='ocrx_word' id='word_1_380' title='bbox 1193 1724 1401 1758; x_wconf 68' lang='lat' dir='ltr'>ficacioribus</span> <span class='ocrx_word' id='word_1_381' title='bbox 1421 1725 1589 1765; x_wconf 77' lang='lat' dir='ltr'>clausulis,</span> <span class='ocrx_word' id='word_1_382' title='bbox 1621 1726 1890 1770; x_wconf 82' lang='lat' dir='ltr'>irritantibusque</span> <span class='ocrx_word' id='word_1_383' title='bbox 1914 1734 1943 1760; x_wconf 89' lang='lat' dir='ltr'>et</span> 
     </span>
     <span class='ocr_line' id='line_1_75' title="bbox 1191 1777 1943 1823; baseline 0.005 -14"><span class='ocrx_word' id='word_1_384' title='bbox 1191 1777 1261 1809; x_wconf 87' lang='lat' dir='ltr'>aliis</span> <span class='ocrx_word' id='word_1_385' title='bbox 1286 1778 1436 1817; x_wconf 78' lang='lat' dir='ltr'>decretis,</span> <span class='ocrx_word' id='word_1_386' title='bbox 1460 1778 1555 1810; x_wconf 83' lang='lat' dir='ltr'>etiam</span> <span class='ocrx_word' id='word_1_387' title='bbox 1578 1784 1667 1811; x_wconf 88' lang='lat' dir='ltr'>motu</span> <span class='ocrx_word' id='word_1_388' title='bbox 1686 1780 1832 1823; x_wconf 73' lang='lat' dir='ltr'>proprio,</span> <span class='ocrx_word' id='word_1_389' title='bbox 1855 1786 1886 1813; x_wconf 90' lang='lat' dir='ltr'>et</span> <span class='ocrx_word' id='word_1_390' title='bbox 1907 1792 1943 1813; x_wconf 81' lang='lat' dir='ltr'>ex</span> 
     </span>
     <span class='ocr_line' id='line_1_76' title="bbox 1191 1832 1945 1876; baseline 0.005 -14"><span class='ocrx_word' id='word_1_391' title='bbox 1191 1836 1278 1863; x_wconf 76' lang='lat' dir='ltr'>certa</span> <span class='ocrx_word' id='word_1_392' title='bbox 1298 1832 1444 1871; x_wconf 88' lang='lat' dir='ltr'>scientia,</span> <span class='ocrx_word' id='word_1_393' title='bbox 1467 1843 1504 1863; x_wconf 77' lang='lat' dir='ltr'>ac</span> <span class='ocrx_word' id='word_1_394' title='bbox 1526 1832 1565 1864; x_wconf 88' lang='lat' dir='ltr'>de</span> <span class='ocrx_word' id='word_1_395' title='bbox 1586 1832 1781 1876; x_wconf 81' lang='lat' dir='ltr'>apostolieae</span> <span class='ocrx_word' id='word_1_396' title='bbox 1802 1834 1945 1866; x_wconf 87' lang='lat' dir='ltr'>auctori-</span> 
     </span>
     <span class='ocr_line' id='line_1_77' title="bbox 1191 1883 1943 1929; baseline 0.007 -14"><span class='ocrx_word' id='word_1_397' title='bbox 1191 1883 1265 1915; x_wconf 85' lang='lat' dir='ltr'>tatis</span> <span class='ocrx_word' id='word_1_398' title='bbox 1285 1884 1501 1926; x_wconf 86' lang='lat' dir='ltr'>plenitudine,</span> <span class='ocrx_word' id='word_1_399' title='bbox 1529 1890 1626 1928; x_wconf 89' lang='lat' dir='ltr'>atque</span> <span class='ocrx_word' id='word_1_400' title='bbox 1653 1885 1691 1917; x_wconf 87' lang='lat' dir='ltr'>ad</span> <span class='ocrx_word' id='word_1_401' title='bbox 1727 1885 1943 1929; x_wconf 84' lang='lat' dir='ltr'>imperatoris,</span> 
     </span>
     <span class='ocr_line' id='line_1_78' title="bbox 1191 1937 1944 1984; baseline 0.007 -16"><span class='ocrx_word' id='word_1_402' title='bbox 1191 1947 1317 1979; x_wconf 76' lang='lat' dir='ltr'>regum,</span> <span class='ocrx_word' id='word_1_403' title='bbox 1330 1937 1518 1979; x_wconf 73' lang='lat' dir='ltr'>reginarum</span> <span class='ocrx_word' id='word_1_404' title='bbox 1530 1938 1738 1982; x_wconf 86' lang='lat' dir='ltr'>aliorumque</span> <span class='ocrx_word' id='word_1_405' title='bbox 1760 1940 1944 1984; x_wconf 87' lang='lat' dir='ltr'>principum</span> 
     </span>
     <span class='ocr_line' id='line_1_79' title="bbox 1191 1991 1945 2035; baseline 0.007 -14"><span class='ocrx_word' id='word_1_406' title='bbox 1191 1991 1499 2033; x_wconf 54' lang='lat' dir='ltr'>conten‘iplationem</span> <span class='ocrx_word' id='word_1_407' title='bbox 1522 1992 1569 2024; x_wconf 77' lang='lat' dir='ltr'>vel</span> <span class='ocrx_word' id='word_1_408' title='bbox 1585 1992 1856 2035; x_wconf 83' lang='lat' dir='ltr'>supplicationem</span> <span class='ocrx_word' id='word_1_409' title='bbox 1871 2004 1945 2027; x_wconf 89' lang='lat' dir='ltr'>con-</span> 
     </span>
     <span class='ocr_line' id='line_1_80' title="bbox 1191 2043 1945 2084; baseline 0.008 -10"><span class='ocrx_word' id='word_1_410' title='bbox 1191 2054 1307 2082; x_wconf 79' lang='lat' dir='ltr'>cessas,</span> <span class='ocrx_word' id='word_1_411' title='bbox 1325 2043 1544 2084; x_wconf 84' lang='lat' dir='ltr'>confirmatas,</span> <span class='ocrx_word' id='word_1_412' title='bbox 1563 2055 1599 2076; x_wconf 72' lang='lat' dir='ltr'>ac</span> <span class='ocrx_word' id='word_1_413' title='bbox 1616 2045 1711 2077; x_wconf 86' lang='lat' dir='ltr'>etiam</span> <span class='ocrx_word' id='word_1_414' title='bbox 1731 2045 1852 2079; x_wconf 80' lang='lat' dir='ltr'>iteratis</span> <span class='ocrx_word' id='word_1_415' title='bbox 1871 2047 1945 2080; x_wconf 86' lang='lat' dir='ltr'>vici-</span> 
     </span>
     <span class='ocr_line' id='line_1_81' title="bbox 1191 2097 1943 2142; baseline 0.007 -14"><span class='ocrx_word' id='word_1_416' title='bbox 1191 2097 1250 2129; x_wconf 85' lang='lat' dir='ltr'>bus</span> <span class='ocrx_word' id='word_1_417' title='bbox 1287 2103 1465 2130; x_wconf 78' lang='lat' dir='ltr'>renovatas.</span> <span class='ocrx_word' id='word_1_418' title='bbox 1500 2098 1688 2142; x_wconf 78' lang='lat' dir='ltr'>Rursusque</span> <span class='ocrx_word' id='word_1_419' title='bbox 1718 2110 1881 2133; x_wconf 83' lang='lat' dir='ltr'>cassamus</span> <span class='ocrx_word' id='word_1_420' title='bbox 1914 2107 1943 2133; x_wconf 89' lang='lat' dir='ltr'>et</span> 
     </span>
     <span class='ocr_line' id='line_1_82' title="bbox 1189 2151 1943 2196; baseline 0.007 -14"><span class='ocrx_word' id='word_1_421' title='bbox 1189 2151 1397 2183; x_wconf 86' lang='lat' dir='ltr'>annullamus</span> <span class='ocrx_word' id='word_1_422' title='bbox 1419 2152 1539 2183; x_wconf 86' lang='lat' dir='ltr'>litteras</span> <span class='ocrx_word' id='word_1_423' title='bbox 1558 2153 1698 2196; x_wconf 86' lang='lat' dir='ltr'>desuper</span> <span class='ocrx_word' id='word_1_424' title='bbox 1718 2154 1891 2194; x_wconf 43' lang='lat' dir='ltr'>consectas</span> <span class='ocrx_word' id='word_1_425' title='bbox 1914 2160 1943 2187; x_wconf 89' lang='lat' dir='ltr'>et</span> 
     </span>
     <span class='ocr_line' id='line_1_83' title="bbox 1191 2204 1944 2248; baseline 0.007 -13"><span class='ocrx_word' id='word_1_426' title='bbox 1191 2214 1360 2246; x_wconf 79' lang='lat' dir='ltr'>processus</span> <span class='ocrx_word' id='word_1_427' title='bbox 1377 2204 1502 2237; x_wconf 81' lang='lat' dir='ltr'>habitos</span> <span class='ocrx_word' id='word_1_428' title='bbox 1523 2216 1580 2248; x_wconf 84' lang='lat' dir='ltr'>per</span> <span class='ocrx_word' id='word_1_429' title='bbox 1596 2206 1739 2239; x_wconf 87' lang='lat' dir='ltr'>eosdem.</span> <span class='ocrx_word' id='word_1_430' title='bbox 1761 2206 1944 2240; x_wconf 82' lang='lat' dir='ltr'>inhibentes</span> 
     </span>
     <span class='ocr_line' id='line_1_84' title="bbox 1189 2257 1944 2301; baseline 0.005 -12"><span class='ocrx_word' id='word_1_431' title='bbox 1189 2257 1322 2298; x_wconf 88' lang='lat' dir='ltr'>eisdem,</span> <span class='ocrx_word' id='word_1_432' title='bbox 1336 2258 1391 2301; x_wconf 90' lang='lat' dir='ltr'>qui</span> <span class='ocrx_word' id='word_1_433' title='bbox 1409 2259 1480 2290; x_wconf 87' lang='lat' dir='ltr'>illas</span> <span class='ocrx_word' id='word_1_434' title='bbox 1491 2258 1716 2299; x_wconf 84' lang='lat' dir='ltr'>obtinuerunt,</span> <span class='ocrx_word' id='word_1_435' title='bbox 1737 2260 1796 2293; x_wconf 81' lang='lat' dir='ltr'>sub</span> <span class='ocrx_word' id='word_1_436' title='bbox 1817 2271 1944 2293; x_wconf 83' lang='lat' dir='ltr'>excom—</span> 
     </span>
     <span class='ocr_line' id='line_1_85' title="bbox 1190 2312 1940 2355; baseline 0.005 -13"><span class='ocrx_word' id='word_1_437' title='bbox 1190 2321 1218 2342; x_wconf 91' lang='lat' dir='ltr'>m</span> <span class='ocrx_word' id='word_1_438' title='bbox 1226 2322 1242 2343; x_wconf 91' lang='lat' dir='ltr'>u</span> <span class='ocrx_word' id='word_1_439' title='bbox 1250 2312 1420 2344; x_wconf 88' lang='lat' dir='ltr'>nicationis</span> <span class='ocrx_word' id='word_1_440' title='bbox 1433 2322 1536 2355; x_wconf 73' lang='lat' dir='ltr'>poena</span> <span class='ocrx_word' id='word_1_441' title='bbox 1551 2313 1618 2355; x_wconf 85' lang='lat' dir='ltr'>ipso</span> <span class='ocrx_word' id='word_1_442' title='bbox 1635 2313 1718 2345; x_wconf 87' lang='lat' dir='ltr'>sacto</span> <span class='ocrx_word' id='word_1_443' title='bbox 1732 2314 1940 2354; x_wconf 84' lang='lat' dir='ltr'>incurrenda,</span> 
     </span>
     <span class='ocr_line' id='line_1_86' title="bbox 1189 2365 1940 2408; baseline 0.004 -12"><span class='ocrx_word' id='word_1_444' title='bbox 1189 2375 1288 2408; x_wconf 79' lang='lat' dir='ltr'>super</span> <span class='ocrx_word' id='word_1_445' title='bbox 1307 2376 1369 2408; x_wconf 87' lang='lat' dir='ltr'>qua</span> <span class='ocrx_word' id='word_1_446' title='bbox 1384 2376 1400 2397; x_wconf 91' lang='lat' dir='ltr'>a</span> <span class='ocrx_word' id='word_1_447' title='bbox 1422 2365 1564 2406; x_wconf 87' lang='lat' dir='ltr'>nemine,</span> <span class='ocrx_word' id='word_1_448' title='bbox 1590 2365 1649 2397; x_wconf 86' lang='lat' dir='ltr'>nisi</span> <span class='ocrx_word' id='word_1_449' title='bbox 1671 2377 1687 2398; x_wconf 88' lang='lat' dir='ltr'>a</span> <span class='ocrx_word' id='word_1_450' title='bbox 1700 2367 1846 2399; x_wconf 85' lang='lat' dir='ltr'>Romano</span> <span class='ocrx_word' id='word_1_451' title='bbox 1858 2365 1940 2399; x_wconf 90' lang='lat' dir='ltr'>Pon-</span> 
     </span>
    </p>
   </div>
   <div class='ocr_carea' id='block_1_13' title="bbox 1187 2417 1940 2655">
    <p class='ocr_par' dir='ltr' id='par_1_16' title="bbox 1187 2417 1940 2597">
     <span class='ocr_line' id='line_1_87' title="bbox 1189 2417 1940 2461; baseline 0.005 -12"><span class='ocrx_word' id='word_1_452' title='bbox 1189 2417 1285 2458; x_wconf 76' lang='lat' dir='ltr'>tilice,</span> <span class='ocrx_word' id='word_1_453' title='bbox 1314 2424 1544 2461; x_wconf 79' lang='lat' dir='ltr'>praeterquam</span> <span class='ocrx_word' id='word_1_454' title='bbox 1579 2419 1609 2451; x_wconf 92' lang='lat' dir='ltr'>in</span> <span class='ocrx_word' id='word_1_455' title='bbox 1645 2420 1758 2452; x_wconf 86' lang='lat' dir='ltr'>mortis</span> <span class='ocrx_word' id='word_1_456' title='bbox 1788 2420 1940 2460; x_wconf 81' lang='lat' dir='ltr'>articulo.</span> 
     </span>
     <span class='ocr_line' id='line_1_88' title="bbox 1187 2467 1939 2511; baseline 0.001 -12"><span class='ocrx_word' id='word_1_457' title='bbox 1187 2467 1400 2499; x_wconf 82' lang='lat' dir='ltr'>absolutionis</span> <span class='ocrx_word' id='word_1_458' title='bbox 1421 2467 1617 2499; x_wconf 79' lang='lat' dir='ltr'>beneficium</span> <span class='ocrx_word' id='word_1_459' title='bbox 1644 2468 1743 2511; x_wconf 84' lang='lat' dir='ltr'>possit</span> <span class='ocrx_word' id='word_1_460' title='bbox 1767 2468 1939 2511; x_wconf 86' lang='lat' dir='ltr'>impertiri,</span> 
     </span>
     <span class='ocr_line' id='line_1_89' title="bbox 1188 2516 1940 2559; baseline 0.001 -11"><span class='ocrx_word' id='word_1_461' title='bbox 1188 2526 1239 2552; x_wconf 72' lang='lat' dir='ltr'>ne,</span> <span class='ocrx_word' id='word_1_462' title='bbox 1268 2516 1411 2559; x_wconf 82' lang='lat' dir='ltr'>ipsarum</span> <span class='ocrx_word' id='word_1_463' title='bbox 1436 2516 1639 2548; x_wconf 71' lang='lat' dir='ltr'>licentiarum</span> <span class='ocrx_word' id='word_1_464' title='bbox 1666 2522 1847 2559; x_wconf 84' lang='lat' dir='ltr'>praetextu,</span> <span class='ocrx_word' id='word_1_465' title='bbox 1870 2527 1940 2549; x_wconf 89' lang='lat' dir='ltr'>mo-</span> 
     </span>
     <span class='ocr_line' id='line_1_90' title="bbox 1188 2564 1853 2606; baseline 0.002 -10"><span class='ocrx_word' id='word_1_466' title='bbox 1188 2564 1324 2596; x_wconf 73' lang='lat' dir='ltr'>nasniia</span> <span class='ocrx_word' id='word_1_467' title='bbox 1346 2564 1531 2596; x_wconf 81' lang='lat' dir='ltr'>huiusmodi</span> <span class='ocrx_word' id='word_1_468' title='bbox 1556 2565 1679 2606; x_wconf 72' lang='lat' dir='ltr'>inpredi</span> <span class='ocrx_word' id='word_1_469' title='bbox 1701 2565 1853 2597; x_wconf 78' lang='lat' dir='ltr'>audeant.</span> 
     </span>
    </p>

    <p class='ocr_par' dir='ltr' id='par_1_17' title="bbox 1231 2612 1937 2655">
     <span class='ocr_line' id='line_1_91' title="bbox 1231 2612 1937 2655; baseline 0.001 -11.001"><span class='ocrx_word' id='word_1_470' title='bbox 1231 2614 1245 2655; x_wconf 65' lang='grc' dir='ltr'>ξ</span> <span class='ocrx_word' id='word_1_471' title='bbox 1269 2612 1300 2644; x_wconf 67' lang='lat'>02.</span> <span class='ocrx_word' id='word_1_472' title='bbox 1329 2612 1485 2644; x_wconf 79' lang='lat' dir='ltr'>Abbatiss&#39;</span> <span class='ocrx_word' id='word_1_473' title='bbox 1463 2624 1505 2644; x_wconf 86' lang='lat' dir='ltr'>is</span> <span class='ocrx_word' id='word_1_474' title='bbox 1526 2624 1600 2644; x_wconf 65' lang='lat' dir='ltr'>iiio</span> <span class='ocrx_word' id='word_1_475' title='bbox 1619 2619 1647 2645; x_wconf 93' lang='lat' dir='ltr'>et</span> <span class='ocrx_word' id='word_1_476' title='bbox 1671 2613 1832 2655; x_wconf 85' lang='lat' dir='ltr'>priorissis</span> <span class='ocrx_word' id='word_1_477' title='bbox 1852 2623 1888 2644; x_wconf 90' lang='lat' dir='ltr'>ac</span> <span class='ocrx_word' id='word_1_478' title='bbox 1904 2623 1937 2645; x_wconf 86' lang='lat' dir='ltr'>a·</span> 
     </span>
    </p>
   </div>
   <div class='ocr_carea' id='block_1_14' title="bbox 1959 276 2145 312">
    <p class='ocr_par' dir='ltr' id='par_1_18' title="bbox 1959 276 2145 312">
     <span class='ocr_line' id='line_1_92' title="bbox 1959 276 2145 312; baseline -0.005 0"><span class='ocrx_word' id='word_1_479' title='bbox 1959 283 2014 312; x_wconf 75' lang='lat' dir='ltr'>An.</span> <span class='ocrx_word' id='word_1_480' title='bbox 2032 276 2145 312; x_wconf 76' lang='lat' dir='ltr'><strong>c.1587</strong></span> 
     </span>
    </p>
   </div>
   <div class='ocr_carea' id='block_1_15' title="bbox 1187 2650 2138 2703">
    <p class='ocr_par' dir='ltr' id='par_1_19' title="bbox 1187 2650 2138 2703">
     <span class='ocr_line' id='line_1_93' title="bbox 1187 2650 2138 2703; baseline -0.001 -11"><span class='ocrx_word' id='word_1_481' title='bbox 1187 2661 1236 2692; x_wconf 86' lang='lat' dir='ltr'>liis</span> <span class='ocrx_word' id='word_1_482' title='bbox 1262 2661 1521 2703; x_wconf 82' lang='lat' dir='ltr'>praesidentibus</span> <span class='ocrx_word' id='word_1_483' title='bbox 1547 2661 1937 2693; x_wconf 80' lang='lat' dir='ltr'>dictorummonasteiio-</span> <span class='ocrx_word' id='word_1_484' title='bbox 1954 2650 2138 2703; x_wconf 43' lang='grc' dir='ltr'>,μῗζηζξᾚζ</span> 
     </span>
    </p>
   </div>
  </div>
 </body>
</html>
