2226 3070
83 248 134 276 An.
152 248 180 276 C.
199 249 266 277 1589

112 843 226 869 Episcopus
245 844 266 862 el

83 876 196 899 capitulum
225 873 266 893 Pa-

83 908 177 925 tavit-nso
212 911 265 925 con-

82 937 188 956 cordatum
211 938 265 957 lue—

83 971 123 989 ῑΙΙὶΙ,

110 1870 211 1891 Ruborem
230 1876 269 1897 pe-

83 1905 128 1922 tunt
141 1902 266 1922 auctoritate

84 1932 207 1959 apostolica.

89 2137 177 2157 Praevia
192 2143 270 2164 appro—

87 2169 170 2188 lmtiono
182 2174 273 2195 congre-

88 2201 179 2225 g.=u=·nis
195 2201 271 2220 concl-

88 2232 108 2250 1ιι
125 2231 194 2251 Sinus
211 2237 270 2251 con—

88 2265 161 2288 tii-mat,
179 2263 272 2283 nonnul-

87 2295 112 2315 lis
129 2295 251 2315 immutatis.

935 252 1038 276 SlXTUS
1058 253 1075 275 V
1100 252 1147 275 PP.

282 302 388 345 gregis
408 302 560 335 dominic-i
579 315 656 336 cura
673 304 844 338 commissa
864 312 922 343 est,
946 307 1031 339 cirea

283 355 505 389 universorum
533 358 805 398 christifidelium,
843 361 1029 403 praesertim

283 408 313 441 in
348 409 503 452 dignitate
530 411 743 444 ecclesiastiea
768 413 1028 451 constitutorum,

283 474 395 507 pacem
417 470 447 497 et,
463 465 726 507 tranquillitatem
749 466 892 499 sollicitis
917 467 1031 499 studiis

284 517 494 558 intendentes,
516 529 564 557 ea,
593 530 675 561 quae
697 525 868 562 propterea
896 520 979 552 inter
1005 521 1029 552 i-

282 582 356 614 psos
375 571 600 604 christifideles
626 572 706 604 facta
727 583 795 605 esse
815 572 981 613 dicuntur,
997 579 1029 606 ut

283 625 375 657 firma
398 630 426 657 et
448 625 568 657 illibata
584 624 767 668 persistant,
788 625 937 663 libenter,
956 638 1029 658 cuni

282 690 299 711 a
320 679 411 712 nobis
432 679 564 722 petitur,
587 678 764 721 apostolico
786 679 965 712 munimine
981 691 1030 713 ro-

282 734 444 765 boramus.

325 785 339 827 §
363 784 394 816 t.
417 784 496 817 Cum
515 784 623 827 itaque
645 785 836 817 venerabilis
857 786 954 818 frater
974 787 1031 819 Ur-

281 840 384 871 banus
400 838 573 882 episcopus
594 843 624 871 et
643 838 753 871 dilecti
772 838 829 871 filii
851 839 1029 883 capitulum

280 892 464 925 Pataviense
495 892 587 924 nobis
613 903 718 936 nuper
743 893 859 935 exponi
882 893 1028 926 fecissent

281 946 368 989 quod
395 945 554 989 quaedam
577 951 669 989 pacta
690 951 720 979 et
740 947 935 979 concordata
959 942 1030 980 ante

281 1000 457 1033 concilium
493 998 715 1032 Tridentinum
751 1000 845 1039 sacta,
891 1011 1029 1043 quorum

281 1055 437 1087 nonnulla
461 1065 520 1098 per
541 1054 669 1087 decreta
690 1053 766 1087 dicti
787 1050 917 1087 concilii
935 1055 1028 1087 abro-

280 1113 351 1151 gata
380 1109 519 1147 fuerant,
550 1108 612 1141 alia
638 1119 712 1141 vero
740 1114 873 1151 propter
902 1108 1031 1141 iurisdi-

281 1162 396 1195 ctionis
416 1162 608 1205 episcopalis
633 1161 861 1201 eminentiam,
890 1173 927 1194 ac
954 1162 1030 1194 dieti

282 1215 413 1260 capituli
432 1220 527 1258 atque
540 1215 619 1248 adeo
631 1215 728 1248 totius
748 1215 909 1248 Ecclesiae
931 1216 1032 1248 incre-

282 1275 426 1303 mentum
454 1275 484 1302 et
521 1269 705 1309 utilitatem,
732 1269 872 1312 denique
900 1276 1033 1313 propter

281 1323 489 1357 concordiam
511 1328 541 1356 et
568 1334 680 1366 pacem
706 1324 972 1363 conservandam,
1000 1324 1030 1356 in

281 1377 395 1410 melius
423 1377 620 1415 reducenda,
643 1376 845 1409 emendanda
876 1381 907 1409 et
931 1376 1031 1409 resor-

282 1432 398 1464 manda
418 1430 619 1471 videbantur,
651 1430 795 1463 unanimi
818 1441 977 1463 consensu
999 1443 1032 1464 e-

281 1485 488 1524 mendarunt,
515 1489 546 1517 et
569 1494 667 1528 super
694 1484 845 1516 omnibus
870 1489 900 1516 et
925 1484 1034 1527 singu-

282 1539 320 1572 lis
343 1538 473 1571 illorum
496 1538 642 1571 articulis
661 1544 888 1580 transegerunt.
908 1544 938 1571 et
958 1549 1033 1570 ron-

281 1593 476 1633 cordarunt,
500 1592 621 1634 illaque
649 1592 867 1635 approbantes
896 1597 926 1624 et
955 1603 1031 1625 con-

282 1647 458 1685 firmante&
481 1645 882 1690 promiseruntpostSedis
897 1647 1033 1689 Aposto-

281 1701 361 1734 licae
378 1700 657 1733 confirmationem
675 1699 904 1733 inviolabiliter
923 1701 1032 1733 ohser-

282 1766 366 1788 vare.

327 1809 341 1852 ἓ
364 1808 394 1841 2.
423 1808 460 1841 Et
480 1818 539 1852 pro
560 1813 650 1851 parte
663 1809 851 1841 eorumdem
871 1808 990 1841 Urbani
1004 1819 1034 1841 e—

284 1862 407 1907 piscopi
419 1867 450 1895 et
462 1861 596 1905 capituli
608 1861 701 1894 nobis
714 1862 772 1894 suit
782 1862 950 1894 humiliter
962 1874 1035 1906 sup-

283 1916 439 1960 plicatum
460 1921 621 1959 quatenus
641 1915 702 1948 iltis
722 1916 823 1949 robur
839 1916 1034 1960 apostolicae

284 1969 542 2003 confirmationis
554 1969 693 2002 adiicere
706 1969 743 2002 de
754 1969 950 2012 benignitate
960 1981 1036 2014 apo-

283 2024 395 2057 stolica
414 2023 635 2065 dignaremur.

329 2079 343 2122 g
367 2077 398 2111 3.
426 2078 488 2110 Nos
505 2077 615 2110 eadem
631 2083 722 2120 pacta
736 2083 767 2110 et
777 2078 972 2112 concordata
987 2079 1036 2112 di-

286 2132 378 2164 lectis
386 2131 459 2163 siliis
475 2130 592 2164 nostris
609 2135 736 2164 sanctae
748 2131 910 2165 Romanae
926 2133 1035 2165 Eccle-

287 2185 351 2218 siae
382 2184 602 2218 cardinalibus
635 2195 733 2228 super
767 2185 1036 2229 interpretatione

289 2238 492 2271 decretorum
507 2237 635 2271 concilii
648 2237 825 2270 Tridentini
844 2250 900 2281 per
910 2250 968 2272 nos
982 2241 1036 2272 de-

288 2292 420 2336 putatis,
452 2292 623 2334 diligenter
651 2297 679 2324 et
709 2298 859 2325 accurate
888 2294 1036 2327 conside-

288 2346 404 2385 randa,
440 2345 652 2379 examinanda
686 2351 715 2377 et
746 2345 839 2379 nobis
870 2348 1038 2380 reserenda

287 2399 522 2432 commisimus.

330 2449 410 2482 Cum
427 2455 536 2481 autem
550 2448 610 2492 ipsi
625 2449 805 2482 cardinales
826 2450 903 2483 haec
925 2450 1037 2483 eadem

288 2504 381 2542 pacta
402 2504 432 2531 et
453 2498 649 2530 concordata
676 2509 733 2541 per
758 2509 813 2531 eos
839 2505 965 2532 mature
990 2500 1037 2532 di-

287 2559 396 2581 scussa
407 2553 437 2580 et
458 2547 637 2580 examinata
657 2548 752 2581 nobis
771 2549 955 2589 retulerint,
967 2559 1036 2588 1105,

287 2597 326 2630 de
338 2597 525 2630 eorumdem
548 2596 760 2630 cardinalium
782 2597 929 2638 consilio,
943 2609 1039 2642 quae-

289 2647 363 2680 dam
384 2657 420 2680 ex
442 2647 506 2681 illis
526 2647 738 2688 detraximus,
755 2647 818 2681 alia
829 2648 861 2681 in
874 2653 965 2692 parte
978 2648 1038 2682 im-

1714 244 1770 277 131
1841 244 1892 272 An,
1910 247 1938 272 C.
1956 247 2022 274 1580

1073 305 1278 343 mutavimus,
1296 306 1357 338 alia
1374 306 1592 345 limitavimus,
1608 308 1667 340 alia
1681 308 1820 351 denique

1072 358 1250 399 omisimus,
1268 370 1305 392 ac
1322 359 1451 392 illorum
1474 361 1619 392 oi‘unimn
1643 367 1768 393 tenores
1783 362 1821 393 de

1073 413 1168 446 vcrbo
1184 414 1222 445 ad
1240 414 1369 446 verbum
1386 414 1434 446 his
1450 415 1570 447 nostris
1590 415 1704 447 litteris
1724 415 1820 447 inseri

1073 465 1220 506 fecimus,
1243 467 1297 510 qui
1315 467 1386 500 talis
1407 473 1465 500 est:

1116 520 1131 561 ξ
1156 520 1186 552 4.
1214 521 1248 552 ln
1279 521 1402 564 primis,
1432 523 1518 565 quod
1549 522 1653 554 dictus
1676 522 1822 555 Urbanus
1865 532 1932 552 rvnnr
1966 539 2022 553 nnn*

1073 573 1245 616 episcopus
1266 575 1338 607 velit
1358 575 1387 606 in
1410 575 1541 618 antiqua
1562 575 1613 608 itta
1628 581 1659 607 et
1672 587 1745 608 vera
1762 576 1823 609 side
1838 565 1978 585 ⁰U¹⁶⁸¹⁰‘⁰“''

1073 636 1108 657 ac
1127 627 1281 668 religione
1301 628 1488 665 christiana.
1512 640 1594 672 quae
1612 630 1769 662 haetenus
1789 642 1823 662 a-

1073 679 1321 721 pudcatholieos
1331 683 1591 725 tloruit‚atquein
1601 684 1825 716 observatione

1073 737 1103 765 et
1123 732 1306 766 obedientia
1328 736 1463 768 Sanctae
1485 737 1646 769 Romanae
1667 742 1694 769 et
1715 737 1825 770 catho-
1868 750 2027 777 Epis-:opuntio-

1073 785 1153 819 licae
1175 787 1346 828 Ecclesiae,
1370 795 1431 821 tam
1456 801 1513 833 pro
1534 802 1589 822 sua
1607 791 1739 834 propria
1755 802 1826 834 per·
1841 785 1964 839 ζζζᾙῗωῖθ
1975 789 2026 841 ρ’ἷζῗ

1072 851 1162 877 sona,
1186 852 1282 883 quam
1304 843 1450 885 personis
1471 855 1606 876 suorum
1628 844 1827 877 consiliario·
1841 845 1914 868 ''nm“

1073 904 1158 929 rum,
1187 895 1440 936 praefectorum,
1469 897 1669 937 officialium,
1701 898 1824 930 aulico-

1073 958 1144 978 rum
1175 953 1206 980 et
1236 947 1441 981 tamiliarium
1475 949 1591 991 iugiter
1623 962 1826 994 permanere,

1073 1011 1178 1044 neque
1203 1001 1443 1045 praedicatores
1464 1013 1568 1045 neque
1590 1003 1709 1036 liberos
1724 1015 1828 1047 neque

1073 1054 1231 1093 subditos,
1247 1054 1387 1097 quicum
1403 1066 1559 1087 novarum
1573 1061 1734 1088 sectarum
1748 1058 1826 1090 hae-

1075 1107 1200 1140 resibus
1221 1108 1339 1140 suerint
1354 1108 1462 1141 insecti
1474 1115 1526 1141 aut
1543 1109 1714 1147 cumulati,
1733 1110 1765 1142 in
1782 1111 1827 1143 ci-

1074 1160 1167 1193 vitate
1188 1161 1364 1194 Pataviensi
1378 1167 1433 1194 aut
1454 1162 1524 1194 aliis
1538 1162 1665 1206 oppidis
1685 1164 1733 1196 vel
1749 1164 1829 1196 locis

1074 1215 1113 1247 ad
1143 1215 1311 1247 ecclesiam
1340 1215 1557 1249 pataviensem
1590 1216 1829 1260 pertinentibus

1075 1269 1242 1304 tollerare.
1275 1269 1329 1301 sed
1355 1274 1467 1301 rontra
1488 1270 1674 1303 huiusmodi
1701 1271 1827 1314 praedi-

1075 1328 1197 1362 cantes,
1220 1323 1394 1356 vendentes
1405 1334 1441 1356 ac
1455 1324 1654 1367 profitentes,
1674 1324 1760 1357 iuxta
1773 1336 1825 1357 ca-

1075 1376 1206 1409 nonicas
1220 1377 1412 1416 sanctiones,
1440 1388 1706 1420 summorumque
1719 1378 1827 1411 Ponti-

1077 1431 1187 1470 ficum,
1210 1435 1273 1462 tam
1298 1430 1530 1463 modernorum
1553 1442 1649 1473 quam
1677 1432 1827 1475 antiquo-

1076 1496 1158 1523 rum,
1173 1485 1301 1517 deereta
1315 1490 1411 1528 atque
1432 1484 1641 1528 imperatoria
1663 1486 1825 1523 mandata,

1076 1538 1115 1570 ad
1137 1538 1314 1581 ‹aindignas
1334 1549 1455 1581 poenas
1469 1538 1643 1581 procedere
1657 1545 1683 1572 et
1696 1540 1827 1583 procedi

1076 1592 1194 1631 faeere,
1222 1592 1458 1636 servitoresque
1488 1593 1527 1624 ab
1554 1593 1669 1625 officiis
1688 1594 1755 1625 suis
1782 1605 1828 1627 rc-

1076 1656 1216 1681 movere,
1237 1645 1386 1677 similiter
1410 1651 1440 1678 et
1464 1646 1641 1689 capitulum
1665 1647 1829 1691 praedicta

1075 1699 1268 1732 observabit,

1119 1754 1211 1793 Item,
1234 1754 1319 1796 quod
1346 1753 1419 1786 velit
1449 1754 1480 1786 in
1509 1754 1612 1797 spatio
1635 1755 1730 1787 unius
1755 1756 1829 1788 almi

1076 1819 1206 1840 onmem
1224 1808 1425 1850 diligentiam
1449 1809 1604 1842 adbibere
1622 1809 1780 1852 insignem
1795 1821 1829 1842 a-

1076 1861 1196 1905 liquem
1219 1867 1249 1894 et
1283 1862 1413 1895 doctum
1442 1862 1629 1905 theologum
1655 1868 1751 1907 atque
1772 1874 1829 1896 an-

1077 1916 1184 1959 tiquae
1206 1916 1372 1959 religionis
1399 1918 1613 1960 professorem
1635 1918 1830 1961 competenti

1078 1970 1237 2013 stipendio
1268 1971 1464 2007 conducere,
1495 1971 1710 2015 eumdmnque
1744 1973 1831 2015 apud

1078 2023 1247 2056 ecelesiam
1270 2024 1487 2057 cathedralem
1505 2029 1626 2060 tenere.
1650 2030 1680 2057 et
1699 2024 1767 2058 sine
1786 2025 1832 2057 di—

1079 2077 1213 2121 spendio
1235 2077 1367 2121 capituli
1398 2083 1589 2110 sustentare.
1626 2078 1715 2119 Item,
1743 2080 1830 2122 quod

1078 2131 1153 2164 velit
1177 2131 1296 2164 habere
1322 2131 1402 2163 duos
1430 2131 1583 2164 officiales
1608 2142 1662 2164 seu
1695 2132 1831 2165 vicarios

1079 2185 1245 2228 generales
1262 2196 1431 2217 causarum
1455 2185 1492 2217 ad
1515 2186 1619 2217 sorum
1642 2185 1832 2219 ecclesiasti-

1079 2250 1151 2272 cum
1173 2239 1402 2282 spectantium,
1426 2239 1564 2271 alterum
1586 2239 1730 2272 Patariae
1747 2245 1775 2271 et
1789 2240 1832 2272 al-

1080 2297 1182 2325 terum
1204 2292 1356 2329 Viennae,
1379 2302 1519 2335 quorum
1549 2297 1686 2336 uterque
1707 2293 1745 2325 sit
1767 2293 1831 2325 cle-

1081 2345 1167 2378 ricus
1192 2346 1360 2386 honestus,
1388 2351 1419 2378 et
1445 2345 1476 2378 in
1502 2346 1663 2389 theologia
1689 2347 1736 2379 vel
1763 2346 1831 2379 iure

1081 2398 1831 2443 canonicoqualiticatus,quilibethabeatsuum

1081 2460 1273 2482 assessorem
1299 2454 1330 2482 et
1351 2456 1525 2483 notarium.

1126 2499 1214 2539 ltem,
1236 2499 1501 2543 quandoquidem
1518 2499 1697 2543 capitulum
1716 2500 1747 2532 in
1763 2500 1833 2543 qui-
1848 2499 2031 2553 ω’ῐξΐῃζῗξρὲζζᾙ

1081 2549 1216 2581 busdam
1242 2549 1405 2593 parochiis
1432 2555 1463 2582 et
1491 2549 1563 2581 aliis
1590 2549 1769 2588 beneficiis,
1797 2561 1832 2582 ex
1892 2547 1898 2552 ”

1082 2599 1257 2642 privilegiis
1267 2599 1475 2632 Summorum
1490 2598 1696 2639 Pontificum,
1717 2599 1831 2631 iusha-

1080 2648 1135 2682 het
1154 2648 1355 2691 instituendi,
1374 2648 1651 2683 consensitdictus
1663 2647 1833 2692 episcopus

1867 1760 1997 1785 Theotmum
2007 1764 2026 1782 et

1847 1794 1898 1812 dinis
1937 1793 2029 1813 vicarios

1846 1824 1960 1849 generales
1976 1829 2029 1844 con-

1847 1856 1975 1880 stituturunu
