2226 3070
169 241 221 269 An.
236 241 265 268 C.
285 240 351 268 1589

192 520 212 540 C«
214 525 275 539 »neos
278 519 350 539 5ἰοιιι-

165 557 194 571 ριι
188 558 224 571 oni·
229 557 263 570 m(
266 551 313 569 ιιιιιιι
318 555 349 569 um

164 583 210 603 offic
214 584 232 603 in
236 589 259 603 ru
263 589 281 602 m
291 588 350 602 con

164 615 262 634 muntiant
277 613 350 634 Mace-

164 649 224 666 tillet

189 2174 307 2193 concessio
323 2180 346 2193 o-

164 2206 241 2225 rnnium
257 2204 349 2231 priv-ile—

163 2238 244 2261 storum
261 2242 350 2256 conces-

164 2273 234 2287 sorum
261 2268 350 2287 notariis

163 2302 185 2318 ct
227 2298 350 2318 consoribus

164 2329 220 2348 ltotae
231 2328 351 2348 Bononien-

165 2366 203 2380 sis.

409 230 452 264 92

366 305 402 326 ac
431 293 519 326 licite
544 293 688 329 valeant,
720 293 898 336 apostolica
925 290 1119 324 auctoritate

366 346 522 391 predicta,
553 352 665 380 tenore
697 346 930 391 praesentium,
961 349 1119 387 perpetuo

367 400 523 443 erigimus
540 406 571 434 et
591 400 799 434 instituimus.

409 456 424 499 ἕ
444 454 476 487 4.
498 455 621 498 Illaque
642 454 686 486 sic
708 459 815 486 erecta
843 457 873 484 et
894 451 1053 490 instituta,
1076 450 1121 483 di-

365 508 457 541 lectis
476 508 551 541 tiliis
571 507 747 541 communit
754 506 859 538 itibus
879 510 908 537 et
934 503 1121 537 hominibus

366 561 551 604 praedictae
569 561 704 594 civitatis
722 557 957 598 Maceratemis,
975 557 1030 600 qui
1048 567 1121 600 pro-

364 621 436 659 ptei
456 620 618 658 urgentes,
641 613 760 656 quibus
780 613 840 645 hoe
859 617 1006 654 temp01e
1027 621 1075 654 pi
1068 621 1121 643 ‘te-

364 669 498 707 mimur,
533 667 679 700 necessit·
682 673 723 699 ιιι
727 678 750 705 5,
786 676 947 698 summam
980 670 1123 708 quatuor

365 722 503 754 millium
535 726 701 753 scutorum
725 725 873 752 monetae
901 719 940 751 ad
961 718 1120 751 rationem

363 776 477 807 decem
497 774 652 807 iuliorum
685 785 742 817 pro
762 772 907 816 quolibet
933 771 1121 805 huiusmodi

363 833 455 861 scuto
476 828 606 861 realiter
626 828 865 871 persolverunt,
887 831 917 859 et
935 826 1067 859 cuilibet
1086 836 1121 858 ex

362 880 1120 925 auditoribuspraedictissalariummenstruum

364 935 495 978 triginta
506 941 672 968 scutorum
685 934 868 978 persolvere
887 933 1119 977 promiserunt,

363 1000 436 1021 cum
459 988 610 1021 omnibus
630 994 659 1021 et
678 988 813 1030 singulis
834 987 964 1020 illorum
983 986 1122 1030 scriptu-

363 1043 417 1083 ris,
440 1042 632 1081 honoribus,
649 1041 814 1080 oneribus,
832 1040 968 1080 salariis,
990 1040 1120 1082 privile-

361 1096 432 1139 giis,
459 1095 691 1140 praerogativis
724 1101 753 1128 et
786 1094 1015 1127 emolumentis
1044 1104 1121 1127 con—

364 1150 475 1189 suetis,
511 1150 686 1193 apostolica
717 1148 908 1181 auctoritate
936 1148 1119 1192 praedicta,

365 1202 847 1247 etiamperpetuoconcedimus
864 1202 1118 1244 etassignamus.

364 1257 508 1300 ltaquod
526 1257 620 1290 liceat
640 1255 865 1289 ccunmunitati
883 1260 913 1288 et
932 1255 1122 1288 hominibus

365 1310 539 1354 praedictis
552 1310 660 1343 officia
677 1309 841 1353 praedicta
858 1320 916 1352 per
931 1309 1122 1342 substitutos

365 1364 512 1403 idoneos,
544 1364 583 1396 ad
615 1373 727 1395 eorum
755 1368 870 1395 nutum
902 1363 1071 1406 ponendos
1091 1369 1121 1396 et

363 1417 571 1457 amovendos,
592 1417 735 1450 exerceri
755 1416 872 1456 facere,
901 1423 957 1450 aut.
974 1416 1028 1449 illa
1046 1427 1119 1460 per-

363 1471 449 1503 sonis
475 1471 534 1503 sibi
561 1470 719 1503 benevisis
748 1470 886 1503 vendere
907 1475 937 1502 et
964 1470 1118 1509 alivum-e,

364 1536 419 1557 seu
440 1525 480 1557 ad
497 1524 592 1556 vitam
607 1524 655 1557 vel
677 1524 714 1556 :id
739 1530 867 1568 tempus
883 1525 1003 1562 locare,
1027 1524 1122 1557 dislo-

364 1589 450 1618 care,
473 1578 660 1613 arrendare.
683 1578 722 1610 ad
744 1578 871 1610 sirmam
889 1577 977 1618 dare,
994 1589 1120 1610 necnon

363 1632 402 1663 de
421 1631 483 1663 illis
501 1637 664 1674 tamqnam
681 1631 720 1663 de
739 1642 770 1663 re
787 1643 842 1663 sua
862 1631 993 1674 propria
1011 1632 1120 1674 dispo-

364 1695 441 1717 nere
462 1690 491 1717 et
509 1685 673 1724 ordinare,
699 1685 895 1728 illorumque
917 1685 1000 1725 iura,
1022 1686 1120 1728 perti-

365 1739 502 1777 nentias,
527 1738 739 1771 obventiones
760 1743 790 1771 et
810 1739 1032 1771 emolumenta
1064 1750 1122 1782 per

363 1791 518 1823 ‹lilectnin
541 1792 644 1824 lilium
667 1796 812 1824 nostrum
837 1792 1012 1824 llenricum
1035 1792 1118 1824 tituli

363 1846 497 1877 Sanctae
519 1844 738 1877 Pudentianac
768 1845 992 1889 presbyterum
1015 1846 1119 1878 cardi-

364 1898 467 1930 nalem
497 1898 672 1931 Caelanum
702 1905 939 1941 iuincnpatnm,
964 1899 994 1931 S.
1023 1899 1058 1932 R.
1084 1900 1117 1932 li.

364 1952 592 1991 camerarium,
615 1952 752 1984 taxanda
773 1958 798 1984 et
821 1953 1032 1985 moderanda
1049 1964 1120 1996 per-

364 2006 483 2049 cipere,
497 2006 623 2048 exigere
645 2006 801 2045 etlevare,
822 2018 857 2037 ac
879 2005 1119 2039 insolutionein

364 2059 439 2092 dicti
458 2059 563 2092 salarii
586 2058 743 2092 menstrui
763 2059 895 2091 omnino
916 2067 1117 2095 convertere.

408 2114 422 2155 ξ
458 2114 488 2146 5.
529 2112 745 2145 Deeernentes
776 2113 862 2154 quod
904 2115 1121 2147 communitas

364 2172 394 2199 et
412 2166 561 2198 homines
582 2166 751 2209 praedicti,
770 2166 920 2208 dictaque
939 2168 1042 2200 officia
1060 2179 1119 2212 pro

365 2225 510 2262 tempore
531 2219 713 2252 obtinentes
738 2226 766 2251 et
804 2226 990 2253 exercentes
1017 2222 1120 2254 omni-

364 2274 425 2305 bus
445 2278 475 2305 et
495 2273 631 2315 singulis
646 2272 831 2316 privilegiis,
845 2273 1118 2315 immunitatibus,

365 2326 635 2369 exemptionibus,
647 2326 863 2366 facultatibus,
876 2328 1118 2371 praerogativis,

365 2378 558 2419 honoribus,
581 2379 754 2419 favoribus,
777 2381 887 2421 gratiis
913 2386 941 2414 et
971 2381 1116 2421 indultis,
1140 2411 1141 2414 ,

366 2428 486 2471 quibus
524 2427 641 2460 notarii
680 2439 851 2462 causarum
881 2430 981 2463 Rotae
1014 2431 1119 2464 Bono·

366 2476 487 2509 niensis
511 2477 696 2509 auditorum
719 2483 750 2509 ct
766 2478 925 2520 praedicti
943 2479 1029 2512 illius
1047 2491 1119 2512 (tur-

365 2536 454 2559 sores
475 2526 537 2558 de
529 2536 612 2566 ime,
625 2527 861 2560 consuetudine
883 2528 931 2560 vel
952 2528 1085 2571 p1ivile„
1069 2529 1120 2561 oio

365 2580 420 2606 aut
440 2575 518 2607 alias
529 2575 775 2617 quomodolibet
792 2581 940 2617 utuntur,
956 2577 984 2609 f1
988 2583 1119 2618 nuntui

968 238 1148 262 BL'LLARIUM
1168 237 1320 262 ROMANL'M

1162 289 1261 331 bique
1282 289 1360 329 srui,
1392 290 1488 332 potiri
1514 296 1547 323 et
1574 291 1718 334 gaudere
1747 293 1867 335 possint
1889 298 1920 326 et

1162 348 1314 386 poterunt
1335 343 1582 385 quomodolibet
1602 344 1634 376 in
1647 345 1808 388 futurum,
1829 347 1917 390 pari-

1162 394 1310 428 formiter
1331 401 1361 428 et
1389 407 1491 439 aeque
1521 397 1760 440 principaliter,
1787 410 1824 432 ac
1848 400 1919 433 sine

1163 449 1228 481 ulla
1249 460 1384 492 prorsus
1409 450 1602 491 differentia,
1629 451 1689 492 uti,
1721 451 1797 492 frui,
1824 453 1920 496 potiri

1166 507 1195 535 et
1217 502 1373 545 gaudere,
1387 503 1515 546 illisque¹
1530 504 1630 548 (quod
1641 505 1752 537 nullus
1772 505 1854 539 alius
1865 517 1921 540 no-

1162 555 1264 588 tarius
1283 556 1469 596 sententias,
1490 561 1559 589 acta
1580 557 1643 590 sive
1664 557 1845 602 scripturas
1861 559 1920 592 :ili-

1163 619 1254 651 quas,
1278 620 1388 642 coram
1409 609 1503 642 dictis
1525 616 1673 654 praetore
1705 616 1735 644 et
1763 612 1922 645 auditori-

1163 662 1234 702 bus,
1252 662 1284 695 in
1309 663 1414 696 causis
1434 664 1610 707 praedictis
1630 670 1663 697 et
1686 665 1765 698 alias
1784 676 1920 709 quomo-

1164 715 1286 757 dolibet
1301 717 1497 760 actitandis),
1510 729 1636 761 rogare,
1652 719 1793 752 scrihere
1804 725 1834 752 et
1848 720 1919 753 sub>

1163 769 1306 803 scribere
1326 771 1426 803 valeat
1454 771 1512 804 sub
1534 782 1639 815 poena
1663 772 1822 806 nullitatis
1846 784 1921 807 sen-

1165 823 1339 856 tentiarum
1361 830 1393 856 et
1413 824 1650 868 scripturarum
1671 826 1872 860 huiusmodi.

1207 877 1222 920 g
1247 877 1278 910 6.
1307 878 1442 921 Insuper
1462 879 1549 922 quod
1569 879 1676 913 officia
1687 881 1853 923 praedicta
1865 882 1921 915 ob-

1166 929 1316 969 tinentes,
1339 931 1393 964 illa
1415 943 1472 975 per
1491 943 1524 964 se
1546 933 1592 965 vel
1610 933 1744 966 idoneos
1764 934 1919 967 substitu-

1165 989 1212 1016 tos
1233 984 1272 1016 ab
1294 984 1339 1017 eis
1359 985 1528 1028 ponendos
1547 991 1579 1018 et
1598 987 1807 1027 amovendos,
1827 998 1918 1020 exer-

1164 1048 1237 1070 cere
1256 1038 1377 1082 possint
1390 1044 1417 1072 et
1435 1040 1574 1080 valeant,
1592 1039 1712 1073 eisdem
1727 1041 1919 1076 auctoritate

1164 1096 1194 1123 et
1216 1097 1328 1124 tenore
1350 1092 1568 1135 indulgemus.

1208 1144 1222 1187 g
1254 1143 1283 1176 7.
1325 1145 1494 1178 Praeterea
1526 1157 1585 1190 pro
1620 1147 1864 1181 communitatis
1889 1154 1920 1181 et

1163 1197 1332 1231 hominum
1355 1199 1596 1241 praedictorum
1619 1201 1791 1233 securitate
1803 1206 1833 1234 et
1844 1212 1920 1235 cau-

1163 1251 1238 1291 tela,
1260 1262 1297 1284 ac
1319 1252 1571 1295 praemissorum
1594 1253 1741 1286 omnium
1771 1254 1919 1288 observa-

1164 1304 1252 1337 tione
1273 1310 1305 1337 et
1329 1305 1531 1346 executione,
1559 1306 1692 1339 nomine
1713 1312 1743 1340 et
1768 1308 1840 1340 loco
1860 1308 1918 1341 da-

1164 1368 1316 1391 mnorum
1331 1385 1338 1398 ,
1368 1363 1399 1391 et
1419 1358 1586 1399 interesse,
1612 1370 1696 1403 quae
1717 1360 1917 1403 praedictam

1164 1411 1323 1444 civitatem
1350 1411 1414 1455 pati
1434 1417 1490 1444 aut
1514 1412 1634 1446 sentire
1654 1420 1748 1456 posse
1773 1414 1917 1458 contige-

1164 1464 1216 1504 rit,
1239 1465 1348 1497 omnia
1374 1471 1403 1498 et
1432 1466 1559 1507 singula
1589 1467 1735 1499 eiusdem
1765 1467 1919 1502 Gamerae

1165 1518 1247 1558 iura,
1272 1530 1322 1551 ιϊ5
1351 1525 1382 1552 et
1402 1519 1498 1559 bona,
1522 1525 1585 1552 tam
1612 1521 1796 1563 praesentia
1819 1533 1917 1565 quam

1164 1573 1284 1613 sutura,
1308 1573 1429 1606 nedum
1450 1573 1660 1616 generaliter,
1682 1584 1795 1607 verum
1820 1575 1916 1608 etiam

1164 1626 1350 1669 specialiter
1365 1631 1394 1659 et
1406 1637 1556 1670 expresse
1568 1637 1603 1659 ac
1625 1627 1825 1671 amplissime
1838 1628 1918 1662 obli-

1163 1689 1277 1721 gamus
1295 1684 1323 1712 et
1345 1679 1612 1723 hypothecamus.
1633 1680 1848 1714 Decernentes
1859 1680 1917 1714 Ca-

1164 1743 1285 1765 mcram
1309 1733 1506 1775 praedictam
1529 1733 1662 1766 omnino
1683 1734 1784 1767 teneri
1797 1739 1827 1768 et.
1838 1734 1918 1767 obli-

1163 1791 1267 1828 gatam
1289 1796 1358 1819 esse
1378 1786 1644 1819 communitatem
1666 1792 1695 1819 et
1716 1787 1865 1820 homines
1881 1799 1918 1820 ac

1142 1842 1222 1882 ‘pro
1249 1845 1396 1883 tempore
1426 1839 1530 1872 officia
1558 1839 1744 1873 huiusmodi
1766 1841 1918 1874 obtinen-

1162 1898 1209 1924 tes
1231 1892 1262 1924 in
1286 1892 1396 1935 quieta
1418 1898 1447 1925 et
1467 1893 1603 1936 pacifica
1633 1893 1763 1926 illorum
1792 1904 1916 1938 posse-s-

1163 1945 1252 1977 sione
1274 1945 1446 1978 defendere
1468 1951 1499 1978 et
1519 1952 1744 1986 manutenere,
1766 1958 1919 1990 praesen-

1164 2005 1274 2042 tesque
1291 1999 1330 2031 ad
1351 1999 1556 2043 probandum
1579 2000 1675 2043 plene
1696 2001 1783 2043 quod
1803 2001 1916 2034 eadem

1163 2064 1288 2085 summa
1310 2053 1341 2085 in
1368 2058 1510 2086 nostram
1538 2059 1568 2086 et
1592 2053 1682 2086 Sedis
1711 2054 1917 2098 Apostolicae

1162 2117 1198 2138 ac
1220 2106 1321 2150 ipsius
1341 2106 1493 2139 Gamerae
1506 2106 1752 2140 subventionem
1763 2118 1917 2141 conversa

1164 2159 1271 2199 suerit,
1293 2160 1421 2203 aliaque
1442 2159 1619 2204 praemissa
1640 2160 1772 2204 ubique,
1796 2166 1860 2193 tam
1884 2161 1917 2194 in

1163 2213 1284 2246 iudicio
1312 2223 1409 2256 quam
1441 2218 1527 2246 extra
1558 2213 1650 2254 illud,
1673 2214 1835 2254 sufficere,
1856 2225 1917 2248 nec

1163 2266 1201 2299 ad
1228 2267 1258 2299 id
1287 2265 1487 2309 probationis
1520 2266 1654 2300 alterius
1680 2267 1916 2301 adminiculum

1164 2320 1298 2363 ιιιμιὶικί

1206 2382 1277 2422 ξ8.
1303 2382 1435 2415 Necnon
1457 2382 1585 2416 easdem
1616 2388 1801 2426 praesentes
1825 2384 1917 2417 nullo

1163 2442 1309 2474 unquam
1330 2437 1476 2475 tempole
1502 2432 1541 2464 de
1555 2432 1776 2485 subreptionis
1792 2433 1840 2465 vel
1857 2432 1916 2466 ob-

1162 2480 1320 2533 teptionis
1335 2491 1390 2513 seu
1403 2479 1561 2513 nullitatis
1580 2480 1668 2520 vitio,
1691 2486 1747 2513 aut
1766 2480 1917 2514 intentio·

1162 2529 1212 2561 nis
1232 2534 1359 2561 nostrae
1379 2528 1427 2561 vel
1448 2528 1560 2572 quovis
1581 2528 1645 2561 alio
1661 2529 1789 2562 defectu
1809 2529 1915 2562 notari

1161 2578 1207 2611 vel
1229 2576 1415 2621 impuonaii
1432 2583 1486 2610 aut
1507 2577 1585 2611 alias
1603 2577 1877 2621 quomodolibet
1869 2589 1916 2611 ln-

368 2623 541 2666 potiuntm
565 2629 595 2656 et
613 2625 717 2666 gaude
722 2630 766 2665 ιιι,
789 2635 826 2657 ac
848 2625 895 2657 usi
917 2625 1061 2666 sueiunt,
1082 2638 1119 2659 u-
1138 2615 1143 2668 Ῑ
1162 2627 1260 2670 iringi
1280 2627 1328 2660 vel
1344 2626 1511 2660 ietractari
1532 2637 1638 2670 posse,
1660 2627 1716 2660 sed
1737 2626 1809 2660 illas
1829 2637 1914 2661 sem-

1932 240 1985 268 An.
2002 241 2030 269 C.
2048 241 2118 270 1589

1960 889 2078 911 Concessio
2089 889 2120 910 ta-

1934 920 2020 940 sunaus
2036 926 2075 947 per
2095 925 2119 940 se

1934 951 1968 971 vel
1983 951 2046 972 alium
2066 951 2120 971 dict-

1934 982 2003 1003 officia
2049 988 2120 1003 ezer-

1935 1014 2004 1034 tendi.

1961 1155 2067 1182 obligatio
2081 1157 2121 1176 ιιιι-

1936 1192 2011 1207 nomm
2019 1186 2120 1208 Gamerae

1935 1218 2072 1245 Aposiottcae
2083 1225 2120 1246 pro

1935 1249 2043 1269 observat.
2061 1255 2120 1275 pne-

1935 1281 2054 1301 missorum>

1991 2389 2112 2412 Clausulas(

1931 2422 2112 2447 praeservativa.
