<?xml version="1.0" encoding="UTF-8"?>
<!DOCTYPE html PUBLIC "-//W3C//DTD XHTML 1.0 Transitional//EN"
    "http://www.w3.org/TR/xhtml1/DTD/xhtml1-transitional.dtd">
<html xmlns="http://www.w3.org/1999/xhtml" xml:lang="en" lang="en">
 <head>
  <title>
</title>
<meta http-equiv="Content-Type" content="text/html;charset=utf-8" />
  <meta name='ocr-system' content='tesseract 3.04.00' />
  <meta name='ocr-capabilities' content='ocr_page ocr_carea ocr_par ocr_line ocrx_word'/>
</head>
<body>
  <div class='ocr_page' id='page_1' title='image "./bullarumdiplomat09cath_0510.png"; bbox 0 0 2226 3070; ppageno 0'>
   <div class='ocr_carea' id='block_1_1' title="bbox 251 269 546 308">
    <p class='ocr_par' dir='ltr' id='par_1_1' title="bbox 251 269 546 308">
     <span class='ocr_line' id='line_1_1' title="bbox 251 269 546 308; baseline 0.007 -2"><span class='ocrx_word' id='word_1_1' title='bbox 251 280 303 308; x_wconf 71' lang='lat' dir='ltr'>An.</span> <span class='ocrx_word' id='word_1_2' title='bbox 319 279 348 308; x_wconf 83' lang='lat' dir='ltr'>e.</span> <span class='ocrx_word' id='word_1_3' title='bbox 368 280 434 308; x_wconf 73' lang='lat'>159¹</span> <span class='ocrx_word' id='word_1_4' title='bbox 482 269 546 305; x_wconf 71' lang='lat'>482</span> 
     </span>
    </p>
   </div>
   <div class='ocr_carea' id='block_1_2' title="bbox 276 551 419 572">
    <p class='ocr_par' dir='ltr' id='par_1_2' title="bbox 276 551 419 572">
     <span class='ocr_line' id='line_1_2' title="bbox 276 551 419 572; baseline 0 -1"><span class='ocrx_word' id='word_1_5' title='bbox 276 551 419 572; x_wconf 59' lang='lat' dir='ltr'>studentium.</span> 
     </span>
    </p>
   </div>
   <div class='ocr_carea' id='block_1_3' title="bbox 248 924 428 971">
    <p class='ocr_par' dir='ltr' id='par_1_3' title="bbox 248 924 428 971">
     <span class='ocr_line' id='line_1_3' title="bbox 275 924 428 944; baseline -0.007 0"><span class='ocrx_word' id='word_1_6' title='bbox 275 924 335 944; x_wconf 75' lang='lat' dir='ltr'>Locis</span> <span class='ocrx_word' id='word_1_7' title='bbox 348 930 428 944; x_wconf 76' lang='lat' dir='ltr'>recrea·</span> 
     </span>
     <span class='ocr_line' id='line_1_4' title="bbox 248 951 316 971; baseline -0.015 0"><span class='ocrx_word' id='word_1_8' title='bbox 248 951 316 971; x_wconf 77' lang='lat' dir='ltr'>tionis.</span> 
     </span>
    </p>
   </div>
   <div class='ocr_carea' id='block_1_4' title="bbox 247 1885 429 1933">
    <p class='ocr_par' dir='ltr' id='par_1_4' title="bbox 247 1885 429 1933">
     <span class='ocr_line' id='line_1_5' title="bbox 300 1885 429 1906; baseline 0 0"><span class='ocrx_word' id='word_1_9' title='bbox 300 1885 429 1906; x_wconf 72' lang='lat' dir='ltr'>Novium-nm</span> 
     </span>
     <span class='ocr_line' id='line_1_6' title="bbox 247 1912 384 1933; baseline 0.007 -1"><span class='ocrx_word' id='word_1_10' title='bbox 247 1912 384 1933; x_wconf 69' lang='lat' dir='ltr'>habitatione,</span> 
     </span>
    </p>
   </div>
   <div class='ocr_carea' id='block_1_5' title="bbox 247 2097 429 2199">
    <p class='ocr_par' dir='ltr' id='par_1_5' title="bbox 247 2097 429 2199">
     <span class='ocr_line' id='line_1_7' title="bbox 260 2097 429 2118; baseline 0 0"><span class='ocrx_word' id='word_1_11' title='bbox 260 2097 366 2118; x_wconf 62' lang='lat' dir='ltr'>Pontinos</span> <span class='ocrx_word' id='word_1_12' title='bbox 382 2104 429 2118; x_wconf 80' lang='lat' dir='ltr'>con-</span> 
     </span>
     <span class='ocr_line' id='line_1_8' title="bbox 247 2125 429 2151; baseline 0.005 -7"><span class='ocrx_word' id='word_1_13' title='bbox 247 2125 337 2145; x_wconf 76' lang='lat' dir='ltr'>firmatio</span> <span class='ocrx_word' id='word_1_14' title='bbox 367 2131 429 2151; x_wconf 78' lang='lat' dir='ltr'>supra</span> 
     </span>
     <span class='ocr_line' id='line_1_9' title="bbox 247 2151 429 2178; baseline 0.005 -7"><span class='ocrx_word' id='word_1_15' title='bbox 247 2151 350 2171; x_wconf 81' lang='lat' dir='ltr'>dictarum</span> <span class='ocrx_word' id='word_1_16' title='bbox 363 2151 429 2178; x_wconf 70' lang='lat' dir='ltr'>Regu-</span> 
     </span>
     <span class='ocr_line' id='line_1_10' title="bbox 247 2179 320 2199; baseline 0 -1"><span class='ocrx_word' id='word_1_17' title='bbox 247 2179 320 2199; x_wconf 74' lang='lat' dir='ltr'>larum.</span> 
     </span>
    </p>
   </div>
   <div class='ocr_carea' id='block_1_6' title="bbox 1029 281 2142 312">
    <p class='ocr_par' dir='ltr' id='par_1_6' title="bbox 1029 281 2142 312">
     <span class='ocr_line' id='line_1_11' title="bbox 1029 281 2142 312; baseline 0.004 -6"><span class='ocrx_word' id='word_1_18' title='bbox 1029 281 1211 306; x_wconf 78' lang='lat' dir='ltr'>BULLARIUM</span> <span class='ocrx_word' id='word_1_19' title='bbox 1230 282 1382 306; x_wconf 75' lang='lat' dir='ltr'><strong>ROMANUM</strong></span> <span class='ocrx_word' id='word_1_20' title='bbox 1965 283 2014 311; x_wconf 78' lang='lat' dir='ltr'>An.</span> <span class='ocrx_word' id='word_1_21' title='bbox 2036 283 2142 312; x_wconf 56' lang='lat'>&amp;159¹</span> 
     </span>
    </p>
   </div>
   <div class='ocr_carea' id='block_1_7' title="bbox 447 329 1949 374">
    <p class='ocr_par' dir='ltr' id='par_1_7' title="bbox 447 329 1949 374">
     <span class='ocr_line' id='line_1_12' title="bbox 447 329 1949 374; baseline 0.002 -12"><span class='ocrx_word' id='word_1_22' title='bbox 447 340 553 362; x_wconf 86' lang='lat' dir='ltr'>sacros</span> <span class='ocrx_word' id='word_1_23' title='bbox 573 329 715 370; x_wconf 89' lang='lat' dir='ltr'>Ordines,</span> <span class='ocrx_word' id='word_1_24' title='bbox 732 330 786 363; x_wconf 90' lang='lat' dir='ltr'>sed</span> <span class='ocrx_word' id='word_1_25' title='bbox 804 330 898 363; x_wconf 84' lang='lat' dir='ltr'>etiam</span> <span class='ocrx_word' id='word_1_26' title='bbox 914 330 953 362; x_wconf 84' lang='lat' dir='ltr'>ad</span> <span class='ocrx_word' id='word_1_27' title='bbox 971 329 1181 362; x_wconf 87' lang='lat' dir='ltr'>ministerium</span> <span class='ocrx_word' id='word_1_28' title='bbox 1217 330 1301 363; x_wconf 90' lang='lat' dir='ltr'>mine</span> <span class='ocrx_word' id='word_1_29' title='bbox 1322 330 1432 374; x_wconf 83' lang='lat' dir='ltr'>quavis</span> <span class='ocrx_word' id='word_1_30' title='bbox 1454 330 1621 364; x_wconf 80' lang='lat' dir='ltr'>occasione</span> <span class='ocrx_word' id='word_1_31' title='bbox 1641 332 1688 364; x_wconf 91' lang='lat' dir='ltr'>vel</span> <span class='ocrx_word' id='word_1_32' title='bbox 1710 342 1804 365; x_wconf 88' lang='lat' dir='ltr'>causa</span> <span class='ocrx_word' id='word_1_33' title='bbox 1823 332 1905 373; x_wconf 87' lang='lat' dir='ltr'>latis,</span> <span class='ocrx_word' id='word_1_34' title='bbox 1924 333 1949 365; x_wconf 93' lang='lat' dir='ltr'>si</span> 
     </span>
    </p>
   </div>
   <div class='ocr_carea' id='block_1_8' title="bbox 443 382 1183 2677">
    <p class='ocr_par' dir='ltr' id='par_1_8' title="bbox 448 382 1177 480">
     <span class='ocr_line' id='line_1_13' title="bbox 448 382 1177 426; baseline -0.001 -11"><span class='ocrx_word' id='word_1_35' title='bbox 448 389 593 416; x_wconf 88' lang='lat' dir='ltr'>nostrum</span> <span class='ocrx_word' id='word_1_36' title='bbox 618 394 653 417; x_wconf 81' lang='lat' dir='ltr'>ex</span> <span class='ocrx_word' id='word_1_37' title='bbox 680 383 940 416; x_wconf 81' lang='lat' dir='ltr'>constitutionum</span> <span class='ocrx_word' id='word_1_38' title='bbox 972 382 1177 426; x_wconf 83' lang='lat' dir='ltr'>praescripto,</span> 
     </span>
     <span class='ocr_line' id='line_1_14' title="bbox 448 436 1159 480; baseline -0.001 -10"><span class='ocrx_word' id='word_1_39' title='bbox 448 443 657 480; x_wconf 74' lang='lat' dir='ltr'>congruentes</span> <span class='ocrx_word' id='word_1_40' title='bbox 678 448 713 470; x_wconf 87' lang='lat' dir='ltr'>ac.</span> <span class='ocrx_word' id='word_1_41' title='bbox 731 437 924 469; x_wconf 87' lang='lat' dir='ltr'>necessarios</span> <span class='ocrx_word' id='word_1_42' title='bbox 942 436 1159 470; x_wconf 87' lang='lat' dir='ltr'>iudicaverint.</span> 
     </span>
    </p>

    <p class='ocr_par' dir='ltr' id='par_1_9' title="bbox 446 489 1181 847">
     <span class='ocr_line' id='line_1_15' title="bbox 491 489 1180 533; baseline -0.001 -10"><span class='ocrx_word' id='word_1_43' title='bbox 491 490 506 533; x_wconf 62' lang='grc' dir='ltr'><strong>ἓ</strong></span> <span class='ocrx_word' id='word_1_44' title='bbox 524 490 575 523; x_wconf 71' lang='grc'>18.</span> <span class='ocrx_word' id='word_1_45' title='bbox 599 491 749 533; x_wconf 82' lang='lat' dir='ltr'>Idemque</span> <span class='ocrx_word' id='word_1_46' title='bbox 769 490 958 522; x_wconf 87' lang='lat' dir='ltr'>servandum</span> <span class='ocrx_word' id='word_1_47' title='bbox 980 489 1180 523; x_wconf 85' lang='lat' dir='ltr'>decernimus</span> 
     </span>
     <span class='ocr_line' id='line_1_16' title="bbox 447 542 1179 586; baseline -0.001 -9"><span class='ocrx_word' id='word_1_48' title='bbox 447 554 521 586; x_wconf 79' lang='lat' dir='ltr'>erga</span> <span class='ocrx_word' id='word_1_49' title='bbox 543 543 684 581; x_wconf 81' lang='lat' dir='ltr'>clericos,</span> <span class='ocrx_word' id='word_1_50' title='bbox 708 543 761 586; x_wconf 92' lang='lat' dir='ltr'>qui</span> <span class='ocrx_word' id='word_1_51' title='bbox 782 543 821 575; x_wconf 89' lang='lat' dir='ltr'>ad</span> <span class='ocrx_word' id='word_1_52' title='bbox 838 542 978 575; x_wconf 88' lang='lat' dir='ltr'>studium</span> <span class='ocrx_word' id='word_1_53' title='bbox 1009 543 1179 576; x_wconf 86' lang='lat' dir='ltr'>admitten-</span> 
     </span>
     <span class='ocr_line' id='line_1_17' title="bbox 447 597 1180 641; baseline 0.001 -12"><span class='ocrx_word' id='word_1_54' title='bbox 447 604 511 635; x_wconf 68' lang='lat' dir='ltr'>tur:</span> <span class='ocrx_word' id='word_1_55' title='bbox 533 598 551 629; x_wconf 92' lang='lat' dir='ltr'>ii</span> <span class='ocrx_word' id='word_1_56' title='bbox 571 608 644 630; x_wconf 79' lang='lat' dir='ltr'>vero</span> <span class='ocrx_word' id='word_1_57' title='bbox 666 597 696 629; x_wconf 92' lang='lat' dir='ltr'>in</span> <span class='ocrx_word' id='word_1_58' title='bbox 717 608 754 630; x_wconf 88' lang='lat' dir='ltr'>eo</span> <span class='ocrx_word' id='word_1_59' title='bbox 772 608 804 630; x_wconf 88' lang='lat' dir='ltr'>se</span> <span class='ocrx_word' id='word_1_60' title='bbox 822 607 858 629; x_wconf 77' lang='lat' dir='ltr'>ex</span> <span class='ocrx_word' id='word_1_61' title='bbox 876 597 1015 641; x_wconf 88' lang='lat' dir='ltr'>ipsarum</span> <span class='ocrx_word' id='word_1_62' title='bbox 1028 597 1180 630; x_wconf 89' lang='lat' dir='ltr'>constitu-</span> 
     </span>
     <span class='ocr_line' id='line_1_18' title="bbox 447 650 1179 691; baseline 0.001 -8"><span class='ocrx_word' id='word_1_63' title='bbox 447 651 568 683; x_wconf 79' lang='lat' dir='ltr'>tionum</span> <span class='ocrx_word' id='word_1_64' title='bbox 590 650 706 691; x_wconf 55' lang='lat' dir='ltr'>ree‘ulis</span> <span class='ocrx_word' id='word_1_65' title='bbox 723 650 926 691; x_wconf 73' lang='lat' dir='ltr'>exercebunt,</span> <span class='ocrx_word' id='word_1_66' title='bbox 949 656 981 683; x_wconf 92' lang='lat' dir='ltr'>ut</span> <span class='ocrx_word' id='word_1_67' title='bbox 1001 651 1043 684; x_wconf 88' lang='lat' dir='ltr'>ita</span> <span class='ocrx_word' id='word_1_68' title='bbox 1068 651 1179 684; x_wconf 87' lang='lat' dir='ltr'>litteris</span> 
     </span>
     <span class='ocr_line' id='line_1_19' title="bbox 446 703 1179 746; baseline 0 -10"><span class='ocrx_word' id='word_1_69' title='bbox 446 710 565 743; x_wconf 80' lang='lat' dir='ltr'>vacent,</span> <span class='ocrx_word' id='word_1_70' title='bbox 589 714 627 736; x_wconf 88' lang='lat' dir='ltr'>ne</span> <span class='ocrx_word' id='word_1_71' title='bbox 649 703 901 737; x_wconf 86' lang='lat' dir='ltr'>mortificationis</span> <span class='ocrx_word' id='word_1_72' title='bbox 922 709 952 737; x_wconf 87' lang='lat' dir='ltr'>et</span> <span class='ocrx_word' id='word_1_73' title='bbox 975 710 1179 746; x_wconf 68' lang='lat' dir='ltr'>aegrotorum</span> 
     </span>
     <span class='ocr_line' id='line_1_20' title="bbox 446 758 1181 802; baseline 0.001 -12"><span class='ocrx_word' id='word_1_74' title='bbox 446 758 654 790; x_wconf 83' lang='lat' dir='ltr'>iuvandorum</span> <span class='ocrx_word' id='word_1_75' title='bbox 681 759 786 801; x_wconf 88' lang='lat' dir='ltr'>(prout</span> <span class='ocrx_word' id='word_1_76' title='bbox 808 758 975 802; x_wconf 81' lang='lat' dir='ltr'>praesectis</span> <span class='ocrx_word' id='word_1_77' title='bbox 991 758 1092 791; x_wconf 88' lang='lat' dir='ltr'>visum</span> <span class='ocrx_word' id='word_1_78' title='bbox 1114 758 1181 791; x_wconf 90' lang='lat' dir='ltr'>sue-</span> 
     </span>
     <span class='ocr_line' id='line_1_21' title="bbox 446 811 798 847; baseline 0.006 -4"><span class='ocrx_word' id='word_1_79' title='bbox 446 811 496 847; x_wconf 67' lang='lat' dir='ltr'>rit)</span> <span class='ocrx_word' id='word_1_80' title='bbox 517 811 620 843; x_wconf 88' lang='lat' dir='ltr'>studia</span> <span class='ocrx_word' id='word_1_81' title='bbox 640 811 798 845; x_wconf 85' lang='lat' dir='ltr'>omittant.</span> 
     </span>
    </p>

    <p class='ocr_par' dir='ltr' id='par_1_10' title="bbox 443 863 1183 1810">
     <span class='ocr_line' id='line_1_22' title="bbox 489 863 1177 909; baseline 0.003 -14"><span class='ocrx_word' id='word_1_82' title='bbox 489 863 572 907; x_wconf 62' lang='lat'>§49-</span> <span class='ocrx_word' id='word_1_83' title='bbox 594 864 766 908; x_wconf 79' lang='lat' dir='ltr'>Propterea</span> <span class='ocrx_word' id='word_1_84' title='bbox 797 866 884 909; x_wconf 90' lang='lat' dir='ltr'>quod</span> <span class='ocrx_word' id='word_1_85' title='bbox 908 865 986 899; x_wconf 89' lang='lat' dir='ltr'>haec</span> <span class='ocrx_word' id='word_1_86' title='bbox 1018 865 1177 903; x_wconf 83' lang='lat' dir='ltr'>exercitia,</span> 
     </span>
     <span class='ocr_line' id='line_1_23' title="bbox 445 917 1180 962; baseline 0.005 -14"><span class='ocrx_word' id='word_1_87' title='bbox 445 927 516 949; x_wconf 87' lang='lat' dir='ltr'>cum</span> <span class='ocrx_word' id='word_1_88' title='bbox 538 917 704 961; x_wconf 73' lang='lat' dir='ltr'>disciplina</span> <span class='ocrx_word' id='word_1_89' title='bbox 734 919 889 962; x_wconf 79' lang='lat' dir='ltr'>spirituali</span> <span class='ocrx_word' id='word_1_90' title='bbox 919 919 1099 959; x_wconf 86' lang='lat' dir='ltr'>coniuncta,</span> <span class='ocrx_word' id='word_1_91' title='bbox 1127 929 1180 952; x_wconf 85' lang='lat' dir='ltr'>ae-</span> 
     </span>
     <span class='ocr_line' id='line_1_24' title="bbox 445 971 1181 1016; baseline 0.004 -14"><span class='ocrx_word' id='word_1_92' title='bbox 445 981 574 1003; x_wconf 89' lang='lat' dir='ltr'>rumnas</span> <span class='ocrx_word' id='word_1_93' title='bbox 592 977 622 1004; x_wconf 86' lang='lat' dir='ltr'>et</span> <span class='ocrx_word' id='word_1_94' title='bbox 641 971 845 1005; x_wconf 85' lang='lat' dir='ltr'>incommoda</span> <span class='ocrx_word' id='word_1_95' title='bbox 862 973 1007 1014; x_wconf 75' lang='lat' dir='ltr'>afferunt,</span> <span class='ocrx_word' id='word_1_96' title='bbox 1030 973 1181 1016; x_wconf 88' lang='lat' dir='ltr'>quodque</span> 
     </span>
     <span class='ocr_line' id='line_1_25' title="bbox 445 1024 1182 1070; baseline 0.004 -14"><span class='ocrx_word' id='word_1_97' title='bbox 445 1024 552 1064; x_wconf 65' lang='lat' dir='ltr'>gravia</span> <span class='ocrx_word' id='word_1_98' title='bbox 569 1031 642 1058; x_wconf 90' lang='lat' dir='ltr'>sunt</span> <span class='ocrx_word' id='word_1_99' title='bbox 661 1026 753 1058; x_wconf 87' lang='lat' dir='ltr'>nobis</span> <span class='ocrx_word' id='word_1_100' title='bbox 781 1036 817 1059; x_wconf 88' lang='lat' dir='ltr'>ae</span> <span class='ocrx_word' id='word_1_101' title='bbox 845 1031 924 1060; x_wconf 86' lang='lat' dir='ltr'>tetra</span> <span class='ocrx_word' id='word_1_102' title='bbox 944 1027 1014 1060; x_wconf 87' lang='lat' dir='ltr'>loca</span> <span class='ocrx_word' id='word_1_103' title='bbox 1034 1027 1182 1070; x_wconf 83' lang='lat' dir='ltr'>frequen-</span> 
     </span>
     <span class='ocr_line' id='line_1_26' title="bbox 447 1078 1180 1123; baseline 0.004 -13"><span class='ocrx_word' id='word_1_104' title='bbox 447 1078 552 1117; x_wconf 81' lang='lat' dir='ltr'>tanda,</span> <span class='ocrx_word' id='word_1_105' title='bbox 577 1079 697 1123; x_wconf 81' lang='lat' dir='ltr'>experti</span> <span class='ocrx_word' id='word_1_106' title='bbox 718 1091 838 1121; x_wconf 91' lang='lat' dir='ltr'>sumus,</span> <span class='ocrx_word' id='word_1_107' title='bbox 855 1091 966 1113; x_wconf 89' lang='lat' dir='ltr'>eorum</span> <span class='ocrx_word' id='word_1_108' title='bbox 978 1081 1114 1113; x_wconf 87' lang='lat' dir='ltr'>tuendae</span> <span class='ocrx_word' id='word_1_109' title='bbox 1127 1091 1180 1113; x_wconf 85' lang='lat' dir='ltr'>va-</span> 
     </span>
     <span class='ocr_line' id='line_1_27' title="bbox 445 1131 1180 1177; baseline 0.005 -14"><span class='ocrx_word' id='word_1_110' title='bbox 445 1131 595 1165; x_wconf 87' lang='lat' dir='ltr'>letudinis</span> <span class='ocrx_word' id='word_1_111' title='bbox 615 1143 721 1173; x_wconf 86' lang='lat' dir='ltr'>eausa,</span> <span class='ocrx_word' id='word_1_112' title='bbox 745 1144 826 1177; x_wconf 90' lang='lat' dir='ltr'>quae</span> <span class='ocrx_word' id='word_1_113' title='bbox 847 1133 895 1166; x_wconf 91' lang='lat' dir='ltr'>his</span> <span class='ocrx_word' id='word_1_114' title='bbox 920 1134 1033 1167; x_wconf 85' lang='lat' dir='ltr'>officiis</span> <span class='ocrx_word' id='word_1_115' title='bbox 1062 1134 1092 1166; x_wconf 88' lang='lat' dir='ltr'>iu</span> <span class='ocrx_word' id='word_1_116' title='bbox 1120 1135 1180 1167; x_wconf 90' lang='lat' dir='ltr'>Do-</span> 
     </span>
     <span class='ocr_line' id='line_1_28' title="bbox 445 1185 1177 1231; baseline 0.007 -15"><span class='ocrx_word' id='word_1_117' title='bbox 445 1185 531 1217; x_wconf 88' lang='lat' dir='ltr'>mino</span> <span class='ocrx_word' id='word_1_118' title='bbox 546 1186 644 1219; x_wconf 86' lang='lat' dir='ltr'>suncti</span> <span class='ocrx_word' id='word_1_119' title='bbox 658 1187 786 1227; x_wconf 85' lang='lat' dir='ltr'>suerint,</span> <span class='ocrx_word' id='word_1_120' title='bbox 804 1187 912 1231; x_wconf 87' lang='lat' dir='ltr'>aliquo</span> <span class='ocrx_word' id='word_1_121' title='bbox 924 1188 994 1220; x_wconf 84' lang='lat' dir='ltr'>loco</span> <span class='ocrx_word' id='word_1_122' title='bbox 1008 1198 1088 1231; x_wconf 89' lang='lat' dir='ltr'>opus</span> <span class='ocrx_word' id='word_1_123' title='bbox 1100 1199 1177 1228; x_wconf 87' lang='lat' dir='ltr'>esse,</span> 
     </span>
     <span class='ocr_line' id='line_1_29' title="bbox 444 1238 1181 1283; baseline 0.005 -13"><span class='ocrx_word' id='word_1_124' title='bbox 444 1238 499 1271; x_wconf 85' lang='lat' dir='ltr'>ubi</span> <span class='ocrx_word' id='word_1_125' title='bbox 520 1249 612 1282; x_wconf 83' lang='lat' dir='ltr'>puro,</span> <span class='ocrx_word' id='word_1_126' title='bbox 636 1240 739 1273; x_wconf 87' lang='lat' dir='ltr'>libero</span> <span class='ocrx_word' id='word_1_127' title='bbox 756 1251 793 1273; x_wconf 86' lang='lat' dir='ltr'>ac</span> <span class='ocrx_word' id='word_1_128' title='bbox 813 1241 932 1273; x_wconf 83' lang='lat' dir='ltr'>salubri</span> <span class='ocrx_word' id='word_1_129' title='bbox 961 1251 1046 1279; x_wconf 81' lang='lat' dir='ltr'>aere,</span> <span class='ocrx_word' id='word_1_130' title='bbox 1078 1242 1181 1283; x_wconf 74' lang='lat' dir='ltr'>gravis</span> 
     </span>
     <span class='ocr_line' id='line_1_30' title="bbox 444 1292 1182 1338; baseline 0.007 -15"><span class='ocrx_word' id='word_1_131' title='bbox 444 1292 525 1325; x_wconf 91' lang='lat' dir='ltr'>odor</span> <span class='ocrx_word' id='word_1_132' title='bbox 545 1299 572 1325; x_wconf 89' lang='lat' dir='ltr'>et</span> <span class='ocrx_word' id='word_1_133' title='bbox 594 1300 690 1336; x_wconf 85' lang='lat' dir='ltr'>putor</span> <span class='ocrx_word' id='word_1_134' title='bbox 710 1300 883 1338; x_wconf 81' lang='lat' dir='ltr'>conceptus</span> <span class='ocrx_word' id='word_1_135' title='bbox 901 1301 1105 1338; x_wconf 73' lang='lat' dir='ltr'>expurgetur,</span> <span class='ocrx_word' id='word_1_136' title='bbox 1126 1306 1182 1328; x_wconf 91' lang='lat' dir='ltr'>no-</span> 
     </span>
     <span class='ocr_line' id='line_1_31' title="bbox 443 1346 1182 1389; baseline 0.007 -12"><span class='ocrx_word' id='word_1_137' title='bbox 443 1346 565 1389; x_wconf 86' lang='lat' dir='ltr'>strique</span> <span class='ocrx_word' id='word_1_138' title='bbox 591 1358 607 1379; x_wconf 89' lang='lat' dir='ltr'>e</span> <span class='ocrx_word' id='word_1_139' title='bbox 634 1347 742 1380; x_wconf 87' lang='lat' dir='ltr'>multis</span> <span class='ocrx_word' id='word_1_140' title='bbox 760 1348 924 1381; x_wconf 85' lang='lat' dir='ltr'>laboribus</span> <span class='ocrx_word' id='word_1_141' title='bbox 944 1359 980 1381; x_wconf 83' lang='lat' dir='ltr'>ac</span> <span class='ocrx_word' id='word_1_142' title='bbox 997 1349 1113 1389; x_wconf 59' lang='lat' dir='ltr'>vigiliis</span> <span class='ocrx_word' id='word_1_143' title='bbox 1133 1360 1182 1382; x_wconf 87' lang='lat' dir='ltr'>re—</span> 
     </span>
     <span class='ocr_line' id='line_1_32' title="bbox 443 1399 1183 1444; baseline 0.007 -13"><span class='ocrx_word' id='word_1_144' title='bbox 443 1399 576 1442; x_wconf 80' lang='lat' dir='ltr'>spirent,</span> <span class='ocrx_word' id='word_1_145' title='bbox 601 1411 695 1444; x_wconf 88' lang='lat' dir='ltr'>quem</span> <span class='ocrx_word' id='word_1_146' title='bbox 717 1401 812 1433; x_wconf 90' lang='lat' dir='ltr'>etiam</span> <span class='ocrx_word' id='word_1_147' title='bbox 838 1402 943 1434; x_wconf 89' lang='lat' dir='ltr'>locum</span> <span class='ocrx_word' id='word_1_148' title='bbox 962 1402 1114 1435; x_wconf 86' lang='lat' dir='ltr'>destinari</span> <span class='ocrx_word' id='word_1_149' title='bbox 1129 1414 1183 1436; x_wconf 84' lang='lat' dir='ltr'>cu-</span> 
     </span>
     <span class='ocr_line' id='line_1_33' title="bbox 444 1452 1182 1496; baseline 0.007 -12"><span class='ocrx_word' id='word_1_150' title='bbox 444 1452 549 1496; x_wconf 86' lang='lat' dir='ltr'>pimus</span> <span class='ocrx_word' id='word_1_151' title='bbox 567 1454 685 1487; x_wconf 84' lang='lat' dir='ltr'>nostris</span> <span class='ocrx_word' id='word_1_152' title='bbox 705 1465 740 1487; x_wconf 84' lang='lat' dir='ltr'>ex</span> <span class='ocrx_word' id='word_1_153' title='bbox 762 1455 976 1488; x_wconf 76' lang='lat' dir='ltr'>invaletudine</span> <span class='ocrx_word' id='word_1_154' title='bbox 990 1467 1022 1489; x_wconf 91' lang='lat' dir='ltr'>se</span> <span class='ocrx_word' id='word_1_155' title='bbox 1036 1456 1182 1490; x_wconf 82' lang='lat' dir='ltr'>reficien-</span> 
     </span>
     <span class='ocr_line' id='line_1_34' title="bbox 443 1506 1183 1553; baseline 0.007 -15"><span class='ocrx_word' id='word_1_156' title='bbox 443 1506 538 1545; x_wconf 77' lang='lat' dir='ltr'>tibus,</span> <span class='ocrx_word' id='word_1_157' title='bbox 562 1518 625 1551; x_wconf 92' lang='lat' dir='ltr'>quo</span> <span class='ocrx_word' id='word_1_158' title='bbox 655 1508 748 1541; x_wconf 86' lang='lat' dir='ltr'>eitius</span> <span class='ocrx_word' id='word_1_159' title='bbox 782 1508 916 1542; x_wconf 85' lang='lat' dir='ltr'>afflictae</span> <span class='ocrx_word' id='word_1_160' title='bbox 941 1509 1023 1542; x_wconf 87' lang='lat' dir='ltr'>vires</span> <span class='ocrx_word' id='word_1_161' title='bbox 1052 1520 1183 1553; x_wconf 87' lang='lat' dir='ltr'>recupe-</span> 
     </span>
     <span class='ocr_line' id='line_1_35' title="bbox 444 1562 1182 1600; baseline 0.005 -8"><span class='ocrx_word' id='word_1_162' title='bbox 444 1566 564 1594; x_wconf 89' lang='lat' dir='ltr'>rentur.</span> <span class='ocrx_word' id='word_1_163' title='bbox 598 1562 702 1600; x_wconf 83' lang='lat' dir='ltr'>Quare</span> <span class='ocrx_word' id='word_1_164' title='bbox 733 1562 890 1595; x_wconf 85' lang='lat' dir='ltr'>eiusmodi</span> <span class='ocrx_word' id='word_1_165' title='bbox 924 1563 1028 1596; x_wconf 88' lang='lat' dir='ltr'>locum</span> <span class='ocrx_word' id='word_1_166' title='bbox 1064 1563 1182 1597; x_wconf 86' lang='lat' dir='ltr'>habere</span> 
     </span>
     <span class='ocr_line' id='line_1_36' title="bbox 444 1615 1182 1662; baseline 0.007 -16"><span class='ocrx_word' id='word_1_167' title='bbox 444 1615 649 1657; x_wconf 71' lang='lat' dir='ltr'>congregatio</span> <span class='ocrx_word' id='word_1_168' title='bbox 669 1616 797 1659; x_wconf 85' lang='lat' dir='ltr'>poterit,</span> <span class='ocrx_word' id='word_1_169' title='bbox 822 1616 917 1660; x_wconf 86' lang='lat' dir='ltr'>idque</span> <span class='ocrx_word' id='word_1_170' title='bbox 938 1617 1006 1650; x_wconf 81' lang='lat' dir='ltr'>sore</span> <span class='ocrx_word' id='word_1_171' title='bbox 1026 1617 1182 1662; x_wconf 86' lang='lat' dir='ltr'>interpre-</span> 
     </span>
     <span class='ocr_line' id='line_1_37' title="bbox 445 1669 1178 1712; baseline 0.007 -12"><span class='ocrx_word' id='word_1_172' title='bbox 445 1673 560 1709; x_wconf 82' lang='lat' dir='ltr'>tamur,</span> <span class='ocrx_word' id='word_1_173' title='bbox 583 1669 668 1701; x_wconf 88' lang='lat' dir='ltr'>salva</span> <span class='ocrx_word' id='word_1_174' title='bbox 689 1676 717 1702; x_wconf 87' lang='lat' dir='ltr'>et</span> <span class='ocrx_word' id='word_1_175' title='bbox 732 1670 866 1712; x_wconf 73' lang='lat' dir='ltr'>integra,</span> <span class='ocrx_word' id='word_1_176' title='bbox 882 1670 932 1703; x_wconf 84' lang='lat' dir='ltr'>cui</span> <span class='ocrx_word' id='word_1_177' title='bbox 947 1671 1044 1703; x_wconf 85' lang='lat' dir='ltr'>dediti</span> <span class='ocrx_word' id='word_1_178' title='bbox 1058 1682 1178 1711; x_wconf 74' lang='lat' dir='ltr'>sumus,</span> 
     </span>
     <span class='ocr_line' id='line_1_38' title="bbox 443 1723 1182 1768; baseline 0.005 -14"><span class='ocrx_word' id='word_1_179' title='bbox 443 1727 641 1765; x_wconf 83' lang='lat' dir='ltr'>paupertate,</span> <span class='ocrx_word' id='word_1_180' title='bbox 665 1723 733 1755; x_wconf 89' lang='lat' dir='ltr'>eius</span> <span class='ocrx_word' id='word_1_181' title='bbox 753 1729 859 1756; x_wconf 86' lang='lat' dir='ltr'>autem</span> <span class='ocrx_word' id='word_1_182' title='bbox 881 1723 941 1757; x_wconf 87' lang='lat' dir='ltr'>loci</span> <span class='ocrx_word' id='word_1_183' title='bbox 962 1724 1182 1768; x_wconf 82' lang='lat' dir='ltr'>qualitascou-</span> 
     </span>
     <span class='ocr_line' id='line_1_39' title="bbox 443 1775 864 1810; baseline 0.007 -3"><span class='ocrx_word' id='word_1_184' title='bbox 443 1775 661 1808; x_wconf 86' lang='lat' dir='ltr'>stitutionibus</span> <span class='ocrx_word' id='word_1_185' title='bbox 683 1776 864 1810; x_wconf 84' lang='lat' dir='ltr'>definietur.</span> 
     </span>
    </p>

    <p class='ocr_par' dir='ltr' id='par_1_11' title="bbox 444 1828 1181 2034">
     <span class='ocr_line' id='line_1_40' title="bbox 488 1828 1179 1873; baseline 0.007 -13"><span class='ocrx_word' id='word_1_186' title='bbox 488 1828 577 1870; x_wconf 64' lang='lat'>520.</span> <span class='ocrx_word' id='word_1_187' title='bbox 616 1829 700 1868; x_wconf 82' lang='lat' dir='ltr'>Quos</span> <span class='ocrx_word' id='word_1_188' title='bbox 729 1835 895 1873; x_wconf 84' lang='lat' dir='ltr'>praeterea</span> <span class='ocrx_word' id='word_1_189' title='bbox 930 1830 960 1863; x_wconf 90' lang='lat' dir='ltr'>iu</span> <span class='ocrx_word' id='word_1_190' title='bbox 990 1831 1124 1864; x_wconf 84' lang='lat' dir='ltr'>urbibus</span> <span class='ocrx_word' id='word_1_191' title='bbox 1151 1838 1179 1865; x_wconf 84' lang='lat' dir='ltr'>et</span> 
     </span>
     <span class='ocr_line' id='line_1_41' title="bbox 444 1883 1177 1927; baseline 0.005 -12"><span class='ocrx_word' id='word_1_192' title='bbox 444 1883 571 1926; x_wconf 87' lang='lat' dir='ltr'>oppidis</span> <span class='ocrx_word' id='word_1_193' title='bbox 609 1883 815 1926; x_wconf 78' lang='lat' dir='ltr'>congregatio</span> <span class='ocrx_word' id='word_1_194' title='bbox 844 1884 980 1918; x_wconf 92' lang='lat' dir='ltr'>novitios</span> <span class='ocrx_word' id='word_1_195' title='bbox 1018 1886 1177 1927; x_wconf 84' lang='lat' dir='ltr'>educabit,</span> 
     </span>
     <span class='ocr_line' id='line_1_42' title="bbox 444 1936 1181 1983; baseline 0.005 -15"><span class='ocrx_word' id='word_1_196' title='bbox 444 1936 541 1980; x_wconf 87' lang='lat' dir='ltr'>possit</span> <span class='ocrx_word' id='word_1_197' title='bbox 560 1937 791 1970; x_wconf 81' lang='lat' dir='ltr'>habitationem</span> <span class='ocrx_word' id='word_1_198' title='bbox 812 1937 930 1971; x_wconf 87' lang='lat' dir='ltr'>babere</span> <span class='ocrx_word' id='word_1_199' title='bbox 955 1946 1133 1983; x_wconf 81' lang='lat' dir='ltr'>separatam</span> <span class='ocrx_word' id='word_1_200' title='bbox 1164 1951 1181 1972; x_wconf 89' lang='lat' dir='ltr'>a</span> 
     </span>
     <span class='ocr_line' id='line_1_43' title="bbox 444 1990 789 2034; baseline 0.003 -11"><span class='ocrx_word' id='word_1_201' title='bbox 444 1990 660 2034; x_wconf 84' lang='lat' dir='ltr'>professorum</span> <span class='ocrx_word' id='word_1_202' title='bbox 682 1991 789 2024; x_wconf 91' lang='lat' dir='ltr'>domo.</span> 
     </span>
    </p>

    <p class='ocr_par' dir='ltr' id='par_1_12' title="bbox 443 2043 1182 2677">
     <span class='ocr_line' id='line_1_44' title="bbox 489 2043 1180 2090; baseline 0.006 -14"><span class='ocrx_word' id='word_1_203' title='bbox 489 2045 505 2086; x_wconf 66' lang='grc' dir='ltr'>ξ</span> <span class='ocrx_word' id='word_1_204' title='bbox 526 2043 578 2077; x_wconf 64' lang='grc'>21.</span> <span class='ocrx_word' id='word_1_205' title='bbox 602 2044 677 2077; x_wconf 90' lang='lat' dir='ltr'>Cum</span> <span class='ocrx_word' id='word_1_206' title='bbox 698 2050 816 2083; x_wconf 76' lang='lat' dir='ltr'>autem,</span> <span class='ocrx_word' id='word_1_207' title='bbox 839 2045 919 2078; x_wconf 89' lang='lat' dir='ltr'>sicut</span> <span class='ocrx_word' id='word_1_208' title='bbox 940 2046 1131 2090; x_wconf 79' lang='lat' dir='ltr'>accepimus,</span> <span class='ocrx_word' id='word_1_209' title='bbox 1149 2047 1180 2080; x_wconf 90' lang='lat' dir='ltr'>in</span> 
     </span>
     <span class='ocr_line' id='line_1_45' title="bbox 445 2097 1182 2142; baseline 0.007 -13"><span class='ocrx_word' id='word_1_210' title='bbox 445 2097 628 2140; x_wconf 83' lang='lat' dir='ltr'>praemissis</span> <span class='ocrx_word' id='word_1_211' title='bbox 647 2098 726 2130; x_wconf 89' lang='lat' dir='ltr'>nihil</span> <span class='ocrx_word' id='word_1_212' title='bbox 745 2099 831 2142; x_wconf 90' lang='lat' dir='ltr'>quod</span> <span class='ocrx_word' id='word_1_213' title='bbox 851 2099 939 2142; x_wconf 92' lang='lat' dir='ltr'>pium</span> <span class='ocrx_word' id='word_1_214' title='bbox 966 2110 1031 2132; x_wconf 91' lang='lat' dir='ltr'>non</span> <span class='ocrx_word' id='word_1_215' title='bbox 1061 2100 1101 2133; x_wconf 83' lang='lat' dir='ltr'>sit</span> <span class='ocrx_word' id='word_1_216' title='bbox 1128 2107 1182 2134; x_wconf 86' lang='lat' dir='ltr'>aut</span> 
     </span>
     <span class='ocr_line' id='line_1_46' title="bbox 445 2150 1179 2194; baseline 0.005 -12"><span class='ocrx_word' id='word_1_217' title='bbox 445 2150 581 2183; x_wconf 89' lang='lat' dir='ltr'>salutare</span> <span class='ocrx_word' id='word_1_218' title='bbox 601 2152 790 2194; x_wconf 84' lang='lat' dir='ltr'>reperiatur,</span> <span class='ocrx_word' id='word_1_219' title='bbox 807 2162 875 2190; x_wconf 85' lang='lat' dir='ltr'>nos,</span> <span class='ocrx_word' id='word_1_220' title='bbox 909 2158 944 2185; x_wconf 82' lang='lat' dir='ltr'>ut</span> <span class='ocrx_word' id='word_1_221' title='bbox 974 2153 1122 2186; x_wconf 88' lang='lat' dir='ltr'>Camillus</span> <span class='ocrx_word' id='word_1_222' title='bbox 1151 2160 1179 2187; x_wconf 88' lang='lat' dir='ltr'>et</span> 
     </span>
     <span class='ocr_line' id='line_1_47' title="bbox 445 2204 1181 2251; baseline 0.005 -15"><span class='ocrx_word' id='word_1_223' title='bbox 445 2204 522 2236; x_wconf 84' lang='lat' dir='ltr'>socii</span> <span class='ocrx_word' id='word_1_224' title='bbox 540 2205 674 2248; x_wconf 80' lang='lat' dir='ltr'>praefati</span> <span class='ocrx_word' id='word_1_225' title='bbox 693 2205 724 2237; x_wconf 89' lang='lat' dir='ltr'>in</span> <span class='ocrx_word' id='word_1_226' title='bbox 738 2216 850 2239; x_wconf 89' lang='lat' dir='ltr'>eorum</span> <span class='ocrx_word' id='word_1_227' title='bbox 873 2206 924 2249; x_wconf 88' lang='lat' dir='ltr'>pie.</span> <span class='ocrx_word' id='word_1_228' title='bbox 954 2206 1078 2240; x_wconf 74' lang='lat' dir='ltr'>vivendi</span> <span class='ocrx_word' id='word_1_229' title='bbox 1108 2218 1181 2251; x_wconf 88' lang='lat' dir='ltr'>pro-</span> 
     </span>
     <span class='ocr_line' id='line_1_48' title="bbox 445 2258 1180 2304; baseline 0.005 -14"><span class='ocrx_word' id='word_1_230' title='bbox 445 2258 549 2301; x_wconf 90' lang='lat' dir='ltr'>posito</span> <span class='ocrx_word' id='word_1_231' title='bbox 569 2269 606 2291; x_wconf 90' lang='lat' dir='ltr'>eo</span> <span class='ocrx_word' id='word_1_232' title='bbox 626 2259 842 2303; x_wconf 84' lang='lat' dir='ltr'>promptiores</span> <span class='ocrx_word' id='word_1_233' title='bbox 864 2260 1049 2297; x_wconf 80' lang='lat' dir='ltr'>reddantur,</span> <span class='ocrx_word' id='word_1_234' title='bbox 1073 2272 1137 2304; x_wconf 91' lang='lat' dir='ltr'>quo</span> <span class='ocrx_word' id='word_1_235' title='bbox 1149 2272 1180 2295; x_wconf 89' lang='lat' dir='ltr'>se</span> 
     </span>
     <span class='ocr_line' id='line_1_49' title="bbox 445 2311 1181 2356; baseline 0.005 -13"><span class='ocrx_word' id='word_1_236' title='bbox 445 2311 559 2344; x_wconf 89' lang='lat' dir='ltr'>maiori</span> <span class='ocrx_word' id='word_1_237' title='bbox 577 2311 666 2345; x_wconf 88' lang='lat' dir='ltr'>Sedis</span> <span class='ocrx_word' id='word_1_238' title='bbox 685 2313 884 2356; x_wconf 74' lang='lat' dir='ltr'>Apostolicae</span> <span class='ocrx_word' id='word_1_239' title='bbox 905 2314 1007 2356; x_wconf 79' lang='lat' dir='ltr'>gratia</span> <span class='ocrx_word' id='word_1_240' title='bbox 1027 2320 1055 2347; x_wconf 86' lang='lat' dir='ltr'>et</span> <span class='ocrx_word' id='word_1_241' title='bbox 1077 2315 1181 2348; x_wconf 76' lang='lat' dir='ltr'>favore</span> 
     </span>
     <span class='ocr_line' id='line_1_50' title="bbox 445 2365 1181 2411; baseline 0.005 -14"><span class='ocrx_word' id='word_1_242' title='bbox 445 2365 613 2409; x_wconf 84' lang='lat' dir='ltr'>complecti</span> <span class='ocrx_word' id='word_1_243' title='bbox 628 2366 923 2407; x_wconf 84' lang='lat' dir='ltr'>animadverterint,</span> <span class='ocrx_word' id='word_1_244' title='bbox 955 2373 986 2400; x_wconf 84' lang='lat' dir='ltr'>et</span> <span class='ocrx_word' id='word_1_245' title='bbox 1005 2368 1181 2411; x_wconf 87' lang='lat' dir='ltr'>praemissa</span> 
     </span>
     <span class='ocr_line' id='line_1_51' title="bbox 444 2419 1178 2464; baseline 0.007 -13"><span class='ocrx_word' id='word_1_246' title='bbox 444 2419 546 2452; x_wconf 86' lang='lat' dir='ltr'>dictae</span> <span class='ocrx_word' id='word_1_247' title='bbox 589 2419 677 2452; x_wconf 88' lang='lat' dir='ltr'>Sedis</span> <span class='ocrx_word' id='word_1_248' title='bbox 710 2421 888 2464; x_wconf 87' lang='lat' dir='ltr'>patrocinio</span> <span class='ocrx_word' id='word_1_249' title='bbox 928 2422 1121 2455; x_wconf 88' lang='lat' dir='ltr'>communiri</span> <span class='ocrx_word' id='word_1_250' title='bbox 1151 2429 1178 2456; x_wconf 88' lang='lat' dir='ltr'>ct</span> 
     </span>
     <span class='ocr_line' id='line_1_52' title="bbox 444 2473 1176 2518; baseline 0.005 -13"><span class='ocrx_word' id='word_1_251' title='bbox 444 2473 647 2506; x_wconf 84' lang='lat' dir='ltr'>corroborari</span> <span class='ocrx_word' id='word_1_252' title='bbox 667 2473 815 2515; x_wconf 83' lang='lat' dir='ltr'>viderint,</span> <span class='ocrx_word' id='word_1_253' title='bbox 838 2475 1005 2518; x_wconf 89' lang='lat' dir='ltr'>providere</span> <span class='ocrx_word' id='word_1_254' title='bbox 1025 2477 1176 2517; x_wconf 53' lang='lat' dir='ltr'>volentes</span> 
     </span>
     <span class='ocr_line' id='line_1_53' title="bbox 443 2526 1179 2572; baseline 0.003 -12"><span class='ocrx_word' id='word_1_255' title='bbox 443 2526 610 2560; x_wconf 86' lang='lat' dir='ltr'>Camillum</span> <span class='ocrx_word' id='word_1_256' title='bbox 631 2532 659 2559; x_wconf 85' lang='lat' dir='ltr'>et</span> <span class='ocrx_word' id='word_1_257' title='bbox 680 2527 783 2560; x_wconf 89' lang='lat' dir='ltr'>socios</span> <span class='ocrx_word' id='word_1_258' title='bbox 800 2529 980 2571; x_wconf 88' lang='lat' dir='ltr'>praedictos</span> <span class='ocrx_word' id='word_1_259' title='bbox 1000 2539 1018 2562; x_wconf 86' lang='lat' dir='ltr'>a</span> <span class='ocrx_word' id='word_1_260' title='bbox 1047 2529 1179 2572; x_wconf 89' lang='lat' dir='ltr'>quibus-</span> 
     </span>
     <span class='ocr_line' id='line_1_54' title="bbox 443 2581 1180 2626; baseline 0 -13"><span class='ocrx_word' id='word_1_261' title='bbox 443 2581 488 2614; x_wconf 88' lang='lat' dir='ltr'>vis</span> <span class='ocrx_word' id='word_1_262' title='bbox 523 2581 872 2620; x_wconf 75' lang='lat' dir='ltr'>excommunicationis,</span> <span class='ocrx_word' id='word_1_263' title='bbox 906 2583 1123 2626; x_wconf 83' lang='lat' dir='ltr'>suspensionis</span> <span class='ocrx_word' id='word_1_264' title='bbox 1150 2589 1180 2616; x_wconf 84' lang='lat' dir='ltr'>et</span> 
     </span>
     <span class='ocr_line' id='line_1_55' title="bbox 445 2633 1180 2677; baseline 0.004 -11"><span class='ocrx_word' id='word_1_265' title='bbox 445 2634 605 2668; x_wconf 87' lang='lat' dir='ltr'>interdicti</span> <span class='ocrx_word' id='word_1_266' title='bbox 641 2633 775 2677; x_wconf 89' lang='lat' dir='ltr'>aliisque</span> <span class='ocrx_word' id='word_1_267' title='bbox 806 2635 1025 2668; x_wconf 88' lang='lat' dir='ltr'>ecclesiasticis</span> <span class='ocrx_word' id='word_1_268' title='bbox 1053 2642 1180 2669; x_wconf 89' lang='lat' dir='ltr'>senten-</span> 
     </span>
    </p>
   </div>
   <div class='ocr_carea' id='block_1_9' title="bbox 1196 1718 1200 2264">
    <p class='ocr_par' dir='ltr' id='par_1_13' title="bbox 1196 1718 1200 2264">
     <span class='ocr_line' id='line_1_56' title="bbox 1196 1718 1200 2264; baseline 0 0"><span class='ocrx_word' id='word_1_269' title='bbox 1196 1718 1200 2264; x_wconf 95' lang='lat' dir='ltr'> </span> 
     </span>
    </p>
   </div>
   <div class='ocr_carea' id='block_1_10' title="bbox 1213 383 2150 2251">
    <p class='ocr_par' dir='ltr' id='par_1_14' title="bbox 1213 383 1954 1821">
     <span class='ocr_line' id='line_1_57' title="bbox 1215 383 1947 427; baseline 0.005 -12"><span class='ocrx_word' id='word_1_270' title='bbox 1215 383 1331 427; x_wconf 89' lang='lat' dir='ltr'>quibus</span> <span class='ocrx_word' id='word_1_271' title='bbox 1362 384 1604 427; x_wconf 85' lang='lat' dir='ltr'>quomodolibet</span> <span class='ocrx_word' id='word_1_272' title='bbox 1633 385 1775 418; x_wconf 85' lang='lat' dir='ltr'>innodati</span> <span class='ocrx_word' id='word_1_273' title='bbox 1801 386 1947 426; x_wconf 81' lang='lat' dir='ltr'>existunt,</span> 
     </span>
     <span class='ocr_line' id='line_1_58' title="bbox 1214 436 1948 481; baseline 0.004 -12"><span class='ocrx_word' id='word_1_274' title='bbox 1214 436 1253 469; x_wconf 88' lang='lat' dir='ltr'>ad</span> <span class='ocrx_word' id='word_1_275' title='bbox 1275 436 1422 470; x_wconf 77' lang='lat' dir='ltr'>effectum</span> <span class='ocrx_word' id='word_1_276' title='bbox 1440 437 1655 481; x_wconf 86' lang='lat' dir='ltr'>praesentium</span> <span class='ocrx_word' id='word_1_277' title='bbox 1680 438 1844 471; x_wconf 83' lang='lat' dir='ltr'>dumtaxat</span> <span class='ocrx_word' id='word_1_278' title='bbox 1869 449 1948 472; x_wconf 87' lang='lat' dir='ltr'>con-</span> 
     </span>
     <span class='ocr_line' id='line_1_59' title="bbox 1213 491 1949 534; baseline 0.004 -12"><span class='ocrx_word' id='word_1_279' title='bbox 1213 491 1411 534; x_wconf 89' lang='lat' dir='ltr'>sequendum</span> <span class='ocrx_word' id='word_1_280' title='bbox 1439 491 1554 524; x_wconf 86' lang='lat' dir='ltr'>harum</span> <span class='ocrx_word' id='word_1_281' title='bbox 1581 492 1663 525; x_wconf 88' lang='lat' dir='ltr'>serie</span> <span class='ocrx_word' id='word_1_282' title='bbox 1693 492 1890 525; x_wconf 84' lang='lat' dir='ltr'>absolventes</span> <span class='ocrx_word' id='word_1_283' title='bbox 1921 499 1949 526; x_wconf 85' lang='lat' dir='ltr'>et</span> 
     </span>
     <span class='ocr_line' id='line_1_60' title="bbox 1213 544 1950 586; baseline 0.004 -11"><span class='ocrx_word' id='word_1_284' title='bbox 1213 544 1375 577; x_wconf 87' lang='lat' dir='ltr'>absolutos</span> <span class='ocrx_word' id='word_1_285' title='bbox 1387 544 1453 578; x_wconf 88' lang='lat' dir='ltr'>fore</span> <span class='ocrx_word' id='word_1_286' title='bbox 1464 551 1639 586; x_wconf 74' lang='lat' dir='ltr'>censentes3</span> <span class='ocrx_word' id='word_1_287' title='bbox 1653 556 1778 578; x_wconf 85' lang='lat' dir='ltr'>necnon</span> <span class='ocrx_word' id='word_1_288' title='bbox 1792 545 1950 579; x_wconf 89' lang='lat' dir='ltr'>dictarum</span> 
     </span>
     <span class='ocr_line' id='line_1_61' title="bbox 1214 597 1952 642; baseline 0.003 -13"><span class='ocrx_word' id='word_1_289' title='bbox 1214 597 1392 630; x_wconf 89' lang='lat' dir='ltr'>litterarum</span> <span class='ocrx_word' id='word_1_290' title='bbox 1423 597 1542 639; x_wconf 87' lang='lat' dir='ltr'>datam,</span> <span class='ocrx_word' id='word_1_291' title='bbox 1575 609 1610 631; x_wconf 87' lang='lat' dir='ltr'>ac</span> <span class='ocrx_word' id='word_1_292' title='bbox 1642 598 1892 642; x_wconf 90' lang='lat' dir='ltr'>praemissorum</span> <span class='ocrx_word' id='word_1_293' title='bbox 1917 610 1952 632; x_wconf 95' lang='lat' dir='ltr'>o-</span> 
     </span>
     <span class='ocr_line' id='line_1_62' title="bbox 1214 651 1951 694; baseline 0.004 -12"><span class='ocrx_word' id='word_1_294' title='bbox 1214 651 1335 683; x_wconf 88' lang='lat' dir='ltr'>mnium</span> <span class='ocrx_word' id='word_1_295' title='bbox 1357 658 1385 684; x_wconf 89' lang='lat' dir='ltr'>et</span> <span class='ocrx_word' id='word_1_296' title='bbox 1407 652 1608 694; x_wconf 76' lang='lat' dir='ltr'>singulorum</span> <span class='ocrx_word' id='word_1_297' title='bbox 1628 652 1779 693; x_wconf 85' lang='lat' dir='ltr'>veriores,</span> <span class='ocrx_word' id='word_1_298' title='bbox 1794 653 1889 685; x_wconf 88' lang='lat' dir='ltr'>etiam</span> <span class='ocrx_word' id='word_1_299' title='bbox 1903 658 1951 686; x_wconf 89' lang='lat' dir='ltr'>to-</span> 
     </span>
     <span class='ocr_line' id='line_1_63' title="bbox 1214 705 1951 743; baseline 0.005 -8"><span class='ocrx_word' id='word_1_300' title='bbox 1214 709 1262 736; x_wconf 91' lang='lat' dir='ltr'>tos</span> <span class='ocrx_word' id='word_1_301' title='bbox 1282 710 1420 743; x_wconf 82' lang='lat' dir='ltr'>tenores,</span> <span class='ocrx_word' id='word_1_302' title='bbox 1448 716 1484 738; x_wconf 89' lang='lat' dir='ltr'>ac</span> <span class='ocrx_word' id='word_1_303' title='bbox 1505 705 1689 738; x_wconf 86' lang='lat' dir='ltr'>occasiones</span> <span class='ocrx_word' id='word_1_304' title='bbox 1716 711 1746 738; x_wconf 90' lang='lat' dir='ltr'>et</span> <span class='ocrx_word' id='word_1_305' title='bbox 1775 717 1885 739; x_wconf 87' lang='lat' dir='ltr'>causas</span> <span class='ocrx_word' id='word_1_306' title='bbox 1915 716 1951 739; x_wconf 85' lang='lat' dir='ltr'>ac</span> 
     </span>
     <span class='ocr_line' id='line_1_64' title="bbox 1214 757 1952 799; baseline 0.004 -10"><span class='ocrx_word' id='word_1_307' title='bbox 1214 757 1480 799; x_wconf 80' lang='lat' dir='ltr'>circumstantias,</span> <span class='ocrx_word' id='word_1_308' title='bbox 1504 758 1598 791; x_wconf 87' lang='lat' dir='ltr'>etiam</span> <span class='ocrx_word' id='word_1_309' title='bbox 1620 759 1671 791; x_wconf 88' lang='lat' dir='ltr'>hie</span> <span class='ocrx_word' id='word_1_310' title='bbox 1699 759 1737 792; x_wconf 89' lang='lat' dir='ltr'>de</span> <span class='ocrx_word' id='word_1_311' title='bbox 1765 759 1952 792; x_wconf 82' lang='lat' dir='ltr'>necessitate</span> 
     </span>
     <span class='ocr_line' id='line_1_65' title="bbox 1215 810 1950 856; baseline 0.004 -14"><span class='ocrx_word' id='word_1_312' title='bbox 1215 810 1449 853; x_wconf 85' lang='lat' dir='ltr'>exprimendas,</span> <span class='ocrx_word' id='word_1_313' title='bbox 1481 812 1683 855; x_wconf 86' lang='lat' dir='ltr'>prasentibus</span> <span class='ocrx_word' id='word_1_314' title='bbox 1714 823 1772 856; x_wconf 92' lang='lat' dir='ltr'>pro</span> <span class='ocrx_word' id='word_1_315' title='bbox 1798 813 1892 856; x_wconf 85' lang='lat' dir='ltr'>plene</span> <span class='ocrx_word' id='word_1_316' title='bbox 1923 819 1950 845; x_wconf 91' lang='lat' dir='ltr'>et</span> 
     </span>
     <span class='ocr_line' id='line_1_66' title="bbox 1214 863 1949 908; baseline 0.004 -12"><span class='ocrx_word' id='word_1_317' title='bbox 1214 863 1409 897; x_wconf 84' lang='lat' dir='ltr'>sufficienter</span> <span class='ocrx_word' id='word_1_318' title='bbox 1430 865 1586 908; x_wconf 80' lang='lat' dir='ltr'>expressis</span> <span class='ocrx_word' id='word_1_319' title='bbox 1606 871 1637 898; x_wconf 83' lang='lat' dir='ltr'>et</span> <span class='ocrx_word' id='word_1_320' title='bbox 1647 865 1774 899; x_wconf 90' lang='lat' dir='ltr'>insertis</span> <span class='ocrx_word' id='word_1_321' title='bbox 1785 866 1949 905; x_wconf 88' lang='lat' dir='ltr'>habentes,</span> 
     </span>
     <span class='ocr_line' id='line_1_67' title="bbox 1216 918 1951 962; baseline 0.004 -13"><span class='ocrx_word' id='word_1_322' title='bbox 1216 923 1304 950; x_wconf 86' lang='lat' dir='ltr'>motu</span> <span class='ocrx_word' id='word_1_323' title='bbox 1325 918 1468 962; x_wconf 81' lang='lat' dir='ltr'>proprio,</span> <span class='ocrx_word' id='word_1_324' title='bbox 1492 929 1556 951; x_wconf 91' lang='lat' dir='ltr'>non</span> <span class='ocrx_word' id='word_1_325' title='bbox 1577 920 1616 952; x_wconf 91' lang='lat' dir='ltr'>ad</span> <span class='ocrx_word' id='word_1_326' title='bbox 1642 919 1800 952; x_wconf 88' lang='lat' dir='ltr'>dictorum</span> <span class='ocrx_word' id='word_1_327' title='bbox 1828 920 1951 953; x_wconf 89' lang='lat' dir='ltr'>Camilli</span> 
     </span>
     <span class='ocr_line' id='line_1_68' title="bbox 1215 971 1952 1017; baseline 0.003 -14"><span class='ocrx_word' id='word_1_328' title='bbox 1215 976 1243 1003; x_wconf 88' lang='lat' dir='ltr'>et</span> <span class='ocrx_word' id='word_1_329' title='bbox 1265 971 1426 1004; x_wconf 88' lang='lat' dir='ltr'>sociorum</span> <span class='ocrx_word' id='word_1_330' title='bbox 1447 972 1664 1015; x_wconf 87' lang='lat' dir='ltr'>praefatorum</span> <span class='ocrx_word' id='word_1_331' title='bbox 1678 978 1732 1005; x_wconf 89' lang='lat' dir='ltr'>aut</span> <span class='ocrx_word' id='word_1_332' title='bbox 1745 973 1882 1005; x_wconf 87' lang='lat' dir='ltr'>aliorum</span> <span class='ocrx_word' id='word_1_333' title='bbox 1893 983 1952 1017; x_wconf 92' lang='lat' dir='ltr'>pro</span> 
     </span>
     <span class='ocr_line' id='line_1_69' title="bbox 1216 1024 1953 1070; baseline 0.003 -13"><span class='ocrx_word' id='word_1_334' title='bbox 1216 1024 1259 1057; x_wconf 87' lang='lat' dir='ltr'>eis</span> <span class='ocrx_word' id='word_1_335' title='bbox 1280 1025 1372 1058; x_wconf 88' lang='lat' dir='ltr'>nobis</span> <span class='ocrx_word' id='word_1_336' title='bbox 1393 1025 1530 1069; x_wconf 87' lang='lat' dir='ltr'>desuper</span> <span class='ocrx_word' id='word_1_337' title='bbox 1560 1026 1686 1059; x_wconf 85' lang='lat' dir='ltr'>oblatae</span> <span class='ocrx_word' id='word_1_338' title='bbox 1717 1026 1881 1070; x_wconf 88' lang='lat' dir='ltr'>petitionis</span> <span class='ocrx_word' id='word_1_339' title='bbox 1906 1027 1953 1059; x_wconf 92' lang='lat' dir='ltr'>in-</span> 
     </span>
     <span class='ocr_line' id='line_1_70' title="bbox 1214 1078 1949 1119; baseline 0.004 -9"><span class='ocrx_word' id='word_1_340' title='bbox 1214 1078 1375 1119; x_wconf 86' lang='lat' dir='ltr'>stantiam,</span> <span class='ocrx_word' id='word_1_341' title='bbox 1398 1079 1453 1111; x_wconf 88' lang='lat' dir='ltr'>sed</span> <span class='ocrx_word' id='word_1_342' title='bbox 1475 1090 1510 1111; x_wconf 75' lang='lat' dir='ltr'>ex</span> <span class='ocrx_word' id='word_1_343' title='bbox 1532 1085 1619 1112; x_wconf 88' lang='lat' dir='ltr'>certa</span> <span class='ocrx_word' id='word_1_344' title='bbox 1636 1080 1768 1112; x_wconf 87' lang='lat' dir='ltr'>scientia</span> <span class='ocrx_word' id='word_1_345' title='bbox 1794 1085 1903 1113; x_wconf 84' lang='lat' dir='ltr'>nostra</span> <span class='ocrx_word' id='word_1_346' title='bbox 1923 1087 1949 1113; x_wconf 85' lang='lat' dir='ltr'>et</span> 
     </span>
     <span class='ocr_line' id='line_1_71' title="bbox 1216 1132 1949 1177; baseline 0.004 -13"><span class='ocrx_word' id='word_1_347' title='bbox 1216 1132 1254 1164; x_wconf 89' lang='lat' dir='ltr'>de</span> <span class='ocrx_word' id='word_1_348' title='bbox 1296 1133 1489 1175; x_wconf 82' lang='lat' dir='ltr'>apostolicae</span> <span class='ocrx_word' id='word_1_349' title='bbox 1535 1133 1699 1177; x_wconf 83' lang='lat' dir='ltr'>potestatis</span> <span class='ocrx_word' id='word_1_350' title='bbox 1740 1133 1949 1177; x_wconf 85' lang='lat' dir='ltr'>plenitudine,</span> 
     </span>
     <span class='ocr_line' id='line_1_72' title="bbox 1215 1186 1951 1231; baseline 0.004 -14"><span class='ocrx_word' id='word_1_351' title='bbox 1215 1186 1388 1229; x_wconf 81' lang='lat' dir='ltr'>praeniissa</span> <span class='ocrx_word' id='word_1_352' title='bbox 1418 1187 1527 1219; x_wconf 84' lang='lat' dir='ltr'>onmia</span> <span class='ocrx_word' id='word_1_353' title='bbox 1557 1192 1585 1219; x_wconf 85' lang='lat' dir='ltr'>et</span> <span class='ocrx_word' id='word_1_354' title='bbox 1622 1187 1757 1229; x_wconf 72' lang='lat' dir='ltr'>singula,</span> <span class='ocrx_word' id='word_1_355' title='bbox 1789 1193 1951 1231; x_wconf 87' lang='lat' dir='ltr'>tamquam</span> 
     </span>
     <span class='ocr_line' id='line_1_73' title="bbox 1215 1240 1953 1285; baseline 0.003 -13"><span class='ocrx_word' id='word_1_356' title='bbox 1215 1240 1254 1272; x_wconf 85' lang='lat' dir='ltr'>ad</span> <span class='ocrx_word' id='word_1_357' title='bbox 1274 1240 1472 1283; x_wconf 86' lang='lat' dir='ltr'>spiritualem</span> <span class='ocrx_word' id='word_1_358' title='bbox 1493 1242 1673 1284; x_wconf 74' lang='lat' dir='ltr'>profectum</span> <span class='ocrx_word' id='word_1_359' title='bbox 1687 1241 1868 1274; x_wconf 89' lang='lat' dir='ltr'>animarum</span> <span class='ocrx_word' id='word_1_360' title='bbox 1880 1252 1953 1285; x_wconf 87' lang='lat' dir='ltr'>per-</span> 
     </span>
     <span class='ocr_line' id='line_1_74' title="bbox 1217 1293 1953 1338; baseline 0.004 -13"><span class='ocrx_word' id='word_1_361' title='bbox 1217 1293 1348 1326; x_wconf 86' lang='lat' dir='ltr'>tinentia</span> <span class='ocrx_word' id='word_1_362' title='bbox 1369 1300 1395 1326; x_wconf 85' lang='lat' dir='ltr'>et</span> <span class='ocrx_word' id='word_1_363' title='bbox 1418 1300 1611 1337; x_wconf 74' lang='lat' dir='ltr'>opportuna,</span> <span class='ocrx_word' id='word_1_364' title='bbox 1645 1295 1821 1338; x_wconf 87' lang='lat' dir='ltr'>apostolica</span> <span class='ocrx_word' id='word_1_365' title='bbox 1840 1301 1953 1328; x_wconf 79' lang='lat' dir='ltr'>&#39;aucto-</span> 
     </span>
     <span class='ocr_line' id='line_1_75' title="bbox 1217 1347 1954 1392; baseline 0.004 -13"><span class='ocrx_word' id='word_1_366' title='bbox 1217 1347 1308 1379; x_wconf 88' lang='lat' dir='ltr'>ritate</span> <span class='ocrx_word' id='word_1_367' title='bbox 1329 1353 1437 1380; x_wconf 89' lang='lat' dir='ltr'>tenore</span> <span class='ocrx_word' id='word_1_368' title='bbox 1449 1348 1657 1391; x_wconf 80' lang='lat' dir='ltr'>prasentium,</span> <span class='ocrx_word' id='word_1_369' title='bbox 1672 1354 1828 1392; x_wconf 83' lang='lat' dir='ltr'>perpetuo</span> <span class='ocrx_word' id='word_1_370' title='bbox 1837 1359 1954 1392; x_wconf 87' lang='lat' dir='ltr'>appro-</span> 
     </span>
     <span class='ocr_line' id='line_1_76' title="bbox 1216 1400 1953 1445; baseline 0.003 -13"><span class='ocrx_word' id='word_1_371' title='bbox 1216 1400 1328 1433; x_wconf 88' lang='lat' dir='ltr'>bamus</span> <span class='ocrx_word' id='word_1_372' title='bbox 1358 1406 1385 1433; x_wconf 91' lang='lat' dir='ltr'>et</span> <span class='ocrx_word' id='word_1_373' title='bbox 1412 1401 1652 1441; x_wconf 81' lang='lat' dir='ltr'>confirmamus,</span> <span class='ocrx_word' id='word_1_374' title='bbox 1685 1412 1721 1434; x_wconf 86' lang='lat' dir='ltr'>ac</span> <span class='ocrx_word' id='word_1_375' title='bbox 1750 1401 1812 1434; x_wconf 90' lang='lat' dir='ltr'>illis</span> <span class='ocrx_word' id='word_1_376' title='bbox 1840 1413 1953 1445; x_wconf 87' lang='lat' dir='ltr'>perpe-</span> 
     </span>
     <span class='ocr_line' id='line_1_77' title="bbox 1217 1455 1953 1488; baseline 0.003 -2"><span class='ocrx_word' id='word_1_377' title='bbox 1217 1460 1288 1487; x_wconf 80' lang='lat' dir='ltr'>tuae</span> <span class='ocrx_word' id='word_1_378' title='bbox 1319 1460 1348 1487; x_wconf 90' lang='lat' dir='ltr'>et</span> <span class='ocrx_word' id='word_1_379' title='bbox 1379 1455 1570 1488; x_wconf 85' lang='lat' dir='ltr'>inviolabilis</span> <span class='ocrx_word' id='word_1_380' title='bbox 1599 1455 1759 1488; x_wconf 85' lang='lat' dir='ltr'>firmitatis</span> <span class='ocrx_word' id='word_1_381' title='bbox 1794 1456 1894 1488; x_wconf 91' lang='lat' dir='ltr'>robur</span> <span class='ocrx_word' id='word_1_382' title='bbox 1923 1462 1953 1488; x_wconf 87' lang='lat' dir='ltr'>et</span> 
     </span>
     <span class='ocr_line' id='line_1_78' title="bbox 1216 1508 1953 1553; baseline 0.003 -13"><span class='ocrx_word' id='word_1_383' title='bbox 1216 1508 1431 1551; x_wconf 81' lang='lat' dir='ltr'>patrocinium</span> <span class='ocrx_word' id='word_1_384' title='bbox 1454 1509 1622 1542; x_wconf 86' lang='lat' dir='ltr'>adiicimus</span> <span class='ocrx_word' id='word_1_385' title='bbox 1642 1515 1670 1542; x_wconf 88' lang='lat' dir='ltr'>et</span> <span class='ocrx_word' id='word_1_386' title='bbox 1692 1509 1896 1553; x_wconf 88' lang='lat' dir='ltr'>apponimus,</span> <span class='ocrx_word' id='word_1_387' title='bbox 1919 1520 1953 1542; x_wconf 90' lang='lat' dir='ltr'>o-</span> 
     </span>
     <span class='ocr_line' id='line_1_79' title="bbox 1217 1562 1952 1606; baseline 0.001 -12"><span class='ocrx_word' id='word_1_388' title='bbox 1217 1572 1369 1605; x_wconf 79' lang='lat' dir='ltr'>mnesque</span> <span class='ocrx_word' id='word_1_389' title='bbox 1390 1568 1417 1595; x_wconf 88' lang='lat' dir='ltr'>et</span> <span class='ocrx_word' id='word_1_390' title='bbox 1439 1562 1582 1604; x_wconf 77' lang='lat' dir='ltr'>singulos</span> <span class='ocrx_word' id='word_1_391' title='bbox 1600 1568 1663 1595; x_wconf 90' lang='lat' dir='ltr'>tam</span> <span class='ocrx_word' id='word_1_392' title='bbox 1681 1562 1759 1595; x_wconf 89' lang='lat' dir='ltr'>iuris</span> <span class='ocrx_word' id='word_1_393' title='bbox 1772 1573 1869 1606; x_wconf 87' lang='lat' dir='ltr'>quam</span> <span class='ocrx_word' id='word_1_394' title='bbox 1881 1563 1952 1596; x_wconf 85' lang='lat' dir='ltr'>sacti</span> 
     </span>
     <span class='ocr_line' id='line_1_80' title="bbox 1215 1617 1950 1659; baseline 0.003 -12"><span class='ocrx_word' id='word_1_395' title='bbox 1215 1626 1251 1648; x_wconf 87' lang='lat' dir='ltr'>ac</span> <span class='ocrx_word' id='word_1_396' title='bbox 1272 1626 1548 1659; x_wconf 87' lang='lat' dir='ltr'>quarumcumque</span> <span class='ocrx_word' id='word_1_397' title='bbox 1567 1617 1820 1657; x_wconf 87' lang='lat' dir='ltr'>solemnitatum,</span> <span class='ocrx_word' id='word_1_398' title='bbox 1855 1617 1950 1649; x_wconf 86' lang='lat' dir='ltr'>etiam</span> 
     </span>
     <span class='ocr_line' id='line_1_81' title="bbox 1215 1669 1953 1708; baseline 0.001 -6"><span class='ocrx_word' id='word_1_399' title='bbox 1215 1669 1483 1708; x_wconf 82' lang='lat' dir='ltr'>substantialium,</span> <span class='ocrx_word' id='word_1_400' title='bbox 1504 1670 1556 1703; x_wconf 92' lang='lat' dir='ltr'>hic</span> <span class='ocrx_word' id='word_1_401' title='bbox 1577 1671 1682 1703; x_wconf 85' lang='lat' dir='ltr'>forsan</span> <span class='ocrx_word' id='word_1_402' title='bbox 1704 1671 1742 1704; x_wconf 88' lang='lat' dir='ltr'>de</span> <span class='ocrx_word' id='word_1_403' title='bbox 1765 1671 1953 1704; x_wconf 82' lang='lat' dir='ltr'>necessitate</span> 
     </span>
     <span class='ocr_line' id='line_1_82' title="bbox 1216 1723 1949 1766; baseline 0.005 -11"><span class='ocrx_word' id='word_1_404' title='bbox 1216 1723 1495 1766; x_wconf 77' lang='lat' dir='ltr'>exprimendarum</span> <span class='ocrx_word' id='word_1_405' title='bbox 1509 1730 1537 1757; x_wconf 90' lang='lat' dir='ltr'>et</span> <span class='ocrx_word' id='word_1_406' title='bbox 1547 1724 1789 1758; x_wconf 86' lang='lat' dir='ltr'>inserendarum</span> <span class='ocrx_word' id='word_1_407' title='bbox 1798 1725 1949 1766; x_wconf 82' lang='lat' dir='ltr'>desectus,</span> 
     </span>
     <span class='ocr_line' id='line_1_83' title="bbox 1215 1778 1586 1821; baseline 0.008 -13"><span class='ocrx_word' id='word_1_408' title='bbox 1215 1782 1369 1819; x_wconf 82' lang='lat' dir='ltr'>perpetuo</span> <span class='ocrx_word' id='word_1_409' title='bbox 1389 1778 1586 1821; x_wconf 84' lang='lat' dir='ltr'>supplemus.</span> 
     </span>
    </p>

    <p class='ocr_par' dir='ltr' id='par_1_15' title="bbox 1214 1829 2150 2196">
     <span class='ocr_line' id='line_1_84' title="bbox 1259 1829 2150 1886; baseline 0.004 -24"><span class='ocrx_word' id='word_1_410' title='bbox 1259 1832 1275 1871; x_wconf 64' lang='grc' dir='ltr'>ξ</span> <span class='ocrx_word' id='word_1_411' title='bbox 1296 1829 1348 1863; x_wconf 62' lang='grc' dir='ltr'>ἵῖἓ.</span> <span class='ocrx_word' id='word_1_412' title='bbox 1370 1831 1539 1874; x_wconf 86' lang='lat' dir='ltr'>Dictosque</span> <span class='ocrx_word' id='word_1_413' title='bbox 1556 1832 1724 1865; x_wconf 88' lang='lat' dir='ltr'>Camillum</span> <span class='ocrx_word' id='word_1_414' title='bbox 1746 1837 1776 1865; x_wconf 87' lang='lat' dir='ltr'>et</span> <span class='ocrx_word' id='word_1_415' title='bbox 1795 1833 1899 1866; x_wconf 87' lang='lat' dir='ltr'>socios</span> <span class='ocrx_word' id='word_1_416' title='bbox 1917 1844 1953 1866; x_wconf 83' lang='lat' dir='ltr'>ac</span> <span class='ocrx_word' id='word_1_417' title='bbox 1974 1838 2150 1886; x_wconf 43' lang='lat' dir='ltr'>fflgcfffflfffi</span> 
     </span>
     <span class='ocr_line' id='line_1_85' title="bbox 1216 1871 2046 1929; baseline 0.005 -14"><span class='ocrx_word' id='word_1_418' title='bbox 1216 1883 1315 1927; x_wconf 86' lang='lat' dir='ltr'>ipsam</span> <span class='ocrx_word' id='word_1_419' title='bbox 1337 1885 1619 1926; x_wconf 72' lang='lat' dir='ltr'>congregationem</span> <span class='ocrx_word' id='word_1_420' title='bbox 1641 1886 1789 1929; x_wconf 89' lang='lat' dir='ltr'>illiusque</span> <span class='ocrx_word' id='word_1_421' title='bbox 1809 1887 1953 1919; x_wconf 87' lang='lat' dir='ltr'>membra</span> <span class='ocrx_word' id='word_1_422' title='bbox 1968 1871 2046 1918; x_wconf 58' lang='lat' dir='ltr'>ierun-</span> 
     </span>
     <span class='ocr_line' id='line_1_86' title="bbox 1215 1937 1953 1983; baseline 0.005 -14"><span class='ocrx_word' id='word_1_423' title='bbox 1215 1937 1333 1976; x_wconf 84' lang='lat' dir='ltr'>omnia,</span> <span class='ocrx_word' id='word_1_424' title='bbox 1357 1948 1440 1970; x_wconf 79' lang='lat' dir='ltr'>nunc</span> <span class='ocrx_word' id='word_1_425' title='bbox 1462 1943 1491 1971; x_wconf 90' lang='lat' dir='ltr'>et</span> <span class='ocrx_word' id='word_1_426' title='bbox 1511 1949 1570 1981; x_wconf 88' lang='lat' dir='ltr'>pro</span> <span class='ocrx_word' id='word_1_427' title='bbox 1588 1939 1775 1982; x_wconf 83' lang='lat' dir='ltr'>temporein</span> <span class='ocrx_word' id='word_1_428' title='bbox 1791 1940 1953 1983; x_wconf 87' lang='lat' dir='ltr'>quibusvis</span> 
     </span>
     <span class='ocr_line' id='line_1_87' title="bbox 1216 1990 1954 2031; baseline 0.005 -9"><span class='ocrx_word' id='word_1_429' title='bbox 1216 1990 1291 2023; x_wconf 84' lang='lat' dir='ltr'>locis</span> <span class='ocrx_word' id='word_1_430' title='bbox 1321 1991 1536 2031; x_wconf 85' lang='lat' dir='ltr'>consistentia,</span> <span class='ocrx_word' id='word_1_431' title='bbox 1568 1992 1626 2024; x_wconf 89' lang='lat' dir='ltr'>sub</span> <span class='ocrx_word' id='word_1_432' title='bbox 1657 1998 1770 2026; x_wconf 74' lang='lat' dir='ltr'>nostra</span> <span class='ocrx_word' id='word_1_433' title='bbox 1799 1999 1827 2026; x_wconf 90' lang='lat' dir='ltr'>et</span> <span class='ocrx_word' id='word_1_434' title='bbox 1860 1993 1954 2026; x_wconf 87' lang='lat' dir='ltr'>huius</span> 
     </span>
     <span class='ocr_line' id='line_1_88' title="bbox 1214 2045 1952 2089; baseline 0.004 -13"><span class='ocrx_word' id='word_1_435' title='bbox 1214 2050 1341 2077; x_wconf 86' lang='lat' dir='ltr'>sauctae</span> <span class='ocrx_word' id='word_1_436' title='bbox 1361 2045 1451 2078; x_wconf 87' lang='lat' dir='ltr'>Sedis</span> <span class='ocrx_word' id='word_1_437' title='bbox 1468 2046 1670 2089; x_wconf 79' lang='lat' dir='ltr'>Apostolicae</span> <span class='ocrx_word' id='word_1_438' title='bbox 1690 2057 1727 2079; x_wconf 86' lang='lat' dir='ltr'>ac</span> <span class='ocrx_word' id='word_1_439' title='bbox 1752 2046 1837 2079; x_wconf 87' lang='lat' dir='ltr'>beati</span> <span class='ocrx_word' id='word_1_440' title='bbox 1869 2047 1952 2080; x_wconf 89' lang='lat' dir='ltr'>Petri</span> 
     </span>
     <span class='ocr_line' id='line_1_89' title="bbox 1215 2098 1954 2143; baseline 0.004 -13"><span class='ocrx_word' id='word_1_441' title='bbox 1215 2098 1343 2141; x_wconf 89' lang='lat' dir='ltr'>speciali</span> <span class='ocrx_word' id='word_1_442' title='bbox 1365 2104 1395 2131; x_wconf 87' lang='lat' dir='ltr'>ct</span> <span class='ocrx_word' id='word_1_443' title='bbox 1416 2098 1600 2131; x_wconf 88' lang='lat' dir='ltr'>immediata</span> <span class='ocrx_word' id='word_1_444' title='bbox 1628 2100 1827 2143; x_wconf 89' lang='lat' dir='ltr'>protectione</span> <span class='ocrx_word' id='word_1_445' title='bbox 1855 2100 1954 2133; x_wconf 84' lang='lat' dir='ltr'>susci·</span> 
     </span>
     <span class='ocr_line' id='line_1_90' title="bbox 1215 2152 1595 2196; baseline 0.005 -12"><span class='ocrx_word' id='word_1_446' title='bbox 1215 2152 1320 2196; x_wconf 87' lang='lat' dir='ltr'>pimus</span> <span class='ocrx_word' id='word_1_447' title='bbox 1339 2159 1369 2185; x_wconf 85' lang='lat' dir='ltr'>et</span> <span class='ocrx_word' id='word_1_448' title='bbox 1386 2153 1595 2186; x_wconf 87' lang='lat' dir='ltr'>admittimus.</span> 
     </span>
    </p>

    <p class='ocr_par' dir='ltr' id='par_1_16' title="bbox 1259 2206 2150 2251">
     <span class='ocr_line' id='line_1_91' title="bbox 1259 2206 2150 2251; baseline 0.003 -12"><span class='ocrx_word' id='word_1_449' title='bbox 1259 2209 1275 2249; x_wconf 62' lang='lat' dir='ltr'>g</span> <span class='ocrx_word' id='word_1_450' title='bbox 1296 2206 1348 2240; x_wconf 35' lang='lat'><strong>⁶2:3⁴</strong></span> <span class='ocrx_word' id='word_1_451' title='bbox 1370 2207 1404 2240; x_wconf 88' lang='lat' dir='ltr'>Et</span> <span class='ocrx_word' id='word_1_452' title='bbox 1423 2207 1646 2248; x_wconf 84' lang='lat' dir='ltr'>nihilominus,</span> <span class='ocrx_word' id='word_1_453' title='bbox 1670 2207 1788 2251; x_wconf 90' lang='lat' dir='ltr'>potiori</span> <span class='ocrx_word' id='word_1_454' title='bbox 1807 2219 1867 2251; x_wconf 90' lang='lat' dir='ltr'>pro</span> <span class='ocrx_word' id='word_1_455' title='bbox 1880 2219 1953 2242; x_wconf 90' lang='lat' dir='ltr'>cau·</span> <span class='ocrx_word' id='word_1_456' title='bbox 2007 2212 2101 2233; x_wconf 62' lang='lat' dir='ltr'>Lifflssiss</span> <span class='ocrx_word' id='word_1_457' title='bbox 2117 2218 2150 2232; x_wconf 72' lang='lat'>⁵¹¹·</span> 
     </span>
    </p>
   </div>
   <div class='ocr_carea' id='block_1_11' title="bbox 1216 2240 2150 2306">
    <p class='ocr_par' dir='ltr' id='par_1_17' title="bbox 1216 2240 2150 2306">
     <span class='ocr_line' id='line_1_92' title="bbox 1975 2245 2150 2257; baseline 0.006 0"><span class='ocrx_word' id='word_1_458' title='bbox 1975 2245 1979 2257; x_wconf 81' lang='lat' dir='ltr'>l</span> <span class='ocrx_word' id='word_1_459' title='bbox 1993 2247 1996 2250; x_wconf 77' lang='lat'><em>⁴</em></span> <span class='ocrx_word' id='word_1_460' title='bbox 2036 2246 2039 2250; x_wconf 93' lang='grc'><strong>“</strong></span> <span class='ocrx_word' id='word_1_461' title='bbox 2053 2246 2055 2249; x_wconf 90' lang='grc'><strong>’</strong></span> <span class='ocrx_word' id='word_1_462' title='bbox 2143 2249 2150 2253; x_wconf 93' lang='grc'>-</span> 
     </span>
     <span class='ocr_line' id='line_1_93' title="bbox 1216 2240 2150 2306; baseline 0.002 -12"><span class='ocrx_word' id='word_1_463' title='bbox 1216 2262 1287 2299; x_wconf 85' lang='lat' dir='ltr'>tela,</span> <span class='ocrx_word' id='word_1_464' title='bbox 1310 2262 1440 2295; x_wconf 87' lang='lat' dir='ltr'>Camillo</span> <span class='ocrx_word' id='word_1_465' title='bbox 1461 2268 1489 2295; x_wconf 89' lang='lat' dir='ltr'>et</span> <span class='ocrx_word' id='word_1_466' title='bbox 1511 2262 1605 2295; x_wconf 84' lang='lat' dir='ltr'>sociis</span> <span class='ocrx_word' id='word_1_467' title='bbox 1624 2262 1775 2306; x_wconf 83' lang='lat' dir='ltr'>praefatis</span> <span class='ocrx_word' id='word_1_468' title='bbox 1792 2273 1828 2295; x_wconf 86' lang='lat' dir='ltr'>ac</span> <span class='ocrx_word' id='word_1_469' title='bbox 1839 2272 1951 2296; x_wconf 89' lang='lat' dir='ltr'>eorum</span> <span class='ocrx_word' id='word_1_470' title='bbox 1967 2240 2150 2292; x_wconf 55' lang='lat' dir='ltr'>l{:.3¹t¹‘&#39;⁴q1‚?illlsss</span> 
     </span>
    </p>
   </div>
   <div class='ocr_carea' id='block_1_12' title="bbox 1214 2295 2023 2628">
    <p class='ocr_par' dir='ltr' id='par_1_18' title="bbox 1214 2295 2023 2628">
     <span class='ocr_line' id='line_1_94' title="bbox 1215 2295 2023 2360; baseline 0.002 -12"><span class='ocrx_word' id='word_1_471' title='bbox 1215 2316 1355 2354; x_wconf 78' lang='lat' dir='ltr'>cuilibet,</span> <span class='ocrx_word' id='word_1_472' title='bbox 1376 2321 1408 2349; x_wconf 95' lang='lat' dir='ltr'>ut</span> <span class='ocrx_word' id='word_1_473' title='bbox 1431 2317 1699 2360; x_wconf 86' lang='lat' dir='ltr'>quandocumque</span> <span class='ocrx_word' id='word_1_474' title='bbox 1719 2316 1764 2350; x_wconf 89' lang='lat' dir='ltr'>eis</span> <span class='ocrx_word' id='word_1_475' title='bbox 1774 2316 1875 2349; x_wconf 90' lang='lat' dir='ltr'>visum</span> <span class='ocrx_word' id='word_1_476' title='bbox 1887 2317 1953 2350; x_wconf 86' lang='lat' dir='ltr'>sue·</span> <span class='ocrx_word' id='word_1_477' title='bbox 1968 2295 2023 2313; x_wconf 28' lang='grc' dir='ltr'>*ω’</span> 
     </span>
     <span class='ocr_line' id='line_1_95' title="bbox 1216 2368 1952 2413; baseline 0.003 -13"><span class='ocrx_word' id='word_1_478' title='bbox 1216 2368 1266 2407; x_wconf 84' lang='lat' dir='ltr'>rit,</span> <span class='ocrx_word' id='word_1_479' title='bbox 1290 2369 1411 2412; x_wconf 88' lang='lat' dir='ltr'>possint</span> <span class='ocrx_word' id='word_1_480' title='bbox 1436 2369 1600 2413; x_wconf 84' lang='lat' dir='ltr'>praedicta</span> <span class='ocrx_word' id='word_1_481' title='bbox 1626 2369 1847 2402; x_wconf 86' lang='lat' dir='ltr'>substantialia</span> <span class='ocrx_word' id='word_1_482' title='bbox 1877 2370 1952 2403; x_wconf 88' lang='lat' dir='ltr'>reli—</span> 
     </span>
     <span class='ocr_line' id='line_1_96' title="bbox 1214 2422 1953 2466; baseline 0.003 -12"><span class='ocrx_word' id='word_1_483' title='bbox 1214 2422 1321 2464; x_wconf 74' lang='lat' dir='ltr'>giosae</span> <span class='ocrx_word' id='word_1_484' title='bbox 1341 2422 1432 2463; x_wconf 85' lang='lat' dir='ltr'>vitae,</span> <span class='ocrx_word' id='word_1_485' title='bbox 1455 2423 1662 2466; x_wconf 81' lang='lat' dir='ltr'>paupertatis,</span> <span class='ocrx_word' id='word_1_486' title='bbox 1687 2423 1843 2464; x_wconf 80' lang='lat' dir='ltr'>videlicet,</span> <span class='ocrx_word' id='word_1_487' title='bbox 1861 2423 1953 2456; x_wconf 89' lang='lat' dir='ltr'>casti-</span> 
     </span>
     <span class='ocr_line' id='line_1_97' title="bbox 1215 2475 1952 2520; baseline 0.001 -12"><span class='ocrx_word' id='word_1_488' title='bbox 1215 2475 1285 2508; x_wconf 84' lang='lat' dir='ltr'>tatis</span> <span class='ocrx_word' id='word_1_489' title='bbox 1305 2481 1335 2508; x_wconf 91' lang='lat' dir='ltr'>et</span> <span class='ocrx_word' id='word_1_490' title='bbox 1355 2476 1555 2510; x_wconf 85' lang='lat' dir='ltr'>obedientiae</span> <span class='ocrx_word' id='word_1_491' title='bbox 1573 2482 1600 2510; x_wconf 91' lang='lat' dir='ltr'>et</span> <span class='ocrx_word' id='word_1_492' title='bbox 1616 2476 1765 2520; x_wconf 89' lang='lat' dir='ltr'>perennis</span> <span class='ocrx_word' id='word_1_493' title='bbox 1782 2477 1952 2510; x_wconf 89' lang='lat' dir='ltr'>ministerii</span> 
     </span>
     <span class='ocr_line' id='line_1_98' title="bbox 1214 2529 1953 2574; baseline 0.003 -12"><span class='ocrx_word' id='word_1_494' title='bbox 1214 2529 1447 2572; x_wconf 73' lang='lat' dir='ltr'>aegrotantium</span> <span class='ocrx_word' id='word_1_495' title='bbox 1476 2535 1558 2568; x_wconf 78' lang='lat' dir='ltr'>vota,</span> <span class='ocrx_word' id='word_1_496' title='bbox 1587 2530 1683 2570; x_wconf 81' lang='lat' dir='ltr'>iuxta,</span> <span class='ocrx_word' id='word_1_497' title='bbox 1706 2531 1868 2574; x_wconf 78' lang='lat' dir='ltr'>praefatae</span> <span class='ocrx_word' id='word_1_498' title='bbox 1889 2531 1953 2564; x_wconf 84' lang='lat' dir='ltr'>sor-</span> 
     </span>
     <span class='ocr_line' id='line_1_99' title="bbox 1215 2583 1952 2628; baseline 0.003 -13"><span class='ocrx_word' id='word_1_499' title='bbox 1215 2584 1319 2616; x_wconf 87' lang='lat' dir='ltr'>mulae</span> <span class='ocrx_word' id='word_1_500' title='bbox 1339 2589 1482 2616; x_wconf 88' lang='lat' dir='ltr'>tenorem</span> <span class='ocrx_word' id='word_1_501' title='bbox 1512 2583 1674 2624; x_wconf 87' lang='lat' dir='ltr'>emittere;</span> <span class='ocrx_word' id='word_1_502' title='bbox 1713 2592 1743 2617; x_wconf 88' lang='lat' dir='ltr'>et</span> <span class='ocrx_word' id='word_1_503' title='bbox 1773 2585 1952 2628; x_wconf 81' lang='lat' dir='ltr'>praefectus</span> 
     </span>
    </p>
   </div>
   <div class='ocr_carea' id='block_1_13' title="bbox 1215 2636 1951 2679">
    <p class='ocr_par' dir='ltr' id='par_1_19' title="bbox 1215 2636 1951 2679">
     <span class='ocr_line' id='line_1_100' title="bbox 1215 2636 1951 2679; baseline 0.003 -11"><span class='ocrx_word' id='word_1_504' title='bbox 1215 2636 1272 2669; x_wconf 82' lang='lat' dir='ltr'>liae</span> <span class='ocrx_word' id='word_1_505' title='bbox 1289 2636 1393 2679; x_wconf 87' lang='lat' dir='ltr'>prima</span> <span class='ocrx_word' id='word_1_506' title='bbox 1410 2636 1476 2669; x_wconf 88' lang='lat' dir='ltr'>vice</span> <span class='ocrx_word' id='word_1_507' title='bbox 1496 2636 1672 2679; x_wconf 79' lang='lat' dir='ltr'>eligendus,</span> <span class='ocrx_word' id='word_1_508' title='bbox 1689 2637 1720 2670; x_wconf 92' lang='lat' dir='ltr'>in</span> <span class='ocrx_word' id='word_1_509' title='bbox 1732 2637 1879 2670; x_wconf 86' lang='lat' dir='ltr'>manibus</span> <span class='ocrx_word' id='word_1_510' title='bbox 1896 2648 1951 2670; x_wconf 88' lang='lat' dir='ltr'>cu-</span> 
     </span>
    </p>
   </div>
   <div class='ocr_carea' id='block_1_14' title="bbox 444 2677 1951 2733">
    <p class='ocr_par' dir='ltr' id='par_1_20' title="bbox 444 2677 1951 2733">
     <span class='ocr_line' id='line_1_101' title="bbox 444 2677 1951 2733; baseline 0.001 -12"><span class='ocrx_word' id='word_1_511' title='bbox 444 2688 505 2729; x_wconf 73' lang='lat' dir='ltr'>uis,</span> <span class='ocrx_word' id='word_1_512' title='bbox 531 2687 673 2722; x_wconf 80' lang='lat' dir='ltr'>censuris</span> <span class='ocrx_word' id='word_1_513' title='bbox 703 2693 731 2721; x_wconf 86' lang='lat' dir='ltr'>et</span> <span class='ocrx_word' id='word_1_514' title='bbox 753 2687 864 2731; x_wconf 85' lang='lat' dir='ltr'>poenis</span> <span class='ocrx_word' id='word_1_515' title='bbox 881 2698 899 2721; x_wconf 90' lang='lat' dir='ltr'>a</span> <span class='ocrx_word' id='word_1_516' title='bbox 920 2688 987 2721; x_wconf 91' lang='lat' dir='ltr'>iure</span> <span class='ocrx_word' id='word_1_517' title='bbox 1007 2689 1055 2722; x_wconf 88' lang='lat' dir='ltr'>vel</span> <span class='ocrx_word' id='word_1_518' title='bbox 1068 2689 1107 2722; x_wconf 86' lang='lat' dir='ltr'>ab</span> <span class='ocrx_word' id='word_1_519' title='bbox 1122 2689 1178 2722; x_wconf 83' lang='lat' dir='ltr'>ho·</span> <span class='ocrx_word' id='word_1_520' title='bbox 1193 2677 1196 2733; x_wconf 62' lang='grc'><strong>1</strong></span> <span class='ocrx_word' id='word_1_521' title='bbox 1213 2689 1400 2732; x_wconf 81' lang='lat' dir='ltr'>iuscurnque</span> <span class='ocrx_word' id='word_1_522' title='bbox 1420 2700 1575 2733; x_wconf 82' lang='lat' dir='ltr'>personae</span> <span class='ocrx_word' id='word_1_523' title='bbox 1595 2690 1626 2723; x_wconf 91' lang='lat' dir='ltr'>in</span> <span class='ocrx_word' id='word_1_524' title='bbox 1649 2690 1802 2732; x_wconf 83' lang='lat' dir='ltr'>dignitate</span> <span class='ocrx_word' id='word_1_525' title='bbox 1821 2701 1876 2724; x_wconf 88' lang='lat' dir='ltr'>seu</span> <span class='ocrx_word' id='word_1_526' title='bbox 1897 2691 1951 2723; x_wconf 87' lang='lat' dir='ltr'>ad-</span> 
     </span>
    </p>
   </div>
  </div>
 </body>
</html>
