2226 3070
57 298 109 326 An.
127 295 156 325 C.
174 296 241 326 1585

82 360 178 381 {lectoris
204 366 241 380 ca-

55 391 192 419 pellauorum
216 396 240 409 ac

55 423 167 442 thesaurar
177 427 240 448 piae-

55 453 198 473 §stitutionem
208 453 239 471 si-

56 484 76 503 bi
92 484 178 509 suisque
195 488 240 502 suc·

56 514 179 534 eessorilius
204 519 240 534 rc<

56 546 158 565 servavit.

82 1276 142 1301 Quae
170 1278 241 1295 tamen

56 1311 103 1326 cuni
137 1306 237 1332 tempori-

56 1337 94 1357 bus
111 1336 202 1363 Philippt
223 1336 240 1356 ll

57 1369 113 1393 regis
129 1368 242 1388 executio-

54 1400 77 1420 Μ
114 1400 242 1420 demandata

57 1437 98 1451 non
115 1430 202 1455 tuerint,
222 1431 241 1450 i-

57 1463 103 1482 dem
132 1467 169 1482 rex
200 1462 242 1482 atio

57 1493 118 1513 modo
133 1493 242 1519 provideri

56 1524 118 1550 potiit
132 1530 144 1543 a
158 1523 242 1549 Grego-

58 1556 90 1575 rio
107 1554 152 1574 xttt

89 2502 248 2529 QuareGrego-

63 2536 106 2549 rius
129 2529 186 2556 Papa
212 2536 248 2549 ar-

64 2556 203 2582 rhiepiscnpo
219 2554 250 2576 [J-

63 2583 250 2602 ttxtionensiniun-

66 2609 122 2629 davit
137 2612 158 2628 ut
169 2612 250 2629 certam

65 2636 136 2655 dotem
189 2636 250 2655 modo

67 2665 115 2681 tunc
139 2663 251 2687 designato

919 294 1023 319 5thth
1044 295 1061 318 V
1080 293 1128 318 PP.

255 360 292 383 ac
313 349 410 383 etiam
432 349 552 382 limites
571 349 671 393 ipsius
692 348 867 391 parochiae
883 359 900 381 a
921 359 1011 392 prae-

255 402 341 435 dicto
359 402 526 436 ordinario
547 413 639 446 posse
664 401 844 444 designari;
867 412 924 434 nee
947 411 1011 434 non

255 457 498 501 iuspatronatus
534 463 564 490 et
594 456 821 501 praesentandi
857 466 1012 499 personas

254 509 388 543 idoneas
416 510 454 542 ad
476 509 660 548 ecclesiam,
687 508 860 549 beneficia,
883 509 1012 541 thesau-

255 564 373 596 rariam
413 569 444 596 et
474 563 688 606 capellaniam
726 562 913 594 huiusmodi
950 562 1010 595 loci

254 616 431 657 ordinario,
445 617 660 649 autRomano
691 615 853 655 Pontifici,
881 615 1011 648 illorum

255 680 314 713 pro
328 676 474 713 tempore
484 674 677 702 occurrente
688 668 866 707 vacatione,
884 674 912 701 et
925 670 1011 711 apud

254 723 368 755 Sedent
390 721 623 766 Apostolieam,
663 726 691 753 et
723 731 780 764 per
810 721 1011 754 ordinarium

253 781 309 808 aut
333 775 514 808 Romanum
532 774 720 807 Pontificem
750 774 951 817 praedictum
973 776 1011 808 ad

254 827 548 870 praesentationem
570 826 757 859 huiusmodi
786 827 1010 868 instituendas,

254 880 421 922 praedicto
446 879 587 913 ilenrico
622 885 652 913 et
680 890 738 923 pro
770 885 916 924 tempore
947 881 1012 914 exi-

253 933 348 965 stenti
381 933 598 976 Por-tugalliae
626 939 657 966 et
685 933 912 976 Algarbiorum
946 933 1013 976 regi

255 986 377 1030 pariter
402 992 561 1030 perpetuo
598 986 754 1019 reservari
790 993 820 1020 et
855 987 1011 1028 concedi3

254 1041 382 1084 aliaque
402 1041 442 1073 ab
458 1051 571 1074 eorum
594 1040 845 1084 praedecessore
866 1040 1014 1074 obtinue-

255 1099 314 1134 rat,
334 1100 432 1138 prout
457 1094 489 1126 in
519 1094 634 1127 litteris
662 1094 848 1137 apostolicis
873 1094 1014 1138 desuper

256 1147 413 1181 consectis
438 1147 565 1190 plenius
591 1147 833 1180 continebatur.

301 1201 366 1245 §2
389 1202 426 1235 Et
455 1202 487 1234 in
512 1202 624 1235 eadem
651 1202 852 1245 expositione
877 1203 1012 1236 subiun-

257 1260 308 1288 cto
328 1255 429 1298 quod,
452 1256 528 1288 licet
548 1255 673 1288 litterae
694 1255 862 1298 praedicto
882 1256 1012 1289 ordina-

256 1310 305 1342 rio
325 1315 548 1353 praesentatae
569 1308 716 1348 fuissent,
738 1320 776 1342 ac
801 1310 967 1342 concessio
984 1316 1014 1343 et

255 1363 430 1396 reservatio
448 1364 614 1396 fructuum
635 1369 665 1396 et
685 1363 887 1396 decimarum
908 1364 1012 1397 eidem

256 1416 368 1449 Ioanni
393 1416 637 1460 archiepiscopo
658 1416 759 1450 sactae
781 1428 839 1461 per
860 1418 1013 1460 provisio-

256 1481 329 1504 nem
351 1471 390 1503 de
412 1471 481 1503 eius
503 1481 642 1514 persona
660 1475 737 1503 tunc
760 1471 915 1503 ecclesiae
936 1471 1012 1504 Bra-

256 1524 422 1557 cbarensis
442 1530 530 1557 certo
545 1524 641 1557 modo
663 1523 801 1568 pastoris
818 1525 935 1557 solatio
961 1526 1014 1558 de-

255 1577 396 1618 stitutae,
417 1578 547 1618 factam,
571 1584 601 1610 et
623 1577 769 1611 muneris
798 1579 1013 1611 consecratio-

255 1631 304 1663 nis
325 1631 576 1675 susceptionem,
598 1631 827 1671 cessavissent3
850 1631 1014 1665 nihilomi-

256 1695 317 1718 nus
336 1685 376 1718 ad
401 1684 665 1718 distributionem
686 1685 852 1718 fructuum
877 1691 908 1718 et
927 1686 1013 1719 deci-

257 1749 383 1771 marum
414 1738 611 1783 illorumque
636 1739 885 1781 assignationem
917 1750 1013 1782 paro-

256 1792 352 1825 chiali
378 1792 546 1831 ecclesiae,
573 1791 757 1832 beneficiis,
791 1792 1013 1825 thesaurariae

257 1851 285 1877 et
308 1845 507 1889 capellaniae
535 1846 708 1890 praedictis
736 1851 870 1879 eatenus
896 1846 1013 1879 deven-

257 1905 324 1931 tum
346 1909 411 1932 non
439 1900 555 1939 suerat,
582 1910 642 1933 nec
672 1905 780 1932 rector
809 1906 865 1932 aut
889 1900 1014 1933 beneti-

257 1952 333 1985 eiati
364 1953 411 1985 vel
441 1953 664 1986 thesaurarius
688 1954 736 1986 vel
767 1954 955 1997 capellanus
984 1954 1014 1986 in

258 2006 396 2039 ecclesia
428 2012 459 2039 et
490 2007 615 2050 capella
649 2007 839 2040 huiusmodi
875 2007 1014 2040 instituti

260 2060 397 2099 fuerant,
418 2065 446 2093 et
468 2066 603 2104 propter
623 2065 723 2093 status
744 2071 920 2103 regnorum
941 2061 1018 2094 Por-

260 2114 412 2156 tugalliae
446 2114 661 2147 mutationem
699 2115 865 2147 cessabant
901 2125 1017 2148 causae

261 2173 395 2211 propter
424 2178 505 2210 quas
530 2168 707 2211 praemissa
732 2168 887 2211 disposita
912 2174 940 2201 et
968 2179 1019 2201 or-

261 2221 370 2253 dinata
386 2221 526 2261 fuerant;
546 2227 576 2253 et
597 2226 769 2265 propterea
790 2221 874 2254 idem
896 2221 1017 2265 Philip-

261 2284 323 2317 pus
344 2285 396 2307 rex
413 2274 617 2308 desiderabat
634 2275 746 2307 eadem
765 2275 939 2317 praemissa
960 2285 1019 2318 pro

263 2333 341 2360 tune
372 2327 528 2372 temporis
548 2328 709 2370 exigentia
729 2328 761 2360 in
790 2333 881 2370 parte
908 2328 1020 2360 mode-

263 2392 343 2414 rari.

308 2435 322 2478 ἓ
343 2434 375 2466 3.
395 2436 499 2472 Quare
519 2445 577 2478 pro
599 2440 690 2477 parte
711 2434 787 2466 dicti
808 2434 950 2478 Philippi
970 2445 1021 2467 rc-

264 2484 312 2525 gis
337 2483 441 2516 eidem
463 2483 619 2526 Gregorio
649 2483 893 2527 praedecessori
913 2484 1021 2515 humi—

265 2534 339 2566 liter
354 2532 539 2577 supplirato
560 2533 764 2575 quatenusin
783 2532 905 2565 eisdem
928 2543 1021 2575 prae-

266 2582 371 2615 missis
387 2588 571 2625 opportune
586 2582 756 2624 providere
770 2582 809 2614 de
826 2581 1023 2624 benignitate

266 2631 442 2675 apostolica
458 2631 660 2673 dignaretur,
685 2631 870 2674 praedit-tus
892 2630 1025 2673 praede-

1703 282 1761 315 941

1053 347 1347 380 ecclesiasticorum
1361 345 1528 378 decentem
1543 345 1810 384 moderationem,

1054 401 1141 434 iuxta
1172 400 1364 433 corumdem
1394 404 1496 431 status
1530 398 1744 441 exigentiam,
1782 403 1809 430 ct

1053 459 1153 497 prout
1178 459 1251 486 vota
1287 452 1525 485 catholicorum
1557 462 1671 493 regum
1711 462 1810 494 expo-

1054 508 1196 546 scebant,
1220 507 1358 540 libenter
1377 506 1576 545 intendebat,
1596 505 1717 537 dictum
1739 505 1812 536 Phi-

1054 562 1179 605 lippum
1202 572 1310 604 regem
1329 571 1346 593 a
1366 559 1533 604 quibusvis
1554 559 1813 592 excommunica-

1056 615 1164 655 tionis,
1187 619 1260 654 e!‹:.;
1283 625 1341 647 nec
1367 624 1431 646 non
1453 613 1610 645 dictarum
1633 612 1812 644 litterarum

1055 673 1200 700 tenorem
1217 678 1275 710 pro
1293 666 1453 709 expressis
1467 666 1601 705 hahens,
1625 665 1812 698 huiusmodi

1054 720 1350 763 supplicationibus
1372 719 1554 759 inclinatus,
1581 719 1640 752 sub
1666 719 1776 751 datum
1797 729 1812 750 v

1055 774 1127 806 idus
1153 774 1276 813 martii,
1312 773 1519 817 pontificatus
1550 773 1597 805 sui
1624 783 1708 805 anno
1744 782 1811 811 xm,

1055 827 1155 859 votuit
1177 832 1207 859 et
1233 827 1391 860 concessit
1414 826 1605 859 fraternitati
1630 832 1703 858 tuae
1724 836 1812 859 com-

1057 880 1138 912 mitti
1160 886 1191 913 et
1213 880 1357 912 mandari
1381 885 1414 912 ut
1437 880 1613 923 parochiali
1643 879 1811 917 ecclesiae,

1056 944 1114 977 pro
1137 933 1223 965 illius
1249 933 1384 965 rectoris
1405 944 1464 976 pro
1483 938 1629 976 tempore
1650 933 1813 966 existentis

1056 987 1303 1027 sustentatione,
1322 986 1559 1029 quinquaginta
1572 986 1731 1018 cruciatos
1748 997 1814 1018 mo-

1056 1045 1148 1073 netae
1168 1040 1385 1083 Portugalliat¹
1412 1040 1443 1072 in
1466 1039 1604 1082 pecunia
1631 1045 1812 1078 numerata,

1055 1105 1091 1126 ac
1113 1094 1193 1126 duos
1219 1094 1315 1126 tritici
1346 1099 1377 1126 et
1397 1093 1478 1126 alios
1499 1094 1580 1125 duos
1613 1093 1725 1125 hordei
1749 1104 1816 1125 mo-

1055 1148 1139 1188 dios,
1162 1158 1221 1180 nec
1242 1158 1307 1180 non
1334 1158 1386 1180 sex
1412 1152 1543 1180 cantara
1563 1146 1624 1179 olei
1645 1147 1813 1179 annuatim

1055 1202 1197 1234 valorem
1216 1211 1361 1233 annuum
1383 1206 1513 1233 centum
1535 1200 1726 1232 ducatorum
1747 1208 1817 1238 auri

1055 1254 1301 1296 constituentia,
1331 1265 1367 1287 ac
1392 1254 1473 1287 duas
1503 1242 1704 1297 cii-quatuor
1744 1264 1818 1296 par-

1055 1309 1141 1341 tibus
1171 1308 1375 1341 oblationum
1407 1308 1499 1352 pedis
1525 1307 1635 1339 altaris
1660 1308 1707 1339 vel
1739 1307 1818 1339 alias

1055 1368 1333 1405 nuncupatarum,
1346 1362 1450 1394 cidem
1465 1360 1643 1405 parochiali
1662 1360 1818 1393 eeclesia‹¹

1057 1416 1210 1459 illiusque
1244 1416 1401 1449 ministris
1429 1428 1446 1449 a
1480 1414 1746 1448 christifidelibus
1768 1414 1818 1457 pie

1055 1469 1308 1512 erogatularuin:
1342 1469 1397 1501 uni
1419 1475 1526 1502 autem
1554 1480 1590 1500 ex
1622 1467 1714 1499 dictis
1735 1467 1815 1499 duo-

1056 1522 1115 1554 bus
1136 1522 1315 1562 beneficiis,
1339 1527 1373 1554 ut.
1391 1523 1586 1566 praefertur,
1606 1520 1735 1559 erectis,
1759 1531 1817 1563 pro

1056 1575 1143 1608 illius
1164 1576 1311 1619 perpetui
1347 1575 1544 1614 beneficiati,
1566 1575 1620 1618 qui
1653 1575 1766 1606 onmia
1788 1585 1816 1613 ιη

1055 1629 1183 1672 singula
1209 1629 1239 1661 in
1273 1629 1365 1661 dictis
1393 1629 1507 1661 litteris
1541 1633 1693 1661 contenta
1715 1628 1817 1659 adim-

1055 1684 1144 1727 plere
1157 1684 1291 1716 deberet
1314 1689 1344 1715 et
1369 1688 1547 1722 teneretur,
1569 1682 1806 1714 sustentatione

1055 1737 1188 1779 triginta
1223 1737 1386 1769 cruciatos
1411 1736 1507 1769 etiam
1539 1736 1569 1768 in
1601 1735 1738 1778 pecunia
1761 1736 1822 1777 nu:

1057 1796 1191 1831 merata,
1218 1802 1255 1824 ac
1284 1790 1367 1823 duos
1394 1790 1491 1822 tritis-i
1519 1796 1547 1822 et
1580 1801 1680 1822 unum
1703 1789 1820 1829 hordei

1056 1845 1194 1885 modios,
1215 1855 1275 1877 nec
1296 1855 1360 1877 non
1382 1845 1516 1877 alteram
1550 1854 1586 1875 ex
1612 1843 1739 1875 duabus
1767 1854 1821 1875 re-

1057 1898 1266 1931 manentibus
1287 1898 1491 1931 oblationum
1513 1897 1660 1941 partibus
1692 1908 1821 1929 annua-

1058 1952 1113 1985 tim
1130 1952 1274 1985 valorem
1284 1962 1431 1984 annuum
1445 1951 1607 1994 sexaginta
1621 1950 1814 1982 ducatorum

1058 2005 1128 2038 auri
1141 2006 1179 2039 de
1192 2016 1320 2038 camera
1331 2006 1603 2044 excedenteffiaon
1618 2004 1822 2036 thesaurario

1059 2070 1133 2092 vero
1151 2059 1232 2091 alios
1252 2058 1382 2101 triginta
1400 2058 1561 2091 cruciatos
1578 2057 1699 2090 similes
1714 2057 1745 2089 in
1765 2068 1820 2100 pe-

1059 2112 1156 2145 cunia
1175 2118 1357 2151 numerata,
1377 2117 1407 2143 ct
1424 2122 1524 2143 uuum
1547 2111 1644 2143 tritici
1664 2111 1822 2155 modium,

1060 2171 1091 2199 et
1112 2166 1271 2208 reliquam
1294 2171 1442 2207 quartam
1468 2171 1590 2208 partem
1617 2164 1819 2197 oblationum

1062 2219 1302 2262 praedictarum
1326 2220 1468 2251 valorem
1489 2230 1634 2251 annuum
1663 2219 1823 2261 quiuqua—

1060 2274 1149 2316 ginta
1165 2273 1357 2306 ducatorum
1372 2273 1526 2305 similium
1537 2284 1600 2306 non
1614 2272 1818 2311 excedentes,

1062 2337 1099 2359 ae
1111 2337 1170 2369 pro
1183 2327 1304 2359 fabrica
1315 2332 1342 2359 et
1355 2327 1560 2369 reparatione
1572 2326 1716 2359 e‹‘·clesia³
1728 2331 1755 2358 et
1768 2338 1820 2369 pa-

1064 2385 1300 2420 ramentorum,
1319 2381 1527 2424 aliorumque
1546 2380 1818 2417 necessariorum,

1065 2433 1195 2475 triginta
1213 2434 1373 2466 cruciatos
1395 2434 1532 2474 similes·‚
1548 2433 1746 2477 capellaniae
1768 2439 1820 2465 aut

1065 2483 1259 2526 presbyteris
1274 2494 1332 2526 pro
1359 2483 1445 2515 illius
1461 2489 1620 2527 perpetuo
1637 2484 1819 2526 capellano,

1065 2532 1119 2569 Qui
1148 2532 1275 2564 missam
1297 2532 1456 2576 quotidie,
1477 2539 1610 2576 excepto
1637 2543 1702 2564 uno
1724 2532 1774 2563 die
1793 2533 1821 2562 iu

1065 2581 1206 2623 qualibet
1234 2581 1449 2622 hebdomada,
1478 2583 1662 2622 celebrare,
1695 2581 1823 2622 aliaque

1067 2629 1097 2661 in
1118 2630 1212 2662 dictis
1242 2630 1356 2662 litteris
1384 2642 1532 2674 expressa
1562 2631 1765 2673 adimplere,
1788 2641 1823 2661 ar

66 2689 387 2720 u¹¹ieu⁵¹iu⁴³ctn¹=cessor,
420 2680 475 2723 qui
512 2680 550 2711 ad
587 2679 751 2712 redituum
786 2679 1022 2711 beneficiorum
1068 2679 1251 2719 visitationi,
1270 2680 1466 2712 correctioni
1492 2685 1518 2711 et
1551 2678 1754 2711 obedientiae
1774 2690 1824 2710 «a

67 2716 174 2736 stitueret

347 2729 424 2758 Butl.
449 2728 529 2759 Rom.
550 2728 604 2758 Vol.
622 2728 670 2757 IX.
906 2728 939 2757 3¹

1827 292 1879 319 An.
1898 292 2010 319 (3.1.·.><5
