2226 3070
68 291 115 318 An.
132 290 161 318 C.
178 289 241 315 1591

85 348 114 369 Do
122 347 247 368 'intirmorum

68 378 123 396 extra
137 374 211 399 tiosptt.
221 373 248 392 ri-

66 402 163 422 sunnone
179 402 199 420 et
214 406 248 419 ru-

66 428 152 449 ratione.

105 1629 249 1652 Emotumcnto

67 1656 93 1677 ab
100 1657 130 1677 cis
136 1663 175 1678 non
185 1664 248 1683 quae<

67 1684 138 1703 rende.

103 2540 171 2560 Officii
185 2540 249 2561 divini

69 2569 199 2587 rei-uatium.

852 286 1028 311 GREGORIUS
1048 287 1101 310 xw
1120 287 1170 310 PP.

264 336 472 380 maximisque
485 335 721 369 difficultalibus
733 340 763 367 et
775 334 996 375 incommodis,

264 391 388 424 animae
409 390 605 434 praesertim,
641 400 694 422 eos
725 388 913 427 conflictari,
946 388 999 432 qui

264 450 351 477 extra
370 444 557 477 nosocomia
577 449 607 476 et
637 452 781 475 carceres
802 441 831 474 in
854 442 923 473 aliis
955 442 1000 473 lo-

263 497 306 530 cis
327 503 502 540 aegrotant,
534 507 570 529 ac
600 495 801 539 potissimum
840 500 950 527 tenues
971 500 1001 526 et

261 551 403 595 plebeios
417 551 563 584 homines
577 555 797 593 externosque,
813 549 866 592 qui
881 548 909 580 in
925 559 1000 581 con-

262 605 358 638 ducto
379 605 508 647 degunt.
533 604 635 643 Quare
655 604 801 636 volumus
819 602 999 645 (adiuvante

260 659 396 692 Domino
417 664 525 691 nostro
539 659 607 691 Iesu
622 656 757 699 Christo)
774 667 791 689 a
813 656 929 689 nostris
946 666 1000 688 cos

262 712 372 753 invisi,
396 718 426 745 et
447 712 494 751 iis,
524 711 629 755 quoad
651 710 720 743 lieri
749 710 878 754 poterit,
911 709 1000 741 adhi-

260 766 328 799 beri
349 765 612 805 consolationem,
636 764 887 797 exhortationem
900 763 999 796 etalia

262 819 456 860 huiusmodi,
474 819 558 852 iuxta
578 819 821 852 constitutiones
846 818 995 858 edendas,

260 873 448 917 priusquam
468 884 543 906 vero
562 873 605 905 illi
626 883 777 905 sensuum
798 883 890 905 usum
909 871 1000 904 amit-

263 932 338 967 tant,
353 927 563 967 adducantur,
578 937 636 970 pro
650 926 802 970 cuiusque
816 925 999 959 conditione

261 985 292 1013 et
315 986 449 1021 natura,
482 981 522 1013 ad
551 979 795 1024 protestationes
823 979 998 1012 secundum

262 1035 398 1067 sormam
412 1035 570 1068 Ecclesiae
582 1035 716 1068 Sanctae
726 1034 901 1073 faciendas3
912 1044 1000 1066 cum-

261 1100 323 1133 que
355 1089 552 1132 ingravescet
580 1089 723 1128 morbus,
759 1088 813 1121 diu
838 1093 999 1130 noctuque

261 1144 345 1187 apud
377 1153 430 1176 eos
463 1143 619 1176 excubent.
648 1142 761 1179 nostri,
794 1141 999 1183 animamque

261 1197 498 1236 commendent,
523 1207 559 1229 ac
569 1195 763 1228 salutaribus
780 1194 909 1227 monitis
931 1193 999 1237 opi-

261 1251 402 1283 tulentur
415 1277 422 1291 ,
461 1259 679 1292 magnumque
716 1253 854 1292 ponatur
892 1247 922 1280 in
962 1258 999 1280 eo

260 1304 400 1337 studium
421 1309 456 1336 ut
479 1302 713 1336 hortationibus
742 1301 802 1344 piis
826 1300 1001 1333 informen-

262 1363 322 1398 tur,
354 1367 394 1390 ne
414 1356 642 1390 tentationibus
667 1354 887 1393 succumbant,
911 1359 941 1386 et
969 1353 999 1385 in

262 1412 316 1444 illo
348 1410 557 1444 formidoloso
586 1409 668 1442 vitae
705 1408 788 1441 exitu
819 1408 1001 1440 conforten-

262 1470 323 1504 tur,
344 1471 410 1497 tum
432 1469 467 1497 ut
485 1464 567 1496 bene
587 1473 623 1496 ac
648 1462 817 1504 diligenter
836 1471 1000 1494 commen-

263 1520 355 1552 detur
375 1518 491 1551 anima.

309 1573 324 1615 ἓ
344 1572 396 1604 «111.
421 1572 556 1605 Caveant
576 1576 681 1603 autem
704 1569 840 1602 maxime
857 1579 896 1601 ne
917 1568 1002 1612 quis-

265 1637 360 1670 quam
373 1636 496 1664 eorum,
507 1625 561 1668 qui
570 1625 608 1658 ad
620 1624 766 1657 visendos
776 1634 833 1667 per
844 1623 1000 1656 eiusmodi

266 1681 335 1713 loca
347 1685 505 1721 aegrotos,
523 1684 553 1711 et
576 1678 615 1711 ad
636 1677 821 1711 charitatem
850 1676 887 1709 iis
910 1687 1002 1720 prae-

265 1733 410 1766 standam
432 1742 591 1776 opemque
610 1730 806 1764 offerendam
823 1730 997 1767 mittentur,

265 1788 305 1819 01)
318 1787 442 1820 labores
459 1796 532 1819 suos
552 1785 653 1818 ullum
668 1795 783 1817 munus
797 1789 849 1816 aut
864 1795 930 1816 rem
944 1795 1000 1827 pe-

265 1841 429 1873 cuniamve
441 1839 672 1883 accipiant,nec
682 1838 781 1871 ullam
794 1838 840 1870 vel
854 1837 1000 1880 exiguam

263 1894 377 1938 stipem
402 1899 498 1937 atque
529 1894 775 1937 eleemosynam,
808 1892 862 1925 sed
893 1892 1001 1925 onmia

263 1949 302 1981 ad
322 1948 422 1981 solam
443 1947 569 1981 Domini
587 1947 641 1980 Dei
654 1946 789 1989 gloriam
805 1945 1002 1978 animarum-

263 2014 325 2046 que
345 2003 479 2035 salutem
500 2001 579 2034 siant
603 2006 697 2044 atque
724 2000 997 2033 administrentur.

263 2055 459 2095 Quinimmo,
482 2060 517 2087 ut
536 2060 720 2087 nostrarum
732 2053 905 2086 utilitatum
921 2052 1002 2085 ratio

264 2109 369 2143 omnis
406 2108 690 2153 praetermittatur,
732 2118 791 2139 nec
833 2106 1001 2150 quisquam

264 2163 395 2208 proprio
416 2163 653 2195 aemolumento
666 2161 800 2201 studeat,
816 2160 1002 2204 neutiquam

265 2217 363 2250 nostri
387 2216 524 2259 aegrotis
544 2221 690 2248 auctores
709 2215 782 2253 sint,
806 2224 910 2257 neque
928 2224 1003 2247 con-

264 2271 370 2303 silium
390 2270 465 2303 dent
484 2275 538 2302 aut.
557 2269 725 2301 hortentur
744 2273 779 2300 ut.
798 2267 919 2310 aliquid
933 2278 1003 2300 ero-

264 2330 339 2365 gent
353 2324 571 2367 eleemosynae
583 2326 866 2355 auttestamentum
874 2320 999 2359 saciant,

265 2383 316 2410 aut
338 2377 440 2419 legata
462 2376 645 2419 relinquant
665 2374 697 2407 in
717 2385 784 2407 rem
806 2379 899 2417 atque
918 2374 1003 2407 utili-

267 2437 360 2464 tatem
382 2435 536 2463 nostram.

310 2484 399 2526 5112.
429 2484 562 2527 Propter
591 2483 706 2515 multas
737 2481 870 2514 instituti
901 2481 1002 2514 nostri

266 2538 501 2582 occupationes,
525 2537 578 2580 qui
599 2541 742 2569 nostrum
763 2534 866 2568 Sacris
877 2534 1004 2568 Ordini-

266 2594 325 2626 bus
346 2592 459 2625 initiati
481 2597 584 2632 erunt,
608 2591 750 2623 divinum
771 2590 911 2622 officium
925 2600 1004 2633 quo-

267 2647 342 2679 tidie
363 2646 552 2684 recitabunt,
576 2655 640 2677 non
661 2644 692 2676 in
722 2644 832 2684 choro,
857 2644 911 2676 sed
940 2644 1004 2687 pri-

266 2700 361 2733 vatim
383 2710 419 2732 ac
435 2698 596 2741 sigillatim
606 2709 613 2737 ·,
623 2697 738 2730 caeteri
752 2697 877 2730 tertiam
887 2697 1004 2730 Beatis—

351 2762 428 2790 Bull.
449 2763 529 2790 Rom.
553 2761 612 2789 Vol.
633 2761 677 2788 IX
921 2759 951 2787 61

1674 273 1732 306 481

1033 334 1131 367 simae
1151 333 1287 376 Virginis
1315 332 1439 366 Rosarii
1470 337 1593 375 partem
1624 332 1670 364 vel
1701 331 1768 364 eius

1034 388 1173 421 officium
1195 397 1337 431 parvum.

1078 440 1164 483 {⁴15}
1188 440 1420 479 Processiones,
1447 439 1541 472 etiam
1572 437 1767 471 solemnissi-

1035 506 1120 533 mas,
1151 500 1355 537 caeterasque
1388 492 1604 526 solemnitates
1640 482 1795 535 (quibusp

1034 548 1085 592 pie
1113 548 1164 580 alii
1186 548 1325 590 religiosi
1354 547 1487 580 Ordines
1513 546 1680 587 intersunt)
1711 545 1767 588 ipsi

1034 611 1097 634 non
1119 601 1263 641 obibunt,
1284 606 1317 633 ut
1344 600 1475 633 liberius
1504 599 1667 642 magisque
1692 598 1768 631 assi-

1034 656 1095 688 due
1116 655 1254 696 aegrotis
1274 665 1406 698 operam
1427 659 1559 693 navent,
1583 663 1647 696 quo
1668 652 1699 684 in
1712 651 1770 684 mi-

1034 708 1163 741 nisterio
1180 718 1401 752 perserverare
1417 707 1573 751 cupimus,
1585 705 1768 738 immediate

1033 762 1151 795 subditi
1183 772 1287 801 curae,
1322 760 1600 798 animadversioni,
1641 758 1769 803 speciali

1033 815 1223 860 protectioni
1245 826 1280 847 ac
1301 814 1477 847 defensioni
1508 813 1702 847 Sanctissimi
1733 813 1766 845 D.

1033 870 1067 903 N.
1092 870 1196 913 Papae
1217 874 1408 912 sanctaeque
1428 868 1517 901 Sedis
1537 867 1748 911 Apostolicae.

1078 924 1092 966 ἓ
1112 923 1164 955 14.
1187 923 1340 955 Utautem
1353 921 1499 965 spiritum
1511 920 1610 953 nostri
1624 925 1769 953 recreent

1033 988 1069 1010 ac
1097 982 1247 1020 pascant,
1275 975 1461 1019 possintque
1495 980 1614 1007 tantam
1645 973 1769 1006 divinae

1033 1030 1151 1073 gratiae
1170 1030 1350 1062 ubertatem
1370 1027 1503 1071 adipisci
1528 1032 1563 1059 ut
1589 1037 1723 1060 munera
1741 1032 1771 1059 et

1033 1084 1138 1117 officia
1148 1094 1205 1116 sua
1218 1093 1289 1116 cum
1298 1081 1451 1114 charitate
1460 1086 1667 1124 exequantur,
1682 1091 1771 1113 exer-

1034 1138 1151 1171 cebunt
1170 1148 1203 1170 se
1224 1137 1255 1168 in
1276 1136 1421 1170 oratione
1441 1134 1571 1168 mentali
1601 1140 1631 1167 et
1656 1134 1769 1173 vocali,

1034 1197 1100 1225 tum
1121 1191 1153 1224 in
1173 1190 1317 1224 examine
1338 1189 1562 1227 conscientiae,
1583 1199 1680 1232 seque
1705 1199 1773 1221 sae-

1034 1246 1163 1290 pissime
1184 1245 1329 1277 munient
1348 1244 1553 1278 Sacramento
1566 1243 1773 1275 consessionis

1034 1306 1062 1333 et
1084 1298 1377 1333 communicatione
1397 1297 1541 1341 corporis
1554 1297 1678 1336 Christi,
1694 1307 1773 1330 non-

1034 1354 1130 1387 nullis
1150 1353 1225 1386 item
1246 1351 1455 1391 abstinentiis,
1479 1361 1560 1394 quae
1574 1350 1682 1383 omnia
1698 1361 1773 1384 con-

1034 1406 1252 1440 stitutionibus
1271 1404 1486 1449 particulatim
1515 1410 1724 1448 exponentur.

1080 1463 1096 1503 ξ
1116 1460 1169 1494 15.
1190 1461 1234 1493 Ac
1260 1459 1412 1503 quoniam
1439 1458 1565 1498 nostris,
1588 1464 1623 1491 ut
1643 1457 1772 1490 alterius

1035 1515 1127 1548 saluti
1139 1514 1394 1553 consulant,cum
1402 1512 1687 1556 proximisassidue
1697 1522 1773 1545 con-

1037 1568 1226 1601 versandum
1234 1567 1443 1607 est‚volumus
1455 1565 1589 1599 novitios
1596 1566 1771 1598 secundum

1036 1623 1173 1655 sormam
1194 1621 1392 1654 edendarum
1414 1619 1677 1653 constitutionum
1710 1619 1772 1651 iam

1036 1676 1201 1715 adn‘iissos,
1225 1680 1352 1719 praeter
1372 1679 1552 1707 accuratam
1567 1673 1773 1706 examinatio-

1036 1741 1124 1767 nem,
1149 1740 1206 1773 per
1230 1728 1398 1761 biennium
1425 1733 1497 1761 ante
1522 1727 1651 1771 probari
1677 1738 1772 1771 quam

1035 1785 1074 1817 ad
1092 1783 1323 1828 professionem
1344 1781 1562 1821 admittantur,
1586 1781 1639 1825 qui
1653 1792 1670 1814 a
1683 1792 1775 1825 prae-

1036 1838 1135 1878 sectis,
1159 1837 1244 1870 iuxta
1266 1837 1397 1870 modum
1419 1836 1450 1868 in
1482 1836 1602 1869 eisdem
1621 1835 1774 1868 constitu-

1037 1892 1177 1925 tionibus
1205 1891 1429 1929 statuendum,
1457 1889 1564 1923 idonei
1606 1888 1773 1922 existimati

1036 1946 1164 1986 suerint,
1188 1950 1296 1978 exacto
1316 1944 1458 1985 biennio,
1478 1942 1726 1987 profitebuntur.

1080 2001 1094 2044 g
1113 1999 1163 2033 16.
1192 1999 1291 2033 Vestis
1311 1999 1371 2032 erit
1397 2009 1574 2042 pauperum
1596 2003 1690 2041 atque
1715 1997 1774 2030 ho-

1036 2060 1199 2087 nestorum
1217 2053 1419 2086 sacerdotum
1439 2051 1520 2094 nigri
1533 2051 1660 2091 coloris,
1677 2051 1773 2094 pallio

1036 2113 1142 2141 autem
1164 2118 1200 2140 ac
1218 2107 1342 2139 tunicae
1363 2106 1536 2145 dumtaxat,
1570 2105 1624 2148 qui
1653 2105 1774 2148 profes-

1037 2161 1159 2195 sionem
1191 2160 1332 2200 fecerint,
1360 2165 1504 2192 assuetur
1542 2159 1582 2191 ad
1612 2159 1773 2191 dexteram

1037 2226 1112 2248 crux
1138 2214 1278 2255 oblonga
1308 2213 1347 2245 ad
1378 2212 1476 2256 palmi
1509 2222 1703 2253 mensuram,
1738 2223 1774 2245 ex

1037 2278 1143 2311 panno
1164 2266 1302 2300 castanei
1322 2265 1450 2307 coloris,
1474 2265 1528 2310 qui
1548 2266 1642 2308 vulgo
1664 2271 1774 2299 taneus

1038 2320 1163 2354 dicitur,

1082 2376 1096 2418 ξ
1122 2374 1168 2406 17.
1193 2373 1297 2407 Nostri
1319 2373 1453 2406 instituti
1473 2373 1555 2407 ratio
1575 2374 1716 2418 postulat
1741 2378 1775 2406 ut

1038 2430 1131 2471 longe
1153 2427 1256 2460 maior
1276 2438 1343 2460 esse
1364 2427 1478 2460 debeat
1496 2427 1651 2460 laicorum
1677 2438 1773 2471 quam

1037 2482 1238 2515 sacerdotum
1264 2492 1428 2514 numerus.
1456 2481 1579 2514 Idcirco
1607 2481 1774 2514 statuimus

1038 2547 1092 2569 eos
1112 2541 1234 2569 tantum
1249 2545 1316 2567 esse
1329 2535 1427 2567 sacris
1438 2535 1604 2567 ordinibus
1616 2535 1775 2568 destinan-

1038 2590 1094 2622 dos
1120 2599 1200 2632 quos
1218 2589 1394 2632 praefectus
1414 2588 1571 2631 generalis
1598 2594 1692 2631 atque
1712 2599 1775 2620 una

1038 2644 1246 2683 consultores,
1278 2643 1325 2676 vel
1351 2643 1389 2676 de
1420 2654 1531 2676 eorum
1568 2642 1694 2675 licentia
1722 2642 1774 2674 alii

1037 2698 1236 2742 superiores,
1277 2707 1341 2730 non
1377 2702 1467 2741 aptos
1498 2697 1594 2730 modo
1623 2697 1661 2729 ad
1691 2696 1775 2741 ipsos

1790 2407 1798 2420 Ε

1784 282 1832 309 An.
1850 282 1878 309 C.
1897 282 1960 310 1591

1811 450 1945 475 Excmptiune
1954 456 1966 470 u

1799 477 1959 497 recessionibus.

1829 930 1934 950 Orationis
1949 932 1969 950 et.

1785 957 1826 976 Sar
1831 959 1968 977 ramentorum

1786 984 1902 1009 frequentia
1908 999 1912 1003 .

1817 1464 1904 1485 Novitiis
1919 1464 1971 1484 reci-

1787 1491 1877 1517 picndis.

1835 1998 1973 2019 sacerdotum

1790 2026 1868 2046 habitu.

1828 2374 1937 2394 Laii-orum
1954 2376 1972 2394 et

1801 2401 1921 2421 acer-lutum
1937 2407 1973 2420 nu-

1789 2434 1852 2449 ΙΠΕΙὊ.
