2226 3070
254 308 302 335 An.
324 308 350 335 C.
370 309 432 336 1591

280 900 317 919 llic
327 900 373 919 ide-i
383 900 434 919 l'nn·

252 927 300 948 tifex
329 927 434 953 impugna-

252 956 318 973 ltu-ries

253 980 368 999 ndmnrbus

252 1009 374 1027 enuncians,

366 956 432 973 feurit

484 299 548 334 438
1036 309 1218 334 numanum
1233 309 1387 335 ROMANUM

450 358 532 399 sire·‚
553 358 700 392 similiter
719 370 777 393 nec
794 359 902 397 laicos,
926 364 959 391 ut
979 359 1019 391 ad
1039 358 1187 391 sacerdo-

451 411 541 452 tium,
562 423 620 445 nec
637 413 716 445 alios
733 424 795 446 non
814 413 984 456 professos,
998 417 1033 444 ut
1052 412 1090 444 ad
1111 422 1186 455 pro-

450 465 618 498 fessionem
660 471 711 498 aut
751 466 790 498 ad
825 465 941 507 gradus
977 463 1186 497 mutationem

449 518 589 562 aspirare
625 519 763 562 possint;
803 518 984 550 facultatem
1020 523 1187 561 praeterea

449 582 513 611 eos,
545 572 597 615 qui
625 571 759 615 professi
796 582 859 603 non
889 578 974 609 sunt,
1005 570 1185 604 dimittendi

449 635 512 659 non
533 625 672 669 probari.
696 624 816 663 Quibus
845 630 873 658 et
906 625 1088 658 huiusmodi
1118 625 1187 658 aliis

449 679 537 711 novis
566 678 822 721 impugnantium
850 678 995 715 inventis,
1027 679 1051 712 si
1083 680 1187 713 aditus

448 738 580 775 pateret,
605 732 749 765 universa
768 733 932 766 Societatis
956 739 1113 766 structura
1141 734 1187 765 la-

448 785 662 818 befactaretur
682 792 775 830 atque
794 787 1036 820 convelleretur.

494 838 557 879 gli.
590 839 651 872 Nos
678 839 785 880 igitur,
809 840 994 874 huiusmodi
1017 841 1187 884 impugna-

450 891 589 925 tionibus
610 893 779 936 diligenter
806 894 1025 933 consideratis,
1053 900 1080 927 et
1114 905 1187 938 per-

424 986 433 998 .-
450 956 548 989 penso
577 947 660 980 cirea
677 948 819 992 reliqua,
841 960 922 992 quae
948 948 978 981 in
1007 954 1190 982 controver-

449 999 528 1032 siam
547 1006 575 1033 et
594 1011 725 1034 examen
747 1002 883 1035 deducta
898 1003 1033 1039 fuerant,
1050 1003 1189 1036 nonnul-

450 1054 554 1087 lorum
584 1055 814 1088 venerabilium
844 1056 978 1089 fratrum
1006 1062 1188 1089 nostrorum

450 1106 479 1139 S.
495 1107 530 1140 R.
547 1108 579 1140 E.
598 1108 808 1142 cardinalium
828 1108 957 1147 iudicio,
979 1109 1083 1152 quiex
1099 1120 1189 1142 man-

450 1160 523 1193 dato
541 1160 684 1194 eiusdem
704 1162 780 1195 §ixii
801 1163 1054 1206 praedecessoris
1072 1163 1124 1195 illa
1140 1174 1190 1195 ac-

450 1220 558 1247 curate
595 1215 808 1250 discusscrant
846 1222 872 1249 et
910 1217 1185 1254 examinaverant3

450 1267 543 1301 simul
562 1269 656 1301 etiam
690 1271 938 1313 perpendentes,
960 1271 1099 1314 primum
1118 1271 1188 1314 qui-

451 1322 538 1355 dem:
557 1323 641 1366 quod
656 1324 768 1356 modus
787 1324 850 1362 ille,
871 1335 920 1357 res
937 1330 965 1357 et
984 1324 1117 1366 negocia
1134 1335 1190 1368 per

451 1375 588 1419 capitula
615 1377 804 1415 definiendi,
837 1378 995 1421 optimum
1026 1378 1190 1411 Societatis

451 1429 597 1462 ordinem
616 1441 651 1462 ac
669 1431 849 1464 universam
868 1432 1069 1472 gubernandi
1092 1432 1190 1464 ratio-

452 1493 523 1516 nem
542 1494 672 1526 prorsus
689 1491 853 1517 everteret.
876 1486 963 1518 Illam
985 1485 1069 1518 enini
1099 1487 1190 1528 lgna-

452 1537 512 1569 tius
531 1538 680 1572 fundator
707 1539 872 1584 (quanuis
893 1540 1094 1584 superiorum
1114 1551 1190 1573 con-

451 1591 555 1624 silium
573 1593 842 1636 prudentiamque
855 1604 890 1626 ac
909 1604 1015 1626 rerum
1028 1594 1192 1638 experien-

452 1644 526 1677 tiam
555 1646 705 1679 adiuvare
734 1652 761 1679 et
794 1658 985 1690 promovere
1019 1648 1187 1684 curaverit,

451 1697 601 1731 adhibitis
618 1699 734 1732 scilicet
755 1706 818 1733 tani
839 1701 979 1742 generali
994 1702 1187 1744 praeposito,

452 1763 547 1795 quam
567 1752 699 1795 singulis
712 1753 781 1786 aliis
798 1754 1017 1797 superioribus
1037 1756 1190 1798 tuin'pro-

452 1805 640 1839 vincialibus
658 1813 723 1840 tum
743 1807 898 1840 localibus
911 1808 986 1845 suis,
1003 1819 1038 1840 ex
1057 1809 1190 1841 selecto-

453 1859 554 1896 ribus,
579 1860 768 1893 consiliariis
788 1866 883 1905 atque
901 1862 1188 1904 admo1iitoribus);

452 1913 689 1946 monarchicam
713 1920 830 1954 tamen⁷
851 1921 879 1948 et
902 1915 932 1947 in
954 1902 1210 1949 delinitionibus⁴

453 1966 546 2000 unius
563 1967 736 2010 superioris
759 1968 891 2001 arbitrio
914 1974 1097 2002 contentam
1126 1981 1192 2003 esse

454 2021 602 2054 dec-revit:
625 2021 754 2062 deinde,
770 2022 856 2065 quod
874 2022 955 2055 ratio
967 2023 1192 2066 capitularium

454 2075 644 2107 electionum
666 2075 804 2108 maxima
822 2076 880 2119 ipsi
898 2076 1046 2109 Societati
1067 2077 1192 2110 afferret

454 2128 668 2162 incommoda.
691 2130 723 2162 ln
741 2140 803 2173 qua
820 2129 891 2162 licet
911 2130 1080 2163 electiones
1098 2142 1194 2174 quae·
1210 2120 1211 2126 ἵ

456 2183 528 2215 dam
546 2183 727 2226 primariae,
749 2183 927 2216 cuiusmodi
945 2190 1015 2216 sunt
1035 2185 1194 2224 generalis

456 2236 626 2279 praepositi
650 2248 684 2269 ac
704 2237 787 2269 illitis
804 2237 1018 2270 assistentium
1037 2243 1067 2271 et
1083 2238 1194 2271 admo-

458 2289 578 2328 nitoris,
596 2290 626 2322 in
645 2291 846 2329 generalibus
873 2291 1191 2333 congregationibus3

459 2343 489 2375 in
507 2343 754 2386 provincialibus
774 2355 846 2377 vero
863 2351 925 2377 tani
944 2355 1055 2377 eorum
1075 2345 1128 2389 qui
1143 2357 1195 2388 ge-

458 2397 598 2429 neralem
628 2397 843 2440 praepositum
865 2398 992 2440 eligere,
1024 2399 1070 2431 vel
1099 2410 1195 2441 gene-

459 2449 515 2482 rali
534 2450 592 2493 ipsi
610 2451 848 2491 congregationi
868 2463 939 2484 cum
968 2452 1036 2485 iure
1053 2452 1194 2495 sutl'ragii

459 2503 621 2542 interesse,
639 2515 733 2546 quam
749 2511 995 2546 procuratorum
1017 2506 1123 2545 etiam,
1141 2506 1194 2549 qui

459 2570 475 2590 c
495 2557 627 2598 singulis
647 2557 818 2600 provinciis
846 2559 986 2601 quolibet
1008 2559 1142 2592 triennio
1165 2560 1194 2592 in
1212 2578 1214 2604 ᾗ

461 2611 576 2644 Urbem
591 2611 630 2643 ad
649 2616 895 2654 procuratorum
914 2613 1194 2654 congregationem

462 2664 639 2701 mittuntur,
673 2670 700 2695 et
734 2664 889 2696 eiusmodi
922 2666 1078 2708 quaedam
1116 2666 1196 2699 aliae

462 2717 631 2751 electiones
648 2729 705 2762 per
722 2723 842 2751 secreta
854 2718 1006 2751 scrutinia
1018 2724 1048 2752 et
1060 2719 1196 2752 decisiva

1975 308 2024 337 An.
2045 308 2073 336 C.
2092 308 2155 336 1591

1220 357 1369 400 suffragia
1400 358 1492 391 fiant:
1524 358 1556 391 in
1590 357 1722 402 reliquis
1753 358 1961 391 nihilominus

1220 411 1342 455 proprii
1357 412 1510 455 cuiusque
1527 412 1644 454 gradus
1662 411 1827 451 iudicium,
1848 417 1879 445 et
1891 412 1960 445 offi-

1221 464 1343 498 ciorum
1363 465 1513 498 diseretio
1531 476 1567 498 ac
1584 465 1764 499 distributio
1779 465 1876 508 (iuxta
1887 475 1962 498 con-

1220 517 1402 551 stitutiones
1423 519 1568 557 casdem,
1594 524 1623 551 et
1651 518 1829 562 apostolica
1856 518 1960 562 diplo-

1221 577 1305 604 mata
1323 571 1421 616 ipsius
1439 572 1573 605 instituti
1595 572 1846 612 confirmatoria,
1866 582 1959 616 prae-

1221 625 1381 658 dictorum
1400 625 1535 659 Paulilll
1554 637 1590 658 ac
1602 625 1672 659 Iulii
1691 625 1786 658 etiam
1804 625 1853 665 ΙΙΙ,
1867 636 1959 669 prae-

1221 679 1424 712 decessorum
1438 680 1646 722 nostrorum),
1667 684 1732 712 tota
1750 684 1796 712 est
1815 679 1846 711 in
1865 679 1962 723 ipsius

1221 733 1394 776 praepositi
1425 733 1583 775 generalis
1603 744 1712 766 manu.
1736 732 1837 772 Quam
1869 743 1961 776 prae-

1222 785 1315 829 positi
1333 786 1491 828 generalis
1509 798 1544 819 ac
1564 786 1762 830 reliquorum
1782 785 1826 818 illi
1846 786 1961 819 subor-

1223 839 1405 872 dinatorum
1424 839 1627 883 superiorum
1640 839 1863 873 auctoritatem
1880 850 1962 873 non-

1223 892 1300 925 nulli
1333 893 1573 937 impugnatores
1611 893 1718 926 multis
1751 893 1855 926 modis
1886 903 1962 927 con-

1224 947 1349 979 trahere
1376 952 1406 979 et
1436 957 1588 979 enervare
1619 952 1789 980 tentarunt.
1822 946 1965 991 Denique

1223 1001 1309 1043 quod
1332 1000 1362 1032 in
1381 999 1524 1044 ipsorum
1543 1000 1793 1040 dimissionibus,
1809 1000 1862 1044 qui
1880 1000 1965 1033 iuxta

1224 1054 1395 1087 formulam
1417 1059 1564 1087 votorum
1582 1053 1776 1097 simplicium
1798 1053 1830 1086 in
1850 1053 1965 1087 consti-

1224 1107 1399 1140 tutionibus
1420 1118 1600 1151 expressam
1632 1112 1797 1147 voverunt,
1822 1118 1965 1151 quosque

1224 1161 1254 1193 in
1287 1161 1444 1194 Societate
1473 1161 1611 1194 retinere
1640 1171 1705 1194 non
1731 1160 1873 1204 expedit,
1907 1171 1966 1194 nec

1223 1220 1404 1248 contractus
1421 1214 1531 1248 vitiose
1553 1215 1719 1255 claudicet,
1743 1225 1801 1248 nec
1822 1214 1888 1247 ulla
1905 1214 1967 1248 alia

1224 1268 1412 1301 interveniat
1432 1267 1596 1301 iniustitia.
1617 1268 1861 1301 Considerantes
1878 1268 1965 1302 insu-

1224 1332 1280 1365 per
1297 1323 1382 1365 quod
1405 1322 1434 1354 in
1457 1322 1614 1364 regularis
1632 1321 1818 1365 disciplinae
1838 1333 1875 1355 ac
1903 1323 1966 1366 spi-

1225 1375 1347 1408 ritualis
1376 1375 1579 1419 perfeetionis
1600 1386 1663 1408 non
1693 1375 1841 1417 exiguum
1871 1375 1966 1409 detri-

1226 1435 1367 1461 mentum
1384 1429 1542 1472 totiusque
1554 1428 1680 1461 Ordinis
1691 1429 1964 1472 perturbationem

1226 1483 1397 1515 maximam
1429 1488 1522 1526 atque
1552 1482 1727 1526 perniciem
1756 1488 1917 1525 vergeret,
1941 1483 1967 1517 si

1226 1548 1272 1573 ea,
1288 1547 1368 1579 quae
1382 1547 1398 1568 a
1411 1536 1632 1569 fundatoribus
1646 1541 1752 1569 sancte
1765 1541 1880 1570 statuta
1895 1542 1967 1571 sunt

1226 1596 1319 1634 atque
1340 1590 1379 1622 ab
1400 1589 1548 1622 universo
1569 1589 1637 1633 ipso
1652 1589 1769 1623 Ordine
1789 1590 1914 1634 saepius
1934 1591 1966 1624 in

1226 1644 1309 1676 illius
1344 1643 1546 1686 generalibus
1577 1643 1878 1686 congregationibus
1910 1655 1963 1678 re-

1226 1703 1316 1741 cepta
1336 1703 1364 1730 et
1386 1697 1560 1741 approbata
1583 1702 1626 1733 et,
1651 1697 1737 1741 quod
1758 1697 1965 1742 praecipuum

1226 1756 1281 1787 est,
1306 1751 1345 1783 ab
1374 1751 1432 1783 hac
1452 1750 1566 1783 Sancta
1586 1751 1667 1783 Sede
1687 1751 1807 1784 sancita
1833 1756 1864 1784 et.
1892 1762 1968 1785 con-

1226 1805 1351 1836 firmata
1372 1809 1454 1841 sunt,
1484 1815 1548 1836 non
1578 1804 1681 1837 solum
1715 1804 1888 1846 immutari,
1911 1806 1966 1839 sed

1226 1868 1429 1901 quocumque
1444 1863 1606 1901 praetextu
1628 1858 1809 1902 impugnari
1827 1869 1863 1891 ac
1879 1859 1967 1892 labe-

1227 1911 1334 1945 factari
1356 1911 1529 1953 contingat.
1558 1911 1650 1944 Omni
1667 1911 1765 1945 'nobis
1785 1912 1890 1946 studio
1911 1924 1967 1946 cu-

1226 1966 1362 1999 randum
1381 1976 1448 1998 esse
1469 1965 1617 1998 duximus
1638 1965 1795 1999 eiusmodi
1818 1966 1967 2000 novitati-

1226 2021 1285 2053 bus
1314 2031 1350 2053 ac
1379 2019 1556 2052 temerariis
1586 2019 1843 2063 impugnantium
1875 2032 1967 2064 prae,-

1227 2074 1463 2117 sun'iptiouibus
1492 2084 1621 2106 omnem
1663 2073 1784 2106 aditum
1821 2075 1968 2118 praeclu-

1228 2128 1314 2167 dere,
1330 2139 1366 2161 ae
1379 2127 1544 2161 Societatis
1558 2127 1757 2160 indemnitati
1770 2128 1965 2172 prospicere,

1228 2186 1259 2214 ut
1291 2182 1349 2214 hac
1378 2181 1501 2214 ratione
1531 2181 1671 2214 Societas
1702 2181 1780 2225 ipsa,
1804 2186 1912 2215 nostro
1939 2187 1969 2215 et

1228 2235 1428 2279 Apostolicae
1442 2235 1530 2268 Sedis
1548 2235 1707 2279 praesidio
1726 2235 1859 2275 munita,
1874 2242 1969 2280 atque

1230 2291 1259 2323 in
1278 2290 1325 2323 sui
1346 2290 1477 2323 instituti
1498 2290 1636 2334 puritate
1654 2295 1682 2322 et
1701 2290 1856 2332 regularis
1874 2290 1968 2323 disci-

1229 2344 1334 2387 plinae
1355 2343 1546 2385 integritate,
1564 2343 1669 2387 quiete
1691 2355 1726 2375 ac
1747 2354 1825 2386 pace
1842 2353 1970 2376 conser-

1228 2402 1308 2434 vata,
1340 2396 1506 2429 uberiores
1533 2396 1563 2428 in
1586 2396 1652 2429 dies
1681 2397 1799 2429 fructus
1828 2396 1860 2428 in
1892 2407 1968 2439 agro

1228 2451 1353 2485 Domini
1385 2457 1505 2495 pergat,
1530 2452 1598 2495 ipso
1627 2451 1762 2485 Domino
1787 2451 1966 2489 adiuvante,

1229 2505 1376 2538 alacriter
1389 2510 1417 2537 et
1432 2505 1551 2548 absque
1571 2505 1801 2548 impedimento
1813 2504 1964 2548 proferre.

1275 2559 1341 2601 ξῖ).
1375 2560 1459 2592 Motu
1481 2559 1575 2601 igitur
1603 2559 1733 2603 proprio
1766 2565 1792 2591 et
1820 2569 1854 2591 ex
1884 2563 1969 2591 certa
1984 2568 2120 2615 miullfliffgp
2130 2574 2167 2614 ἐς

1212 2613 1361 2649 {scientia
1393 2618 1511 2653 nostra,
1536 2614 1639 2656 deque
1664 2612 1857 2656 apostolicae
1877 2617 1968 2656 pote·
1984 2621 2068 2641 eit—tatis
2083 2621 2167 2650 ηι-ἰιῑιε-

1229 2666 1316 2699 statis
1336 2666 1545 2710 plenitudine,
1566 2666 1726 2699 laudabile
1747 2665 1844 2709 ipsius
1861 2653 2109 2700 Socie-{:2,1‚ssiff¹¹¹¹³
2131 2653 2167 2673 ’ψ’

1212 2720 1300 2762 ,tatis
1321 2720 1498 2752 institutum
1523 2719 1828 2762 constitutionesque
1857 2729 1968 2753 omnes
