2226 3070
261 295 312 322 An.
331 295 357 322 c.
377 295 441 322 1591
489 285 554 318 44⁶2

457 344 526 377 aliis
546 342 707 387 quibusvis
727 341 1005 376 constitutioniluis
1023 346 1050 373 et
1065 340 1194 373 ordina-

457 397 597 430 tionibus
617 396 798 440 apostolicis
811 401 861 428 aut
877 394 1022 430 decretis,
1037 405 1094 437 per
1107 405 1194 426 eum-

458 451 529 483 dem
559 451 605 483 vel
635 450 793 493 quoslibet
822 448 900 480 alios
932 448 1212 491 praedecessores

456 509 596 539 nostros,
621 503 715 535 etiam
748 502 835 533 vivae
865 501 949 534 vocis
981 501 1111 533 oraculo
1141 499 1212 534 11111ι

457 557 533 589 alias
553 555 793 599 quomodolibet
815 554 917 593 editis,
943 565 978 587 ac
1000 554 1095 586 etiam
1117 554 1194 586 alio-

456 621 527 642 rum
548 610 713 647 Ordinum,
738 609 927 647 iuramento,
950 609 1193 641 confirmatione

455 663 627 707 apostolica
647 663 694 695 vel
716 662 825 705 quavis
846 662 995 695 firmitate
1013 662 1073 694 alia
1091 662 1190 694 robo-
1210 700 1212 710 k

455 716 544 757 ratis,
568 716 689 748 statutis
710 721 738 748 et
760 715 1066 751 consuetudinibus:
1098 715 1193 758 privi-

454 770 542 811 legiis
563 780 701 813 quoque,
727 769 855 802 indultis
875 775 903 801 et
932 769 1043 802 litteris
1064 775 1192 812 aposto-

454 824 533 862 licis,
558 824 814 867 quilutscumque
850 824 1033 856 huiusmodi
1070 824 1194 856 Ordini-

454 878 528 913 bus,
557 877 835 915 universitatilms,
859 878 936 910 locis
968 883 1019 909 aut
1050 877 1194 920 personis

453 941 510 974 per
523 941 742 974 quoscumque
751 932 913 964 Romanos
922 930 1092 963 Pontifices
1104 941 1194 974 prae-

453 984 635 1017 decessores
655 990 780 1017 nostros
800 995 835 1016 ac
850 995 907 1017 uos
928 990 955 1016 et
975 984 1088 1017 Sedent
1102 995 1194 1027 prae-

454 1038 582 1074 dictam,
607 1038 700 1071 etiam
733 1044 820 1071 motu
850 1038 980 1082 proprio
1002 1044 1032 1070 etv
1051 1050 1087 1070 ex
1108 1044 1192 1070 certa

452 1092 584 1125 scientia
604 1103 640 1124 ac
661 1093 699 1125 de
725 1092 918 1135 apostolicae
943 1092 1107 1135 potestatis
1127 1092 1193 1135 ple-

452 1146 620 1183 nitudine,
643 1152 670 1178 et
703 1157 775 1179 cum
805 1146 968 1189 quibusvis
1000 1146 1188 1182 irritatoriis,

452 1200 669 1238 annullativis,
694 1200 873 1237 cassativis,
897 1200 1097 1237 revocativis,
1122 1211 1191 1232 mo-

452 1253 629 1291 dificativis,
655 1254 769 1286 mentis
796 1253 979 1286 attestativis
1000 1264 1036 1286 ac
1057 1254 1191 1295 deroga-

453 1308 607 1340 toriarum
629 1307 839 1350 derogatoriis
869 1307 1002 1350 aliisque
1033 1307 1191 1340 efficacio-

452 1362 539 1395 ribus
557 1368 583 1395 et
608 1362 740 1395 insolitis
754 1362 914 1400 clausulis,
931 1362 1192 1404 irritantilmsque

452 1421 481 1448 et
502 1416 570 1448 aliis
592 1416 737 1453 decretis,
760 1416 790 1447 in
812 1426 928 1455 genere
947 1416 993 1447 vel
1012 1416 1043 1447 in
1064 1415 1188 1459 specie,

453 1480 488 1502 ac
520 1470 597 1502 alias
628 1469 892 1513 (pion‘iodolibet,
923 1469 1019 1502 etiam
1048 1469 1188 1512 pluries,

451 1524 629 1561 concessis,
654 1523 851 1556 confirmatis
873 1529 901 1555 et
929 1523 1093 1555 innovatis.
1116 1523 1190 1561 Qui-

450 1576 509 1609 bus
530 1577 679 1609 omnibus
704 1583 732 1609 et
762 1576 909 1618 singulis,
934 1577 1028 1608 etiam
1049 1576 1073 1608 si
1096 1576 1126 1608 in
1148 1576 1191 1608 eis

451 1637 599 1663 caveatur
626 1642 771 1674 expresse
803 1631 888 1673 quod
920 1630 980 1663 illis
1009 1631 1190 1663 nullatenus

451 1689 505 1716 aut
524 1684 651 1717 nonnisi
672 1685 730 1716 sub
754 1684 847 1716 certis
869 1684 964 1716 modo
986 1690 1015 1715 et
1036 1684 1138 1716 fornia
1159 1683 1189 1715 in

450 1738 511 1771 illis
529 1738 682 1781 expressis
696 1737 842 1779 derogari
861 1737 969 1780 possit,
982 1748 1040 1780 pro
1061 1737 1188 1770 illorum

450 1792 618 1824 sufficienti
641 1791 859 1833 derogatione,
875 1791 913 1823 de
932 1791 991 1823 illis
1012 1801 1189 1834 eorumque

450 1846 522 1878 totis
561 1846 724 1878 tenoribus
767 1845 927 1888 specialis,
973 1844 1120 1888 specifica
1160 1850 1188 1877 et

450 1910 596 1944 expressa
614 1899 733 1932 mentio
753 1899 912 1938 habenda,
937 1909 991 1931 seu
1010 1898 1114 1941 aliqua
1129 1898 1189 1930 alia

450 1954 603 1997 exquisita
624 1955 725 1986 forma
746 1954 785 1986 ad
816 1953 875 1986 hoc
905 1953 1059 1985 servanda
1085 1953 1185 1989 soret,

449 2013 576 2041 tenores
597 2007 779 2039 huiusmodi
801 2006 1020 2049 praesentibus
1048 2016 1104 2049 pro
1126 2006 1189 2038 sus—

450 2061 570 2094 cienter
607 2060 761 2104 expressis
799 2060 967 2099 habentes,
1010 2059 1070 2091 illis
1113 2059 1189 2092 alias

450 2114 481 2147 in
521 2125 577 2147 suo
616 2115 732 2147 robore
759 2113 995 2157 permansuris,
1025 2113 1085 2145 hac
1123 2113 1189 2146 vice

451 2169 624 2209 dumtaxat,
661 2168 841 2212 specialiter
880 2174 909 2200 et
949 2178 1094 2211 expresse
1135 2167 1189 2199 de-

452 2233 621 2265 rogamus,
646 2222 813 2255 contrariis
837 2222 1104 2265 quibuscumque.
1129 2222 1187 2254 Aut

450 2275 475 2308 si
497 2276 656 2319 aliquibus
683 2275 896 2308 communiter
916 2275 962 2307 vel
996 2275 1119 2307 divisim
1149 2275 1188 2307 ab

450 2330 561 2362 eadem
582 2330 661 2362 Sede
682 2330 721 2362 sit
741 2330 899 2363 indultum
921 2330 1006 2373 quod
1027 2329 1184 2369 interdici,

449 2383 610 2427 suspendi,
629 2384 675 2415 vel
690 2383 959 2416 excommunicari
982 2394 1046 2416 non
1068 2383 1186 2427 possint

448 2447 506 2480 per
525 2437 643 2469 litteras
664 2437 852 2480 apostolicas
873 2447 937 2469 non
956 2437 1106 2469 facientes
1119 2437 1186 2480 ple-

449 2501 522 2522 nam
536 2495 565 2522 et
579 2500 758 2533 expressam
772 2501 807 2522 ac
821 2491 859 2522 de
880 2491 976 2522 verbo
998 2491 1036 2523 ad
1054 2490 1186 2523 verbum

449 2544 488 2576 de
508 2543 632 2576 indulto
653 2543 838 2576 huiusmodi
861 2544 1068 2576 mentionem.

493 2598 508 2641 ξ
528 2596 580 2630 28.
595 2597 771 2629 Praesentis
787 2602 892 2629 autem
905 2597 1139 2630 constitutionis
1158 2602 1187 2629 et

272 2650 433 2671 ¹³f³2⁵⁰¹¹⁵⁰⁰¹¹·
450 2651 569 2685 oratiae
595 2651 918 2684 communicationem
946 2652 1095 2684 omnibus
1117 2651 1186 2684 aliis

251 2678 318 2698 cessio
333 2678 379 2698 aliis
394 2684 434 2698 non
449 2677 466 2694 D

251 2705 430 2726 ⁶⁰¹¹¹¹¹³¹¹¹¹i⁰³¹¹d³·
450 2705 504 2749 qui
523 2715 580 2738 sua
600 2704 765 2748 privilegia
785 2715 857 2737 cum
878 2704 946 2747 ipsa
965 2704 1119 2738 Societate
1131 2715 1184 2737 co-

1038 293 1219 317 BULLARIUM
1239 292 1391 316 ROMANUM

1229 340 1317 383 piose
1337 339 1529 383 participant
1548 339 1803 382 participareque
1818 345 1967 382 poterunt

1211 393 1471 436 ‚quomodolibet
1501 393 1533 425 in
1564 393 1716 429 futurum,
1738 392 1806 424 fieri
1836 393 1966 425 omnino

1228 446 1447 489 prohibemus.

1273 502 1289 542 ξ
1307 500 1359 533 29.
1375 501 1520 533 Ceterum
1540 500 1687 532 volumus
1702 505 1735 532 ut
1750 499 1966 543 praesentium

1228 554 1454 597 transumptis,
1479 554 1573 586 etiam
1596 553 1776 597 impressis,
1801 564 1897 585 manu
1917 563 1966 586 se-

1210 602 1353 640 *cretarii
1384 608 1486 640 dictae
1515 607 1682 641 Societatis
1703 607 1749 639 vel
1775 606 1890 639 notarii
1911 617 1968 650 pu-

1228 660 1300 693 blici
1322 661 1523 705 subscriptis,
1548 667 1576 693 ct
1598 660 1702 702 sigillo
1722 659 1895 703 praepositi
1913 670 1967 701 ge-

1228 715 1345 747 neralis
1383 715 1526 748 eiusdem
1563 714 1727 747 Societatis
1758 715 1805 746 vel
1840 714 1969 746 alterius

1228 780 1382 813 personae
1396 769 1427 801 111
1442 769 1595 811 dignitate
1617 768 1829 801 ecclesiastica
1850 767 1967 800 consti-

1230 828 1314 855 tutae
1344 823 1494 859 munitis,
1518 823 1630 855 eadem
1652 822 1784 855 omnino
1814 822 1894 854 fides
1914 821 1969 854 ha-

1228 877 1340 909 beatur
1360 876 1391 908 in
1413 876 1529 909 iudicio
1551 881 1578 908 et
1599 881 1685 909 extra
1706 876 1795 915 illud,
1820 885 1901 918 quae
1919 874 1969 907 lit-

1230 930 1302 962 teris
1316 930 1390 973 ipsis
1404 930 1613 971 originalibus
1627 930 1809 968 haberetur,
1826 928 1851 963 si
1864 933 1968 961 essent

1228 984 1385 1016 exhibitae
1406 984 1453 1016 vel
1475 989 1629 1016 ostensae.
1653 982 1737 1015 Nulli
1758 992 1844 1024 erge,
1869 988 1927 1015 etc.

1271 1039 1384 1070 Datum
1410 1038 1530 1071 Romae
1555 1037 1639 1081 apud
1664 1037 1693 1070 S.
1719 1037 1858 1074 Petrum,
1883 1046 1967 1069 anno

1227 1091 1457 1124 Incarnationis
1489 1090 1669 1123 dominicae
1699 1099 1820 1129 111οΧ01,
1853 1094 1966 1133 quarto

1227 1145 1378 1177 kalendas
1396 1144 1474 1182 iulii,
1494 1144 1698 1188 pontificatus
1717 1143 1816 1176 nostri
1838 1153 1921 1175 anno
1942 1153 1962 1175 1.

1262 1207 1317 1233 Dat.
1335 1206 1378 1233 die
1397 1207 1511 1233 υ3131111111
1531 1207 1607 1239 1591,
1624 1210 1698 1241 pont.
1716 1214 1758 1232 an.
1771 1212 1787 1231 1.

1535 1369 1650 1401 XXVII.

1229 1466 1319 1506 Quod
1339 1477 1394 1499 vec
1411 1467 1527 1510 fratres
1547 1466 1726 1509 Reformati
1742 1467 1885 1510 fratrum
1904 1467 1967 1500 Mi-

1270 1531 1387 1553 normu.
1408 1520 1675 1554 Convemuatimn
1707 1520 1738 1553 S.
1772 1520 1962 1560 Francisci,

1269 1585 1371 1618 neque
1395 1575 1457 1606 alii
1487 1574 1644 1617 reliqiosi,
1668 1574 1839 1617 capucium
1859 1578 1886 1606 et
1908 1573 1966 1606 ha-

1270 1629 1370 1661 bitum
1415 1629 1671 1671 Capuccinortmz
1705 1628 1754 1661 vel
1789 1628 1894 1660 alium
1936 1628 1966 1659 ei

1269 1682 1468 1714 consimilem
1491 1682 1612 1724 deferre
1629 1682 1755 1725 possint
1776 1682 1793 1714 ¹.

1425 1772 1581 1806 Gregorius
1596 1772 1674 1806 Papa
1688 1772 1760 1804 xlv,

1347 1826 1383 1853 ad
1407 1829 1580 1860 perpetuam
1595 1826 1639 1852 rei
1655 1825 1837 1852 memoriam.

1267 1897 1351 1930 Beati
1372 1897 1530 1930 Francisci
1543 1897 1734 1930 confessoris
1747 1896 1907 1936 sodalitas,
1923 1897 1962 1930 ab

1223 1961 1287 1983 uno
1315 1951 1481 1983 fundatore
1512 1950 1669 1987 instituta,
1693 1955 1723 1982 et,
1752 1950 1791 1982 ad
1812 1950 1961 1983 eumdem

1223 2004 1276 2037 Dei
1299 2004 1395 2037 tinem
1416 2005 1572 2043 ordinata,
1590 2005 1754 2048 utriusque
1772 2004 1962 2048 Serapbicae

1223 2059 1396 2100 Religionis
1424 2058 1553 2091 nomine
1583 2064 1780 2102 nuncupata,
1805 2058 1836 2090 in
1856 2058 1963 2101 plures

1223 2112 1405 2144 sodalitates
1434 2117 1464 2144 et
1493 2112 1660 2149 membra,
1689 2111 1864 2155 apostolica
1892 2121 1963 2155 per-

1224 2166 1395 2203 missione,
1425 2165 1595 2203 dividitur,
1624 2171 1651 2198 et
1685 2165 1775 2208 quasi
1805 2165 1962 2198 circuma-

1224 2219 1318 2252 micta
1336 2219 1497 2257 varietate,
1514 2224 1608 2262 prout
1629 2218 1730 2262 pietas
1751 2218 1963 2252 diversimode

1223 2274 1353 2310 suadet,
1375 2273 1471 2305 corde
1492 2283 1556 2305 uno
1584 2278 1614 2305 et
1644 2272 1751 2304 anima
1776 2283 1839 2304 una
1863 2272 1963 2305 Deum

1223 2327 1307 2367 colit,
1325 2332 1353 2359 et
1369 2326 1466 2359 instar
1480 2326 1546 2369 agri
1569 2326 1722 2359 dominici
1743 2326 1847 2359 varios
1867 2331 1963 2370 atque

1204 2382 1336 2413 iuberes
1365 2381 1484 2413 fructus
1516 2380 1658 2424 quotidie
1692 2380 1830 2424 profert,
1855 2385 1885 2413 et
1914 2380 1962 2413 di-

1277 2491 1288 2515 1
1320 2489 1531 2524 Capuccinorum
1553 2488 1765 2521 institutionem,
1785 2492 1812 2515 et
1839 2488 1891 2515 alia
1917 2497 1962 2515 eos

1222 2534 1422 2565 concernentia,
1433 2533 1493 2560 vide
1508 2533 1535 2559 in
1551 2532 1663 2559 Constit.
1675 2539 1747 2565 xxtv,
1758 2532 1962 2567 ClementisVll,

1221 2579 1393 2613 Retfiqioiiz's,
1411 2583 1475 2604 tom.
1492 2584 1528 2612 Vt,
1555 2586 1615 2613 pag.
1643 2578 1701 2605 113.
1724 2578 1756 2604 Et
1776 2577 1812 2604 ibi
1831 2578 1910 2605 etiam
1930 2577 1963 2604 de

1223 2627 1276 2649 toto
1292 2623 1389 2649 Ordine
1407 2622 1530 2649 Fratrum
1550 2622 1680 2649 Minorum
1702 2622 1841 2649 remissive
1860 2621 1963 2648 dixi.—

1221 2668 1293 2694 llanc
1309 2667 1531 2694 Constitutionem
1544 2667 1647 2693 mendis
1662 2666 1859 2702 typographicis
1870 2674 1964 2701 expur-

1219 2712 1358 2748 gavimus,
1379 2711 1527 2747 opitulante
1547 2711 1702 2739 Clieruhinii
1721 2710 1837 2738 editione
1859 2710 1894 2746 (n.
1913 2710 1960 2746 T.).

1979 289 2029 317 An.
2047 289 2073 316 C.
2097 289 2160 317 1591

2022 518 2166 545 Transumptis

1982 545 2034 566 tides
2050 546 2117 566 datur.

2009 1907 2161 1928 Franciscanae

1977 1933 2092 1959 Religionis
2106 1940 2161 1955 coru-

1977 1960 2090 1981 mendatio.
