2226 3070
185 260 236 289 Αῐ1.
252 260 352 290 (1.1589

215 1824 299 1845 Sani-uo
315 1830 374 1850 poe-

189 1856 254 1876 natis.

425 252 487 287 106

383 327 523 360 cumque
544 316 704 350 Romanos
720 315 889 348 Pontifices
905 314 1130 357 praedecesso-

384 381 434 403 res
459 375 596 411 nostros,
615 381 652 403 ac
673 370 779 402 forsan
800 379 856 401 nos
869 378 925 401 seu
938 377 1129 410 quemcum-

385 435 447 468 que
467 424 579 465 alium,
603 425 697 457 etiam
722 434 758 455 ex
788 432 883 455 causa
904 430 1053 458 onerosa,
1076 425 1131 453 aut

382 478 458 512 alias
478 478 732 522 quomodolibet,
756 476 849 509 etiam
875 480 963 508 motu
984 474 1062 518 pari,
1084 474 1130 506 sa-

383 533 440 566 etis
465 543 521 565 seu
551 531 716 570 faciendis,
739 528 1014 568 concessionibus,
1037 538 1128 570 quas,

384 587 575 628 illarumque
598 591 724 617 tenores
744 582 966 627 praesentibus
992 592 1051 625 pro
1081 592 1132 614 ex-

383 640 751 684 pressislialientes‚ea1·u
758 647 853 680 mque
861 637 922 668 vim
933 636 1130 675 eteffectum,

385 701 494 727 tenore
525 692 713 726 earumdem
740 691 957 735 praesentium
979 694 1068 722 motu
1088 688 1130 721 si-

383 749 450 781 mili
471 757 669 786 revocamus,
687 755 850 778 cassamus
865 750 895 777 et
911 744 1129 783 annullamus;

383 813 419 835 ac
436 807 545 834 nostra
564 801 603 833 de
624 810 688 833 non
710 798 851 832 tollendo
878 798 947 831 iure
973 796 1129 840 quaesito,

383 861 541 900 quatenus
561 866 642 899 opus
662 854 713 893 sit,
736 853 872 896 aliisque
892 850 1129 885 constitutioni-

382 910 442 942 bus
462 915 493 942 et
512 908 770 942 ordinationibus
790 905 987 951 apostolicis,
1005 915 1131 938 necnon

384 963 509 997 statutis
538 963 644 996 dictae
665 962 769 1002 Urbis,
792 961 985 999 iuramento,
1011 958 1132 992 contir-

384 1017 525 1050 matione
545 1016 719 1061 apostolica
739 1016 788 1049 vel
809 1014 920 1059 quavis
941 1013 1091 1046 firmitate
1103 1023 1132 1045 a-

385 1071 426 1104 tia
451 1071 622 1110 roboratis,
646 1069 820 1113 privilegiis
839 1078 981 1112 quoque,
1003 1066 1134 1099 indultis

385 1131 413 1158 et
435 1125 549 1158 litteris
569 1124 771 1169 apostolicis,
798 1122 963 1167 quibusvis
988 1119 1135 1165 personis

385 1180 444 1213 sub
465 1179 727 1222 quibuscumque
749 1176 915 1210 tenoribus
933 1180 964 1208 et
974 1174 1086 1207 formis
1103 1173 1134 1205 in

386 1233 586 1267 contrarium
608 1232 715 1264 forsan
736 1229 982 1274 quomodolibet
1001 1238 1135 1261 conces-

386 1287 439 1327 sis,
457 1286 643 1331 approbatis
661 1291 692 1319 et
709 1284 879 1321 innovatis;
897 1284 1017 1327 quibus
1035 1282 1137 1315 omni-

387 1342 457 1382 bus,
481 1341 575 1373 etiam
602 1341 626 1373 si
646 1340 685 1372 de
712 1338 773 1371 illis
803 1338 963 1382 specialis⁷
986 1336 1136 1380 spec-ilica

387 1401 417 1428 et
436 1405 597 1438 expressa,
620 1404 684 1426 11011
702 1397 809 1425 autem
832 1402 889 1435 per
909 1391 1069 1423 clausulas
1085 1401 1138 1433 ge-

387 1449 511 1481 nerales
547 1447 631 1480 idem
664 1447 897 1490 importantes‚
928 1444 1050 1477 mentio
1081 1455 1137 1477 seu

386 1502 516 1546 quaevis
536 1501 598 1534 alia
619 1499 782 1544 expressio
809 1498 959 1532 habenda
980 1498 1074 1537 foret,
1098 1497 1136 1529 il-

387 1556 424 1589 tis
444 1556 521 1589 alias
542 1555 573 1587 in
594 1566 653 1588 suo
674 1555 791 1587 robore
817 1551 1050 1597 permansuris,
1077 1551 1137 1584 hac

386 1610 453 1643 vice
469 1610 646 1649 dumtaxat,
669 1608 852 1652 specialiter
872 1612 902 1639 et
923 1615 1070 1649 expresse
1084 1605 1138 1638 de-

388 1675 559 1707 rogamus,
591 1662 771 1705 ceterisque
802 1660 973 1695 contrariis
1002 1659 1138 1703 quibus-

387 1729 541 1761 cumque.

432 1773 497 1814 ξῦ.
520 1771 604 1804 Nulli
631 1782 707 1813 ergo
737 1769 871 1803 omnino
899 1767 1070 1801 hominum
1098 1766 1137 1798 li-

389 1831 457 1859 ceat
480 1826 563 1858 lianc
588 1825 738 1869 paginam
759 1828 887 1856 nostrae
911 1820 1136 1861 absolutionis,

387 1878 643 1924 approbationiS,
663 1876 930 1916 confirmationis,
955 1874 1137 1919 suppletio⁷

388 1935 447 1974 nis,
474 1934 730 1973 revocationum,
760 1931 977 1970 decretorum,
1008 1939 1138 1962 conces-

388 1988 486 2021 sionis
515 1986 750 2030 assignationis,
783 1983 1031 2023 substitutionis,
1065 1983 1140 2015 sub-

389 2041 576 2082 rogationis,
597 2039 750 2079 mandati,
768 2037 968 2074 cassationis,
992 2037 1139 2070 annulla—

389 2096 505 2135 tionis‚
529 2101 559 2127 et
588 2093 804 2136 derogationis
826 2092 1013 2134 infringere,
1036 2091 1084 2124 rel
1111 2090 1138 2123 ei

388 2161 468 2182 ausu
503 2148 675 2181 temerario
696 2146 868 2179 contraire.
891 2145 922 2178 Si
939 2146 1012 2189 quis
1032 2149 1139 2177 autem

391 2204 450 2235 lioc
479 2208 637 2235 attentare
658 2200 923 2245 praesumpserit,
945 2198 1139 2242 indignatio-

389 2267 462 2290 nem
484 2255 714 2300 omnipotentis
733 2255 787 2287 Dei
807 2266 843 2288 ac
864 2254 1036 2287 Beatoruni
1056 2252 1140 2285 Petri

390 2316 420 2343 et
445 2310 535 2343 Pauli
556 2310 775 2353 apostolorum
794 2308 862 2342 eius
882 2319 915 2341 se
940 2307 1066 2340 noverit
1090 2306 1140 2339 in-

391 2375 576 2397 cursurum.

433 2419 547 2451 Datum
570 2418 688 2450 Romae
709 2416 794 2460 apud
814 2416 967 2448 Sanctum
988 2415 1142 2455 Marcum,

391 2478 476 2500 anno
503 2466 737 2499 lncarnationis
766 2465 949 2497 dominicae
971 2464 1143 2497 millesimo

391 2516 650 2560 quingentesimo
680 2514 901 2555 octuagesimo
927 2513 1059 2557 quinto,
1087 2513 1143 2544 ka-

392 2567 501 2599 lendas
523 2565 603 2605 iulii,
628 2564 833 2608 pontificatus
851 2563 951 2595 nostri
974 2573 1057 2595 anno
1081 2562 1145 2605 pri-

392 2626 455 2649 mo.

972 261 1149 285 BULLARIUM
1173 260 1322 284 ROMANUM

1186 312 1339 357 Sequitur
1359 313 1535 346 declaratio
1556 313 1660 347 dictae
1679 315 1899 348 concessioni&

1418 444 1515 473 Sixtus
1534 446 1607 480 Papa
1626 445 1655 473 V.

1215 554 1363 588 Cumnos
1379 566 1493 600 nuper,
1512 561 1569 591 etc.
1592 558 1641 599 (ut
1661 558 1696 590 in
1718 559 1923 601 praecedenti·
1964 563 2120 600 Mchivnnsra-

1170 610 1424 654 constitutione).
1440 611 1668 652 Nihilominus,
1690 611 1765 656 quia
1785 613 1922 646 dilectus
1937 598 2085 652 ibississa‘ggmns
2101 632 2121 646 ε.

1938 663 2026 678 xercere
2049 656 2123 678 ilem-la-

1913 694 1919 707 ⁵
1939 693 1976 710 rat.

1171 662 1257 696 fitius
1279 663 1469 697 Laurentius
1489 664 1908 709 C0<=tsi1s1nota1·iusnoster

1172 727 1203 754 et
1222 722 1253 755 in
1276 728 1412 767 utraque
1433 724 1598 766 signatura
1610 730 1718 757 nostra
1735 725 1922 758 reserenda-

1172 783 1250 825 rius,
1279 783 1382 817 dictae
1411 784 1776 818 archieonsraternitatis
1796 785 1922 829 praefe-

1173 847 1251 882 ctus,
1273 848 1305 875 ot
1329 843 1505 875 consratres
1535 842 1667 886 praefati
1697 843 1790 876 nobis
1818 854 1924 887 nuper

1173 900 1289 943 exponi
1312 901 1458 933 fecerunt
1477 901 1564 944 quod
1585 911 1698 934 eorum
1720 901 1809 944 pium
1836 901 1925 934 insti-

1175 965 1277 993 tutum
1310 965 1355 992 est
1390 959 1477 992 omni
1503 959 1645 999 caritate,
1675 959 1782 993 studio
1802 966 1834 992 et
1853 959 1924 992 dili-

1174 1018 1286 1062 gentia*
1311 1029 1347 1051 ac
1377 1018 1475 1061 gratis
1506 1023 1536 1050 et
1568 1027 1678 1050 amore
1703 1017 1785 1057 Dei,
1814 1018 1924 1051 eadem

1175 1077 1279 1110 officia
1310 1087 1368 1121 per
1400 1076 1595 1109 sufficientes
1620 1081 1651 1109 et
1675 1076 1799 1110 habiles
1819 1087 1928 1120 perso-

1176 1147 1233 1169 nas
1259 1136 1403 1169 eiusdem
1439 1134 1804 1168 archiconsraternitatis
1836 1146 1926 1169 exer-

1176 1206 1260 1236 cere,
1284 1195 1404 1227 nullam
1427 1194 1521 1227 aliam
1535 1194 1609 1226 inde
1625 1193 1807 1227 mercedem
1828 1204 1927 1237 quae-

1178 1258 1283 1286 rentes
1303 1264 1399 1296 quam
1421 1258 1570 1286 aeternae
1591 1251 1813 1285 retributionis
1833 1262 1927 1295 prae-

1178 1312 1290 1353 mium,
1314 1312 1407 1345 nobis
1437 1311 1604 1344 humiliter
1632 1310 1808 1354 supplicari
1842 1310 1928 1343 fece-

1178 1375 1253 1403 runt.
1282 1375 1442 1414 quatenus
1472 1370 1503 1401 in
1533 1368 1718 1412 praemissis
1744 1373 1929 1412 opportune

1178 1429 1346 1473 providere
1364 1429 1402 1461 de
1414 1427 1612 1471 benignitate
1625 1425 1801 1470 apostolica
1816 1425 1928 1469 digna-

1178 1498 1301 1521 remur.

1222 1548 1236 1591 §
1256 1547 1287 1580 t.
1303 1546 1365 1579 Nos
1378 1545 1488 1589 igitur,
1503 1544 1563 1588 piis
1574 1555 1686 1578 eorum
1699 1543 1778 1577 votis
1786 1553 1928 1577 annuen-

1179 1611 1237 1646 tes,
1269 1603 1554 1648 circumspectioni
1572 1608 1645 1636 tuae
1665 1613 1723 1647 per
1743 1607 1930 1646 praesentes

1179 1663 1413 1699 committimus
1433 1668 1463 1696 et
1482 1662 1674 1695 mandamus
1693 1665 1850 1703 quatenus
1862 1671 1931 1694 eos-

1179 1718 1252 1751 dem
1280 1718 1458 1750 confratres
1486 1721 1517 1749 et
1541 1715 1930 1749 arcliiconfraternitatem

1179 1771 1377 1815 praedictam
1403 1771 1442 1803 ad
1467 1769 1572 1803 officia
1593 1770 1704 1802 eadem
1725 1768 1822 1812 gratis
1842 1773 1873 1801 et
1896 1779 1930 1802 a·

1180 1841 1269 1864 more
1286 1830 1354 1871 Dei,
1377 1830 1499 1872 absque
1526 1828 1643 1861 salario
1671 1833 1702 1860 et
1728 1827 1931 1860 emolumen-

1181 1889 1218 1922 tis
1240 1888 1424 1932 praedictis,
1448 1887 1639 1927 exercenda,
1662 1886 1750 1919 omni
1773 1896 1863 1919 mora
1883 1896 1931 1918 re-

1181 1948 1273 1987 iecta,
1305 1945 1453 1979 admittas
1481 1950 1511 1979 et
1540 1944 1689 1989 recipias,
1720 1944 1855 1986 illasque
1876 1953 1933 1987 pei·

1179 2016 1415 2050 quoscumque,
1446 2005 1485 2037 ad
1518 2014 1599 2047 quos
1633 2008 1765 2047 spectat,
1789 2003 1848 2035 sub
1878 2012 1931 2034 ex-

1180 2062 1484 2097 communicationis
1513 2062 1594 2094 latae
1623 2060 1799 2094 sententiae
1829 2070 1932 2104 poena

1181 2124 1250 2166 ipso
1271 2122 1353 2154 sacto
1375 2132 1432 2165 per
1448 2119 1701 2154 contradictores
1721 2118 1930 2159 innui-reuda,

1180 2186 1287 2215 amoto
1309 2180 1381 2213 inde
1402 2180 1515 2212 codem
1533 2179 1651 2212 Ioanne
1672 2177 1824 2222 Baptista,
1836 2182 1867 2210 et
1879 2187 1934 2220 ap-

1182 2239 1354 2284 pellatione
1386 2248 1595 2282 quacumque
1628 2236 1767 2276 reiecta,
1807 2234 1933 2268 admitti

1182 2298 1289 2331 facias.

1226 2356 1290 2400 §2
1324 2356 1393 2389 Non
1422 2354 1623 2388 obstantibus
1661 2352 1812 2386 omnibus
1852 2362 1934 2396 quae

1183 2416 1213 2447 in
1245 2415 1338 2447 dit-tis
1359 2414 1472 2447 litteris
1497 2413 1657 2445 voluimus
1686 2422 1751 2445 non
1783 2411 1932 2451 obstare,

1184 2474 1363 2517 ceterisque
1384 2472 1555 2506 contrariis
1572 2471 1841 2514 quibuscumque.

1227 2533 1340 2565 Datum
1362 2532 1481 2564 Romae
1498 2530 1584 2574 apud
1603 2529 1634 2563 S.
1653 2530 1796 2568 Petrum,
1810 2527 1870 2560 sub
1880 2536 1932 2559 an-

1184 2592 1262 2625 nulo
1289 2589 1472 2631 piscatoris,
1505 2589 1556 2622 die
1586 2598 1626 2621 xx
1656 2587 1732 2621 maii
1759 2595 1931 2627 MDLxxxvl‚

1185 2650 1391 2694 pontificatus
1412 2648 1513 2682 nostri
1533 2657 1618 2682 anno
1638 2656 1671 2681 11.

1935 258 1988 286 ΛΠ.
2005 259 2034 287 C.
2049 259 2119 288 1589

2065 595 2122 615 dicta

2032 1541 2128 1563 Pontitex

1943 1573 2058 1594 collaudat.

1969 2365 2078 2385 Contraria
2094 2364 2133 2386 tol-
