2226 3070
71 306 119 334 An.
140 303 168 332 C.
189 302 252 331 159¹

93 790 119 810 Et
133 789 180 810 loca
197 790 252 810 eius-

67 817 114 837 dem
135 816 173 837 sub
189 817 252 838 Sedis

66 843 159 869 Apostol.
182 846 251 869 prote-

67 870 136 890 ctione
152 875 251 896 suscepe-

67 899 120 917 runt.

82 1325 251 1351 Exemuruntque

66 1351 92 1372 ab
113 1352 168 1372 omni
188 1352 250 1372 colle-

66 1381 106 1400 ctav
115 1378 204 1400 det-una,
215 1381 251 1399 elr-

93 1751 168 1772 Omnia
187 1751 251 1773 bene-

66 1778 114 1799 ficia
138 1783 252 1804 congrega-

65 1805 117 1826 uani
132 1805 199 1829 unita,
214 1811 252 1831 pei·

67 1834 112 1853 eius
143 1832 252 1858 praelatos

66 1859 156 1880 conferri
165 1859 251 1880 manda-

68 1888 121 1906 runt.

878 304 1056 327 utiEGontUS
1074 304 1126 327 ΧΠ
1144 303 1194 326 ΡΡ.

269 351 492 385 concessiones
512 351 588 395 ipsis
613 362 649 384 ac
676 352 833 395 personis,
866 351 1015 384 domibus

269 412 299 437 et
319 405 413 438 bonis
433 405 622 438 eoruiudem
645 410 786 445 eatenus,
803 410 865 437 tam
885 410 1014 447 aposto-

269 457 329 490 lica
349 468 446 501 quam
468 457 642 495 ordinalia,
664 458 824 501 imperiali
852 458 899 489 vcl
927 457 1014 499 regia

268 511 514 544 auctoritatibus
535 511 778 555 quomodolibet
798 521 960 549 concessa,
984 516 1031 545 etz

269 565 501 598 cousuetudine
520 565 661 607 legitime
675 565 884 608 praescripta,
905 564 1031 607 acqui-¹

267 617 337 658 sita,
361 618 537 662 apostolica
557 618 758 655 auctoritate,
792 618 886 651 certis
916 618 1013 650 modo

268 677 296 704 et
317 672 436 711 forma,
458 671 739 705 confirmaverunt.

313 727 329 767 ξ
351 724 381 757 2.
403 726 446 757 Ac
467 725 550 758 inter
567 725 629 758 alia
649 731 827 758 statuerunt
855 731 882 758 ct
906 725 1014 758 voluc-

267 784 341 811 runt
364 779 450 822 quod
468 779 676 819 monasteria,
700 779 873 822 prioratus,
906 779 1010 812 ecs-le-

267 831 343 871 siae,
377 832 563 876 hospitalia,
595 833 736 876 capellae
767 839 795 866 et
835 833 906 866 loca
937 833 1011 865 dicti

267 884 395 918 Ordinis
426 891 457 918 et
487 886 758 929 congregationis,
794 892 868 920 tunc
895 892 923 919 et
954 897 1013 930 pro

267 943 413 982 tempore
431 939 609 980 existentia,
633 951 670 973 ac
687 950 800 973 eorum
832 940 1010 983 quodlibet,

265 1002 393 1025 necnon
413 993 555 1033 abbates,
575 993 712 1037 priores,
741 993 930 1034 abbatissae,
951 994 1014 1026 sra-

266 1051 330 1079 tres
351 1051 382 1079 et
398 1057 527 1080 sorores
547 1057 583 1080 ac
603 1057 761 1090 personae
782 1047 814 1080 in
835 1047 879 1080 eis
897 1047 1015 1089 degen-

266 1104 325 1140 tes,
350 1100 382 1132 in
403 1100 451 1133 ius
472 1106 502 1133 et
523 1100 757 1144 protectionem
778 1100 862 1134 beati
883 1100 966 1133 Petri
985 1106 1012 1133 et

265 1152 357 1186 Sedis
374 1154 594 1197 Apostolicae,
618 1165 655 1188 ac
678 1155 737 1187 sub
756 1165 868 1188 eorum
900 1160 928 1186 ct
958 1164 1015 1186 sua

265 1207 468 1249 protectione
486 1214 600 1241 essent.

311 1262 327 1302 ἓ
351 1259 381 1293 3.
405 1261 590 1305 Eademque
617 1260 823 1300 monasteria,
848 1261 1011 1300 ecclesiae,

264 1313 426 1356 prioratus
444 1320 474 1347 et
493 1314 563 1347 loca
576 1314 750 1355 manualia,
767 1314 926 1356 granciae,
942 1324 1016 1358 pos-

265 1367 424 1401 sessiones
445 1374 476 1401 et
491 1368 592 1415 bona,
607 1379 644 1401 ac
657 1368 790 1412 praelati
809 1374 839 1401 et
859 1378 1015 1412 personae

266 1422 526 1465 congregationis
555 1422 738 1466 praedictae
757 1422 796 1454 ab
808 1422 896 1455 omui
909 1422 1014 1466 impo-

265 1475 393 1515 sitione,
415 1475 591 1515 exactione,
615 1476 761 1515 collecta,
783 1475 919 1516 decima,
941 1476 1015 1508 cba-

266 1528 394 1562 ritativo
411 1529 556 1562 subsidio
574 1540 609 1562 ac
628 1529 690 1562 alio
709 1540 915 1573 quocumque
937 1529 1014 1562 reali

266 1591 303 1614 ac
320 1582 495 1626 personali,
510 1582 609 1615 mixto
622 1593 756 1615 munere
770 1583 817 1615 vel
829 1582 1014 1626 gravamine

266 1636 399 1669 omnino
418 1636 580 1668 immunes
598 1642 701 1669 essent
723 1642 750 1669 et
773 1636 921 1679 exempti.

311 1689 374 1733 54.
398 1690 523 1723 Statuto
545 1695 712 1733 praeterea
733 1690 819 1733 quod
851 1690 959 1722 omnia
984 1695 1014 1723 et

266 1743 394 1786 singula
416 1744 623 1784 monasteria,
644 1744 825 1788 hospitalia,
853 1744 1014 1787 prioratus

267 1802 296 1830 et
316 1797 472 1830 beneficia
497 1796 711 1830 ecclesiastica
747 1803 775 1830 et
807 1798 877 1830 loca
909 1796 1012 1830 eidem

267 1851 511 1893 congregationi
532 1850 622 1883 unita
643 1856 673 1884 et
694 1857 866 1893 aggregata
896 1862 952 1884 seu
982 1850 1013 1883 in

266 1911 432 1949 posterum
454 1906 659 1948 aggreganda
689 1916 747 1949 per
777 1916 1010 1949 quoscumque,

266 1959 404 1992 cuiusvis
424 1959 588 2002 dignitatis
608 1959 737 1999 fuerint,
759 1959 790 1992 in
809 1960 937 1992 titulum
966 1960 1014 1992 vel

267 2013 496 2047 commendam
518 2013 660 2054 obtenta,
686 2023 760 2046 cum
792 2013 935 2056 primum
957 2023 1015 2056 per

267 2077 392 2099 cessum
413 2067 461 2100 vel
482 2067 648 2101 decessum
667 2067 721 2100 illa
733 2066 947 2100 obtinentium
963 2077 1015 2099 va-

268 2126 389 2160 carent,
412 2121 452 2154 ad
470 2122 620 2155 eumdem
637 2121 789 2155 Ordinem
807 2121 1017 2154 effectualiter

270 2178 517 2215 reverterentur,
532 2180 563 2207 et
575 2174 818 2217 congregationi
831 2174 1015 2218 praedictae

270 2225 457 2260 huiusmodi
475 2227 571 2271 pleno
589 2228 658 2261 iure
676 2233 707 2261 et
724 2238 797 2261 cum
822 2228 936 2262 effectu
961 2238 1015 2270 ag-

270 2286 495 2323 gregarentur,
516 2288 710 2326 possentque
730 2282 866 2326 praelati
885 2287 915 2315 et
946 2281 1010 2321 alii,

270 2333 325 2377 qui
346 2334 504 2368 beneficia
521 2341 551 2369 et
567 2335 638 2369 loca
658 2336 766 2379 aliqua
786 2335 861 2369 dicti
887 2334 1014 2368 Ordinis

270 2386 301 2419 in
323 2386 452 2420 titulum
473 2389 520 2421 vel
538 2389 765 2423 commendam
788 2389 955 2427 baberent,
978 2388 1014 2421 ti-

271 2440 338 2473 tulo
359 2445 390 2473 et
410 2441 680 2476 administrationi
695 2443 855 2476 dictorum
867 2442 1013 2475 locorum

269 2493 301 2525 in
319 2493 468 2528 manibus
485 2496 643 2537 generalis
665 2502 695 2529 et
724 2495 853 2539 capituli
886 2495 1025 2533 cedere,t

269 2547 323 2591 qui
352 2547 571 2591 possessiones
602 2548 788 2582 huiusmodi
822 2548 1013 2581 admittendi

268 2606 461 2644 potestatem
486 2601 606 2635 habere
628 2601 885 2644 intelligerentur
899 2602 938 2634 ad
952 2602 1013 2634 hoc

268 2659 303 2686 ut
324 2653 428 2687 eidem
450 2654 693 2697 congregationi
705 2654 877 2687 unirentur
888 2660 919 2687 et
936 2655 1013 2688 effe-

269 2707 417 2741 ctualiter
430 2714 692 2751 aggregarentur,
706 2708 751 2742 ita
762 2713 869 2742 tamen
880 2714 916 2743 ut
928 2709 1010 2751 loca,

317 2769 394 2799 Bull.
414 2771 496 2800 Rom.
521 2771 580 2799 Vol.
601 2771 645 2799 IX
820 2771 855 2799 63

1694 292 1756 325 497

1049 361 1130 394 quae
1151 350 1195 383 sic
1216 349 1370 394 applicari
1392 349 1603 391 contingeret,
1625 350 1791 383 monacbis

1049 405 1153 437 dictae
1184 403 1370 445 Religionis,
1396 404 1481 436 iuxta
1510 414 1621 436 eorum
1648 403 1791 436 instituta

1048 459 1266 497 concedenda,
1291 458 1406 491 debitis
1426 463 1597 501 propterea
1618 468 1681 490 uon
1704 458 1791 490 frau-

1048 512 1202 545 darentur
1215 512 1394 555 obsequiis:
1409 512 1464 545 sed
1478 522 1536 555 per
1546 512 1706 555 praelatos
1722 523 1791 544 mo-

1049 566 1265 599 nasteriorum
1288 567 1336 599 vel
1364 567 1522 604 locorum,
1547 565 1663 609 quibus
1691 565 1793 609 appli-

1048 626 1117 652 cata
1136 621 1237 653 forent
1251 626 1278 654 ct
1294 632 1427 661 annexa,
1444 631 1544 654 onera
1558 626 1584 653 ct
1601 619 1706 653 officia
1717 630 1793 652 con-

1048 679 1137 705 sucta
1159 673 1381 716 implerentur.

1094 726 1108 769 g
1129 725 1158 758 5.
1183 727 1317 769 Insuper
1337 732 1514 759 statuerunt
1544 733 1571 759 ct
1603 726 1791 759 ordinarunt

1048 780 1134 822 quod
1153 779 1297 812 eiusdem
1317 780 1574 822 congregationis
1603 786 1630 812 ct
1665 779 1792 812 Ordinis

1048 833 1265 876 praelatorum
1283 844 1437 866 numerus
1453 834 1565 875 augeri
1589 844 1652 866 non
1672 839 1789 877 posset,

1049 897 1107 919 nec
1127 887 1235 929 plures
1257 892 1362 919 essent
1382 897 1478 930 quam
1501 893 1634 930 septem,
1659 886 1712 930 qui
1745 897 1793 919 cs-

1048 945 1118 973 sent
1138 940 1280 973 eiusdem
1302 939 1487 972 monasterii
1500 939 1645 983 professi,
1662 946 1793 983 excepto

1050 999 1156 1026 tamen
1178 992 1331 1035 generali,
1356 992 1410 1035 qui
1432 992 1463 1025 in
1478 992 1563 1025 dicto
1581 1003 1717 1025 numero
1729 1002 1793 1025 non

1049 1047 1390 1090 comprehenderetur.

1094 1101 1108 1143 g
1129 1100 1158 1133 6.
1184 1101 1227 1133 Ac
1247 1105 1414 1143 praeterea
1434 1098 1539 1131 eidem
1565 1099 1705 1141 generali
1736 1109 1794 1142 pro

1050 1160 1196 1198 tempore
1217 1154 1374 1192 existenti,
1402 1159 1435 1186 ut
1456 1153 1633 1187 monachos
1661 1164 1697 1185 ac
1727 1163 1795 1185 mo-

1049 1208 1149 1241 niales
1170 1207 1273 1240 dictae
1294 1206 1553 1249 congregationis
1573 1217 1591 1238 a
1617 1206 1791 1249 quibusvis,

1050 1261 1146 1294 etiam
1176 1260 1318 1299 maioris,
1354 1259 1707 1297 excommunicationis,
1742 1270 1795 1291 su-

1049 1314 1229 1358 spensionis
1250 1319 1279 1346 et
1303 1313 1463 1346 interdicti
1485 1313 1619 1356 aliisque
1640 1313 1799 1356 ecclesia-⁸

1049 1369 1135 1402 sticis
1152 1368 1328 1406 sententiis,
1344 1367 1487 1401 censuris
1508 1373 1538 1400 et
1558 1367 1681 1411 poenis,
1697 1378 1714 1399 a
1727 1366 1795 1399 iure

1049 1423 1096 1455 vel
1117 1422 1156 1454 ab
1178 1421 1444 1465 bomine,quavis
1458 1420 1627 1453 occasione
1638 1420 1686 1452 vel
1701 1430 1796 1453 causa

1048 1477 1130 1517 latis,
1145 1477 1169 1509 si
1188 1477 1304 1520 quibus
1321 1486 1379 1520 pro
1398 1481 1543 1519 tempore
1556 1474 1792 1512 irretitiforent,

1049 1530 1173 1563 etiamsi
1194 1530 1324 1563 illorum
1346 1529 1505 1562 absolutio
1521 1529 1623 1561 dictae
1635 1527 1708 1561 Sedi
1722 1538 1794 1571 spe-

1049 1584 1171 1617 cialiter
1202 1584 1250 1617 vel
1282 1582 1474 1625 generaliter
1502 1587 1661 1615 reservata
1693 1582 1791 1620 foret3

1049 1637 1211 1671 satisfacto
1232 1643 1340 1670 tamen
1354 1637 1392 1669 iis
1405 1637 1445 1669 ad
1457 1646 1596 1679 quorum
1611 1634 1793 1668 instantiam

1049 1702 1202 1724 censurae
1223 1691 1310 1734 ipsae
1331 1691 1438 1723 forsan
1460 1694 1697 1728 emanaverant,
1721 1699 1757 1721 ac
1778 1699 1795 1720 a

1049 1746 1213 1789 quibusvis
1241 1744 1531 1787 irregularitatibus
1563 1749 1624 1776 tam
1657 1743 1696 1776 de
1727 1743 1795 1775 iure

1049 1810 1146 1843 quam
1168 1810 1204 1832 ex
1225 1799 1324 1842 ipsius
1345 1798 1444 1831 eremi
1462 1797 1745 1830 constitutionibus
1766 1803 1795 1829 et

1049 1854 1251 1896 regularibus
1268 1853 1419 1886 institutis
1445 1851 1691 1896 quomodolibet
1719 1861 1795 1895 pro-

1048 1907 1261 1945 venientibus,
1286 1911 1314 1939 et
1336 1906 1595 1949 quibuscumque
1625 1904 1694 1937 aliis
1720 1915 1795 1948 pec-

1050 1960 1137 2000 catis,
1162 1959 1362 1999 criminibus,
1387 1959 1567 1992 excessibus
1597 1964 1625 1990 et
1658 1957 1792 1995 delictis,

1049 2019 1348 2057 quantumcumque
1369 2012 1518 2055 gravibus
1538 2017 1569 2044 et
1594 2011 1791 2049 enormibus,

1050 2067 1145 2100 etiam
1166 2067 1281 2100 talibus
1310 2067 1398 2109 quod
1429 2066 1468 2099 de
1495 2065 1557 2098 illis
1588 2070 1668 2097 esset
1698 2064 1795 2097 Sedes

1049 2121 1214 2164 praedicta
1234 2120 1350 2153 merito
1386 2119 1599 2157 consulenda,
1633 2124 1663 2151 ct
1689 2118 1793 2151 dictae

1049 2174 1122 2207 Sedi
1144 2173 1422 2217 qualitercumque
1453 2171 1632 2211 reservatis,
1656 2171 1795 2214 exceptis

1050 2227 1208 2260 contentis
1229 2227 1261 2259 in
1283 2226 1372 2259 bulla
1393 2225 1424 2258 in
1446 2225 1497 2258 die
1520 2225 1641 2259 coenae
1660 2224 1795 2257 Domini

1049 2281 1110 2323 legi
1132 2286 1296 2318 consueta,
1320 2279 1446 2323 quotics
1466 2284 1685 2322 opportunum
1700 2278 1791 2317 foret,

1048 2345 1160 2367 eorum
1182 2333 1437 2367 confessionibus
1463 2332 1633 2374 diligenter
1664 2331 1791 2371 auditis,

1048 2388 1224 2427 absolvere,
1248 2398 1284 2419 ac
1314 2386 1358 2419 cis
1387 2397 1446 2430 pro
1476 2385 1656 2419 commissis
1684 2384 1796 2428 poeni-

1048 2442 1180 2475 tentiam
1200 2442 1373 2474 salutarem
1387 2440 1566 2483 iniungere,
1581 2451 1616 2473 ac
1631 2450 1663 2472 se
1675 2439 1791 2482 ipsum,

1048 2496 1143 2529 etiam
1165 2506 1182 2528 a
1200 2505 1407 2539 quocumque
1428 2494 1491 2527 alio
1505 2495 1649 2538 praelato
1663 2493 1711 2526 vel
1724 2503 1793 2525 ere-

1048 2549 1125 2582 mita
1145 2549 1322 2587 sacerdote,
1355 2548 1439 2582 vices
1468 2558 1543 2581 suos
1574 2547 1619 2580 illi
1647 2547 1794 2580 commit-

1048 2603 1155 2642 tendo,
1180 2602 1301 2635 absolvi
1320 2602 1424 2635 facere
1444 2601 1545 2634 libere
1565 2606 1595 2633 et
1615 2600 1698 2633 licite
1720 2610 1793 2643 pos-

1047 2662 1104 2697 set,
1128 2656 1310 2689 facultatem
1331 2660 1568 2689 concesserunt.

1092 2711 1108 2752 ἓ
1131 2709 1161 2743 7.
1185 2709 1361 2753 Eidemque
1382 2708 1483 2753 priori
1501 2714 1531 2742 ct
1544 2706 1685 2741 eremitis
1694 2706 1793 2740 eremi

1805 302 1855 329 An.
1872 301 1900 328 C.
1924 302 1986 328 1591

1849 736 1993 756 Praelatorum

1808 762 1902 782 elusam
1922 769 1993 783 mona-

1808 790 1865 809 sterii
1888 789 1992 815 professi·-

1807 821 1853 835 rull}
1885 822 1993 836 nnmerum

1808 845 1912 863 taxarunt.

1846 1109 1944 1130 Generali
1958 1115 1995 1135 po-

1811 1139 1907 1156 testatcm
1926 1137 1995 1156 ahsol-

1812 1163 1872 1183 ii·mli
1924 1169 1995 1183 inona-

1811 1190 1869 1212 clins,
1889 1193 1931 1212 vlia,
1952 1196 1995 1210 am-

1810 1217 1925 1242 plissimam
1960 1217 1995 1236 de·

1812 1243 1892 1264 derunt
