2226 3070
235 308 276 335 ΔΙ]
293 308 332 335 .C.
350 308 417 335 1590

260 1331 371 1353 Decretum
387 1334 399 1352 ii

288 1978 417 1998 tffwcntnres

311 2010 415 2028 sonsum<

233 2042 296 2059 tionis
313 2042 405 2065 deputat.

235 2009 295 2028 liniue

475 296 540 332 202

432 370 545 393 corum
561 361 718 393 montium
731 359 969 403 praedictorum
984 358 1109 391 inventa
1127 362 1183 397 est,

434 413 465 446 in
491 413 643 447 Gamerae
665 413 847 457 praedictae
869 411 1105 455 praeiudicium
1126 421 1183 443 ne-

432 478 595 511 quaquam
605 467 786 499 redundare
798 465 860 498 dici
873 469 927 497 aut
944 464 1067 497 censeri
1079 474 1183 507 posse,

431 531 491 553 nee
524 522 583 553 sub
610 520 684 553 ullis
711 518 865 552 similium
895 518 941 550 vel
977 517 1182 550 dissimilium

431 574 605 616 gratiarum
636 572 908 612 revocationibus,
937 571 1184 604 limitationibus

431 633 485 660 aut
505 627 575 659 aliis
604 626 775 659 contrariis
803 625 1071 668 dispositionibus
1096 635 1185 657 eom-

432 680 602 724 prehendi,
624 680 678 713 sed
690 690 819 723 semper
836 679 875 711 ab
894 679 955 711 illis
972 684 1131 722 exi-eptas,
1155 684 1185 711 et

430 734 554 776 quoties
580 733 652 766 illae.
678 734 887 773 emanabant,
911 733 1006 765 toties
1028 733 1059 765 in
1076 732 1183 776 pristi-

432 799 508 820 num
517 794 543 820 et
554 799 627 820 eum
642 788 747 831 inquo
759 792 853 820 antea
862 792 949 820 erant
961 787 1184 826 statum,ri2=sti-

432 847 509 881 tuta,
524 841 664 885 reposita
678 847 707 874 et.
719 841 863 885 plenarie
878 840 1082 883 reintegrata,
1095 852 1131 873 ae
1145 841 1184 872 do

432 906 513 927 novo
524 895 620 927 etiam
633 895 692 927 sub
702 895 774 927 data
784 905 1055 938 pereos‚quormu
1069 895 1185 927 intere-

432 949 484 989 rit,
507 949 781 991 quandocumque
802 948 949 988 eligenda
959 959 1185 987 eoncessa,v.·1-

434 1002 494 1035 lida
513 1008 543 1034 et
563 1002 706 1035 efficacia
728 1003 807 1043 fore,
821 1013 961 1046 suosque.
982 1002 1143 1045 plenarios
1155 1008 1186 1033 et.

433 1057 573 1099 integros
589 1056 720 1089 ell‘ertus
741 1056 860 1097 sortiri,
881 1067 918 1089 ac
940 1062 1096 1099 perpetuo
1118 1056 1184 1088 sus-

432 1110 562 1153 fragari,
586 1110 719 1154 perinde
739 1121 776 1143 ac
797 1110 821 1142 si
846 1110 876 1141 in
902 1110 1094 1142 consistorio
1126 1121 1184 1141 no-

431 1169 497 1196 stro
518 1169 641 1197 secreto
662 1164 701 1196 de
722 1164 869 1196 unanimi
893 1164 1028 1196 fratrum
1057 1169 1183 1196 nostro-

432 1228 503 1249 rum
521 1217 657 1251 consilio
679 1223 890 1251 emanassent.

476 1272 490 1311 §
516 1270 568 1303 «13.
601 1271 717 1313 Sieque
749 1271 780 1303 in
817 1271 1001 1314 praemissis
1028 1271 1185 1304 universis

408 1344 415 1347 -
433 1334 489 1366 per
506 1335 733 1368 quoscumque
754 1331 784 1357 et
806 1324 952 1365 singulos
979 1325 1110 1365 iudices,
1131 1336 1184 1357 or-

431 1377 576 1411 dinarios
605 1384 635 1411 et
673 1379 848 1421 delegatos,
880 1379 976 1411 etiam
1013 1390 1184 1412 causarum

433 1431 541 1464 Palatii
568 1432 744 1476 Apostolici
771 1432 948 1473 auditores,
973 1443 1010 1465 ae
1031 1433 1062 1466 S.
1088 1433 1122 1465 R.
1148 1433 1183 1466 Ε.

431 1485 623 1524 cardinales
646 1486 772 1519 sublata
794 1486 839 1518 eis
859 1493 889 1519 et
914 1497 1027 1519 eorum
1054 1486 1186 1519 cuilibet

431 1538 542 1581 quavis
568 1539 662 1572 aliter
692 1539 857 1572 iudicandi
888 1545 918 1573 et
951 1539 1183 1583 interpretandi

433 1593 582 1625 t'acultatc
610 1598 640 1625 ct
667 1593 873 1633 auctoritate,
897 1593 928 1625 in
953 1593 1065 1636 quavis
1090 1605 1186 1626 rausa

432 1651 461 1677 et
483 1646 644 1687 instantia,
674 1647 808 1679 iudicari
838 1653 865 1679 et
897 1647 1026 1680 definiri
1052 1648 1182 1687 ‹lebei·‹=;

433 1699 559 1732 irritum
586 1711 718 1744 quoque
746 1706 778 1733 et
808 1701 902 1734 inane
928 1701 953 1733 si
975 1712 1068 1733 secus
1088 1712 1186 1744 super

433 1753 481 1784 bis
519 1764 535 1785 a
579 1765 744 1797 quoquam
764 1782 771 1793 ‚
818 1755 927 1798 quavis
972 1755 1182 1795 auctoritate,

432 1806 572 1839 scienter
591 1808 638 1839 rel
656 1807 856 1850 ignoranter,
885 1808 1058 1849 contigerit
1083 1814 1185 1841 atten-

434 1860 503 1892 tari.

477 1914 561 1956 §147
585 1914 741 1954 Quocirca
767 1915 1004 1948 venerabilibus
1033 1916 1185 1949 fratribus

433 1967 549 1999 nostris
569 1968 718 2009 Ostiensi,
749 1969 918 2002 Sabinensi
948 1976 978 2004 et
1003 1970 1184 2003 Tusculano

433 2020 602 2065 episcopis,
616 2028 703 2055 motu
718 2023 812 2055 simili
830 2034 888 2066 per
907 2024 1083 2067 apostolica
1104 2024 1183 2056 scri—

434 2079 484 2117 pta
506 2075 709 2115 mandamus,
732 2081 890 2119 quatenus
910 2077 970 2121 ipsi
990 2078 1036 2110 vel
1050 2078 1115 2110 ‹luo
1131 2083 1185 2110 aut,

433 2139 515 2161 unus
540 2140 666 2169 eorum,
688 2140 747 2173 per
766 2141 798 2162 se
819 2131 867 2163 rel
887 2131 988 2163 alium
1009 2142 1065 2163 seu
1090 2131 1181 2171 alios,

434 2189 616 2226 praesentes
638 2183 759 2217 litteras
779 2184 851 2217 etin
864 2185 910 2217 eis
923 2191 1074 2217 contenta
1087 2196 1184 2228 quae-

433 2247 585 2280 cumque,
609 2238 664 2270 ubi
689 2244 719 2271 et
747 2239 878 2282 quando
903 2249 986 2281 opus
1011 2239 1118 2279 suerit,
1147 2250 1183 2271 ac

432 2290 558 2332 quoties
577 2301 637 2334 pro
663 2297 754 2334 parte
782 2303 841 2336 pro
872 2297 1019 2336 tempore
1044 2292 1183 2325 existen-

432 2342 511 2374 tium
530 2344 657 2386 patroni
670 2355 796 2378 necnon
812 2345 1000 2389 praepositi,
1016 2346 1180 2385 sacristae,

432 2397 674 2440 capellanorum
711 2403 742 2430 et
766 2399 1034 2432 beneficiatorum
1071 2400 1182 2432 huius-

434 2449 520 2482 modi
541 2460 597 2483 seu
623 2450 761 2484 alicuius
789 2462 901 2484 eorum
928 2452 1048 2485 suerint
1072 2452 1182 2496 requi-

433 2498 497 2540 siti,
539 2499 726 2532 solemniter
754 2500 970 2543 publicantes,
1010 2500 1120 2544 eisque
1151 2501 1182 2533 in

432 2548 616 2591 praemissis
636 2549 775 2582 efficacis
795 2549 991 2582 defensionis
1021 2550 1183 2593 praesidio

431 2598 624 2637 assistentes,
646 2598 762 2630 iaciant
774 2599 963 2631 auctoritate
976 2605 1083 2632 nostra
1093 2610 1182 2642 prae-

431 2652 538 2679 sentes
557 2647 681 2679 litteras
701 2652 728 2679 et
742 2646 773 2678 in
786 2647 831 2679 eis
841 2653 991 2680 contenta
1007 2659 1183 2691 quaecum-

431 2705 494 2739 que
514 2696 553 2728 ab
574 2695 737 2737 omnibus,
759 2696 797 2728 ad
819 2706 900 2738 quos
927 2702 1048 2739 spectat
1073 2702 1103 2730 et
1124 2708 1182 2740 pro

1027 304 1206 329 BULLARIUM
1225 303 1376 328 ROMANUM

1223 362 1369 400 tempore
1400 356 1574 399 spectabit,
1611 356 1837 389 inviolabiliter
1865 356 1975 389 obser-

1224 410 1301 450 vari,
1315 420 1441 443 necnon
1462 415 1648 453 patronum,
1669 409 1902 453 praepositum,
1925 420 1974 442 sa-

1225 463 1366 503 cristam,
1399 464 1584 507 capellanos
1611 469 1639 496 et
1679 462 1887 496 beneficiatos
1918 472 1976 505 pro

1226 522 1370 560 tempore
1391 517 1563 550 existentes
1578 517 1775 560 praedictos,
1798 526 1976 559 eorumque

1225 570 1382 613 singulos,
1406 571 1468 603 illis
1494 570 1628 614 pacifice
1660 570 1722 603 frui
1753 576 1783 603 et
1815 570 1974 612 gaudere,

1224 624 1335 668 eisque
1357 625 1395 656 <le
1417 624 1805 657 emolumentisiocorum
1826 634 1883 656 seu
1900 634 1976 667 porv-

1225 677 1349 710 tiouum
1382 678 1496 711 Montis
1530 677 1717 710 huiusmodi
1757 683 1788 710 et
1820 677 1976 721 pensione

1226 732 1401 775 praedicta,
1416 738 1574 775 perpetuo
1590 737 1621 764 et
1637 732 1759 774 integre
1774 730 1974 774 responderi,

1225 790 1255 817 et
1275 785 1451 818 solutiones
1476 785 1521 817 eis
1543 785 1714 823 faciendas,
1738 790 1799 817 tam
1822 795 1839 816 a
1863 784 1977 818 Came-

1226 851 1259 872 ra
1279 839 1462 882 Apostolica
1501 839 1636 883 eiusque
1674 839 1840 879 ministris,
1881 849 1976 881 quam

1225 893 1264 925 ab
1285 893 1366 934 aliis,
1387 893 1425 925 ad
1446 904 1528 936 quos
1549 898 1671 936 spectat
1696 899 1748 925 :uit
1769 892 1925 937 spectabit
1946 893 1976 925 in

1226 947 1384 986 intui-um,
1414 952 1497 979 ratas
1518 947 1644 984 baberi,
1675 947 1770 979 etiam
1797 947 1860 979 alio
1882 946 1978 990 parti-

1226 1001 1326 1034 culari
1348 1006 1399 1033 aut
1424 1011 1506 1033 novo
1524 1001 1687 1041 mandato,
1711 1000 1840 1033 licentia
1855 1001 1977 1034 autde-

1226 1060 1313 1087 creto
1345 1054 1478 1087 mininie
1514 1060 1680 1098 expectato
1715 1065 1774 1087 nec.
1809 1054 1975 1098 requisito,

1226 1109 1293 1141 Nou
1316 1109 1536 1151 permittentes
1559 1109 1644 1152 ipsos
1664 1109 1709 1141 vel
1732 1109 1919 1153 quempiam
1941 1120 1976 1142 ex

1226 1163 1270 1194 eis
1291 1174 1348 1206 per
1375 1173 1600 1206 quoscumque
1634 1163 1774 1206 desuper
1800 1163 1978 1205 quomodo-

1227 1216 1303 1248 libet
1328 1216 1504 1255 molestari,
1529 1216 1711 1259 perturbari
1729 1216 1775 1248 vel
1793 1215 1975 1259 inquietari.

1225 1270 1486 1303 Contradictorcs
1507 1269 1665 1312 quoslibet
1694 1275 1719 1302 et
1755 1270 1892 1303 rebelles
1921 1281 1979 1313 per

1226 1323 1410 1363 sententias,
1438 1335 1592 1357 censuras
1621 1330 1648 1357 et
1678 1335 1797 1367 poenas
1825 1324 1978 1358 ecclesia-

1226 1378 1320 1411 sticas
1340 1378 1467 1421 aliaque
1488 1384 1673 1422 opportuna
1689 1377 1768 1411 iuris
1786 1384 1816 1411 et
1831 1377 1906 1411 sacti
1927 1389 1978 1411 re-

1227 1432 1342 1471 media,
1369 1432 1585 1475 appellatione
1623 1432 1813 1475 postposita,
1850 1443 1980 1476 compe-

1227 1486 1363 1525 scendo3
1393 1497 1429 1519 ac
1458 1485 1609 1529 legitimis
1629 1497 1727 1529 super
1751 1486 1801 1518 bis
1820 1485 1980 1519 habendis

1226 1540 1357 1572 servatis
1382 1539 1597 1583 processibus,
1620 1539 1806 1580 sententias,
1827 1550 1980 1573 censuras

1226 1598 1257 1625 et
1281 1604 1402 1636 poenas
1422 1593 1507 1637 ipsas
1528 1593 1623 1626 etiam
1646 1593 1767 1626 iteratis
1785 1593 1908 1628 vicibus
1923 1605 1979 1638 ag-

1226 1648 1402 1689 gravando,
1423 1648 1568 1680 invocato
1589 1647 1685 1680 etiam
1707 1648 1745 1680 ad
1763 1648 1837 1688 boc,
1860 1648 1884 1681 si
1899 1659 1981 1693 opus

1227 1694 1335 1741 suerit,
1357 1702 1476 1734 auxilio
1497 1702 1620 1734 brai-bii
1643 1702 1827 1735 saecularis.

1270 1755 1285 1797 ξ
1310 1755 1363 1787 15.
1396 1756 1464 1787 Ἠοῖ]
1490 1755 1692 1788 obstantibus
1720 1756 1915 1799 praemissis,
1943 1767 1980 1789 ac

1226 1808 1297 1851 piae
1319 1809 1495 1842 memoriae
1516 1809 1671 1841 Bonisacii
1686 1809 1789 1853 Papae
1800 1809 1876 1849 VIII,
1890 1809 1978 1841 simi-

1225 1861 1299 1894 liter
1324 1863 1580 1905 praedecessoris
1607 1863 1720 1903 nostri,
1749 1874 1813 1906 qua
1850 1868 1980 1896 cavetur

1226 1926 1265 1948 ne
1286 1917 1357 1959 quis
1378 1922 1464 1949 extra
1485 1927 1575 1949 suam
1598 1916 1758 1949 civitatem
1784 1917 1833 1950 vel
1851 1916 1978 1950 dioece-

1225 1969 1296 2009 sim,
1315 1970 1374 2002 nisi
1398 1969 1428 2002 in
1450 1970 1544 2003 certis
1567 1970 1725 2014 expressis
1746 1970 1885 2012 casibus,
1903 1970 1977 2002 etin

1226 2023 1288 2055 illis
1313 2024 1395 2056 ultra
1417 2035 1515 2057 unam
1536 2025 1674 2057 diaetam
1691 2036 1709 2058 a
1730 2025 1793 2057 fine
1805 2034 1880 2057 suae
1892 2023 1978 2057 dioe-

1226 2077 1306 2110 cesis
1327 2078 1366 2110 ad
1387 2078 1544 2111 iudicium
1556 2084 1786 2119 evocetur‚seu
1798 2088 1840 2110 ne
1854 2077 1979 2111 iudices

1225 2142 1241 2163 a
1257 2131 1336 2164 Sede
1352 2132 1516 2175 praedicta
1538 2132 1695 2176 deputati,
1714 2137 1801 2165 extra
1818 2131 1976 2165 civitatem

1224 2185 1271 2218 vel
1293 2185 1478 2226 dioecesim,
1503 2186 1534 2218 in
1555 2186 1673 2230 quibus
1688 2184 1832 2229 deputati
1844 2185 1975 2224 suerint,

1224 2244 1336 2271 contra
1361 2249 1587 2282 quoscumque
1621 2239 1810 2283 procedere,
1841 2244 1898 2272 aut
1924 2238 1977 2272 alii

1224 2292 1272 2325 vel
1296 2292 1367 2325 aliis
1395 2292 1477 2325 vices
1509 2304 1582 2326 suas
1610 2293 1814 2326 committere
1838 2292 1974 2326 audeant

1223 2356 1279 2378 seu
1305 2352 1525 2390 praesumant,
1554 2353 1584 2380 et
1608 2347 1640 2380 in
1668 2347 1807 2380 coneilio
1832 2346 1976 2389 generali

1223 2404 1309 2437 edita
1329 2405 1368 2438 de
1389 2405 1514 2438 duabus
1535 2406 1648 2439 diaetis
1664 2415 1801 2446 necnon,
1817 2410 1976 2449 quatenus

1223 2474 1305 2507 opus
1325 2463 1375 2505 sit,
1402 2464 1625 2498 Lateranensis
1645 2463 1776 2497 concilii
1804 2463 1975 2497 novissime

1224 2522 1376 2556 celebrati
1399 2533 1497 2566 super
1516 2521 1610 2555 bonis
1629 2522 1794 2555 Romanae
1814 2521 1974 2555 Ecclesiae

1223 2587 1251 2613 et
1280 2581 1371 2614 Sedis
1396 2581 1585 2614 earumdem
1614 2590 1808 2624 numquam,
1835 2586 1889 2612 aut
1914 2579 1973 2611 nisi

1223 2650 1258 2671 ex
1281 2639 1375 2672 certis
1396 2644 1472 2672 tunc
1480 2639 1637 2683 expressis
1650 2639 1768 2678 causis,
1781 2637 1973 2676 alienandis;

1222 2708 1259 2731 ac
1280 2703 1408 2731 sanctae
1430 2697 1607 2731 memoriae
1623 2696 1819 2741 Symmachi,
1841 2695 1911 2729 Non
1932 2696 1974 2729 li-

1989 299 2043 328 An.
2059 299 2089 328 C.
2106 298 2175 328 1590

2020 1761 2129 1782 Clausulas
2139 1763 2178 1782 de-

1995 1795 2113 1819 rngatorias
2126 1793 2177 1813 sub-
