2226 3070
69 293 122 320 An.
141 291 170 319 C.
184 291 252 319 1589

267 347 317 376 tae
343 343 487 384 munitm,
514 344 627 377 eadem
659 353 792 387 prorsus
812 342 902 383 tides,
939 342 1020 375 etin

269 396 390 431 iudicio
410 402 442 430 et
461 403 559 436 extra,
579 396 785 436 adhibeatur,
802 406 885 439 quae
901 395 1019 428 eisdem

269 451 493 495 praesentibus
512 451 734 489 adhiberetur,
757 450 781 483 si
808 450 912 483 forent.
932 448 1020 482 exhi-

268 505 352 538 bitae
372 506 419 538 vel
441 510 598 538 ostensae.

313 559 426 591 Datum
448 558 567 590 Romae
589 557 621 589 in
646 556 749 589 Monte
769 555 939 595 Quirinali,
962 554 1022 587 sub

270 613 391 646 annulo
442 610 630 649 Piscatoris,
676 610 727 642 die
774 619 850 642 xxm
893 608 1020 651 augusti

272 674 439 705 MDLxxxlx,
463 664 671 708 pontificatus
691 662 791 695 nostri
818 672 903 694 anno
924 671 953 694 v.

304 718 365 748 Dat.
387 718 433 748 die
455 717 493 747 23
515 716 633 754 augusti
657 716 745 753 1581),
770 715 874 755 pontis.
895 724 942 744 an.
961 723 988 743 v.

587 885 698 919 CLVII.

271 964 486 1007 Confirmatio
502 962 700 995 venditionis
716 961 777 994 loci
789 971 848 1004 pro
859 960 1023 1002 labriam-

314 1019 364 1051 dis
383 1017 564 1050 carceribus
586 1017 621 1048 in
650 1015 742 1055 Urbe,
764 1018 799 1047 ut
814 1014 951 1053 clericis,
973 1024 1023 1045 rc-

314 1072 450 1115 liyiosis,
483 1070 626 1103 hebraeis
655 1073 684 1101 et
708 1068 902 1101 clzre’stianis
919 1067 1023 1100 deliu-

314 1126 484 1170 equentibus
513 1125 687 1157 discinctus
722 1133 829 1156 carcer
858 1121 1026 1164 assiqnare'

312 1180 426 1223 possit.

315 1273 409 1302 Sixtus
420 1273 492 1309 Papa
502 1271 532 1305 V,
544 1271 576 1300 ad
587 1271 750 1307 perpetuam
760 1270 801 1298 rei
811 1270 980 1298 memoriam.

315 1358 402 1397 Quae
415 1356 522 1390 ordini
542 1355 761 1389 ecclesiastico
782 1361 813 1389 et
828 1354 924 1388 statui
938 1354 1025 1388 chri-

84 1428 218 1449 rrooemmn.
232 1427 256 1447 a,
272 1411 376 1444 stiano
387 1410 480 1443 noxia
493 1421 561 1443 esse
573 1410 733 1450 videntur,
752 1409 979 1442 etscandalum
994 1419 1027 1441 o-

72 1461 136 1510 {ffi'is
150 1459 259 1510 Ἣζζξξζ
273 1464 392 1498 biicere
412 1464 637 1508 perhibentur,
660 1474 677 1496 e
697 1462 804 1496 medio
820 1463 1025 1499 submovere.

72 1522 166 1547 veffluffl·
274 1524 304 1551 et
323 1518 368 1551 eis
389 1518 428 1550 de
448 1516 675 1561 opportuniori
691 1516 849 1560 etaptiori
871 1517 941 1550 loco
954 1528 1028 1561 pro-

274 1571 380 1604 videre
402 1570 683 1615 pernecessarium
709 1576 739 1603 et
767 1570 885 1604 rationi
911 1581 1027 1604 conso-

274 1636 350 1658 num
372 1625 496 1665 existit3
519 1624 606 1667 quod
635 1634 694 1657 nos
714 1635 773 1668 pro
799 1625 901 1657 nostri
919 1630 1027 1668 pasto-

273 1678 349 1711 ralis
369 1678 469 1712 officii
490 1678 611 1717 debito,
636 1677 719 1710 inter
735 1677 797 1710 alia
813 1679 938 1721 quaein
952 1689 1028 1711 ocu-

274 1733 320 1765 los
341 1738 468 1766 nostros
488 1732 674 1773 incurrunt,
700 1731 738 1765 de
759 1731 874 1765 Christi
899 1733 1027 1776 peculio

273 1786 304 1818 in
323 1786 510 1818 carceribus
523 1796 597 1818 cum
613 1785 753 1828 indignis
769 1791 800 1819 et
820 1786 949 1819 reiectis
969 1786 1027 1819 he-

272 1839 376 1872 braeis
388 1839 587 1882 mancipato,
605 1849 645 1871 ne
667 1838 901 1872 exhuiusmodi
914 1850 1026 1873 eorum

273 1897 384 1926 mutua
404 1893 648 1926 conversatione
663 1898 692 1926 et
705 1892 919 1937 permixtione
936 1904 1028 1927 scan-

272 1946 344 1979 dala
373 1952 403 1979 et
431 1947 690 1990 incongruitates
720 1947 885 1987 oriantur,
916 1959 1028 1980 curam

273 2000 472 2043 peculiarem
494 2000 627 2041 habere,
651 2006 681 2033 et
701 2000 758 2042 eis,
782 2012 865 2045 quae
887 2011 945 2045 pro
967 2002 1029 2034 hu-

274 2054 414 2087 iusmodi
435 2054 664 2087 scandalorum
686 2054 868 2088 obviatione
889 2061 920 2088 et
951 2055 1028 2088 abo-

274 2107 407 2149 litione,
439 2114 469 2141 et
502 2108 756 2151 praemissorum
786 2108 923 2142 feliciori
946 2110 1029 2152 regi-

276 2162 362 2194 mine
373 2167 406 2194 et
422 2161 701 2195 administratione
723 2163 806 2195 sacta
826 2173 895 2197 esse
915 2163 1030 2196 dieun-

277 2221 344 2256 tur,
364 2226 405 2248 ne
430 2216 489 2248 sub
516 2215 768 2260 contemptionis
788 2218 944 2260 scrupulo
965 2219 1030 2252 ela-

278 2269 397 2302 bantur
414 2296 421 2310 ,
448 2270 504 2302 sed
534 2269 639 2310 firma,
673 2275 829 2314 perpetua
858 2277 889 2304 et
917 2271 1030 2305 incon-

278 2333 371 2355 cussa
392 2329 615 2366 permaneant,
638 2324 826 2356 muniminis
848 2326 950 2358 nostri
975 2326 1029 2359 fir-

277 2376 419 2409 mitatem
437 2376 577 2410 adiicere
590 2377 745 2418 solemus,
764 2384 861 2421 prout
881 2389 1032 2422 persona-

276 2440 361 2470 rum,
377 2436 560 2474 temporum
577 2435 607 2463 et
628 2432 774 2464 locorum
791 2431 944 2474 qualitate
957 2444 1032 2476 pen-

274 2484 342 2512 sata
372 2480 593 2523 conspicimus
624 2480 655 2513 in
686 2480 825 2514 Domino
859 2482 1032 2515 salubriter

275 2529 438 2572 expedire.

320 2578 335 2621 ἓ
359 2577 390 2611 1.
418 2578 499 2611 Hinc
520 2584 567 2611 est
591 2578 679 2622 quod
705 2578 842 2612 dilectus
862 2579 948 2612 lilius
973 2590 1031 2613 no-

86 2637 202 2659 Cardinatis
219 2638 261 2673 iru-
275 2632 340 2660 ster
360 2627 576 2672 Hieronymus
602 2628 685 2660 tituli
705 2628 841 2661 Sanctae
866 2629 1032 2662 Susannae

74 2669 260 2727 3222'eussgc3sfflssff
276 2676 390 2710 SRE.
416 2677 584 2721 presbyter
609 2677 783 2711 cardinalis
807 2678 1033 2711 Rusticuccius

355 2726 428 2756 Bult.
452 2726 531 2757 Rom.
561 2726 614 2757 Vol.
630 2726 676 2757 IX,
916 2728 953 2757 16

933 289 1037 313 SIXTUS
1057 289 1075 313 V
1095 289 1142 312 PP.

1709 277 1767 311 1021
1832 287 2018 316 An.c.1589

1064 346 1283 385 nuncupatus,
1306 346 1337 373 et
1361 346 1470 373 noster
1497 340 1528 372 in
1549 340 1634 373 alma
1657 340 1739 373 Urbe
1761 351 1817 373 no—
1834 350 1916 370 dunum
1931 351 1954 370 ml
1969 356 2018 371 ear-

1064 400 1129 427 stra
1149 395 1282 438 eiusque
1303 393 1451 427 districtu
1481 394 1617 427 vicarius
1643 395 1814 437 generalis,
1834 387 1896 434 {2¹1⁰}
1908 385 1976 441 plis?
1993 388 2018 403 ⁰*

1064 448 1189 480 ratione
1214 448 1263 480 sui
1290 447 1462 480 vicariatus
1486 446 1585 480 officii
1610 448 1818 481 considerans

1065 500 1218 534 indecens
1243 501 1418 534 admodum
1441 511 1509 534 esse
1530 500 1665 534 clericos
1686 513 1720 534 ar
1743 502 1817 535 reli-

1064 554 1170 597 giosos
1191 555 1286 595 viros,
1309 565 1390 598 quos
1412 566 1470 598 pro
1492 561 1637 598 tempore
1659 566 1694 588 cx
1725 556 1819 589 variis

1065 612 1095 639 ct
1123 608 1254 640 diversis
1284 609 1389 641 causis
1420 608 1603 641 carceribus
1640 609 1817 653 mancipari

1065 660 1234 703 contingit,
1257 661 1639 705 simulelperiuixtimac
1661 674 1724 695 uua
1745 673 1818 696 cum

1066 713 1156 747 laicis
1172 720 1202 747 ct
1223 715 1444 748 saecularibus
1461 716 1607 759 personis
1628 716 1819 760 dclinspicn-

1066 766 1150 799 tibus
1172 778 1207 800 ac
1234 769 1425 801 facinorosis
1451 769 1640 803 hominibus
1669 770 1700 802 in
1726 770 1820 803 dictis

1066 820 1250 853 carceribus
1272 832 1462 864 permanere
1483 828 1513 855 et
1537 822 1670 863 versari,
1694 834 1820 857 necnon

1066 873 1236 914 hebraeos,
1253 884 1336 917 quos
1351 874 1448 907 etiam
1470 877 1630 909 carcerari
1653 877 1820 920 contingit,

1067 936 1141 958 cum
1162 925 1360 967 christianis,
1380 933 1442 960 tam
1466 928 1554 961 laicis
1574 940 1672 972 quam
1695 930 1820 973 religio-

1067 981 1118 1020 sis,
1139 979 1286 1013 habitare
1307 985 1337 1013 et
1362 982 1558 1021 conversari,
1581 988 1612 1015 et
1632 994 1691 1026 pro
1713 984 1821 1017 huius

1068 1034 1153 1066 modi
1167 1034 1328 1067 scandalis
1349 1039 1380 1067 ct
1400 1034 1693 1078 incongruitatibus
1710 1038 1822 1071 tollen-

1066 1087 1126 1127 dis,
1149 1098 1295 1121 carceres
1315 1089 1529 1132 particulares
1539 1095 1744 1133 ctseparatos
1758 1092 1821 1124 cle—

1067 1141 1143 1174 ricis
1168 1148 1198 1175 et
1222 1142 1382 1185 religiosis
1405 1143 1621 1187 hebraeisque
1647 1145 1823 1188 praedictis

1068 1195 1219 1229 constitui
1241 1202 1272 1229 et
1291 1196 1460 1239 assignari;
1483 1197 1677 1241 nullumque
1703 1198 1822 1237 locum,

1068 1260 1164 1292 quam
1195 1251 1369 1293 quamdam
1395 1251 1529 1284 domum
1551 1251 1583 1284 in
1604 1252 1717 1285 eadem
1738 1252 1823 1286 Urbe

1068 1309 1099 1335 et
1120 1304 1251 1346 regione
1262 1304 1383 1345 Pontis,
1402 1305 1489 1338 iuxta
1508 1305 1617 1338 dilecti
1638 1305 1697 1338 filii
1718 1305 1822 1339 Iacobi

1068 1356 1238 1397 clell'fflba,
1266 1363 1353 1391 retro
1379 1358 1501 1391 flumen
1526 1358 1658 1402 Tvberis
1684 1359 1724 1392 ab
1745 1370 1823 1398 uno,

1069 1416 1101 1443 et
1125 1410 1266 1444 carceris
1289 1411 1402 1444 Turris
1422 1411 1526 1445 Novae
1550 1416 1623 1444 ante
1651 1411 1732 1444 viam
1763 1423 1825 1456 pu·

1069 1463 1199 1504 blicam,
1224 1469 1254 1496 et
1274 1464 1354 1497 alios
1375 1464 1444 1497 eius
1461 1463 1645 1498 notissimos
1657 1465 1826 1498 sinesare-

1070 1516 1166 1560 liquis
1186 1517 1342 1551 lateribus
1363 1518 1468 1558 sitam,
1489 1518 1527 1551 ad
1557 1519 1726 1552 ecclesiam
1748 1519 1826 1551 San-

1070 1570 1111 1604 cti
1125 1570 1435 1615 StephaniRotumli
1449 1571 1480 1604 iu
1493 1571 1597 1604 Monte
1618 1571 1704 1604 Celio
1726 1572 1823 1605 dedi-

1070 1629 1119 1657 cta
1132 1624 1216 1658 Urbe
1228 1630 1428 1668 spectantem
1440 1630 1471 1657 et
1484 1625 1621 1668 collegio
1634 1626 1825 1659 Germanico

1070 1684 1101 1711 et
1122 1678 1282 1721 Ungarico
1314 1679 1459 1711 eiusdem
1485 1678 1579 1711 Urbis
1600 1679 1679 1711 alias
1699 1684 1826 1722 aposto-

1070 1732 1131 1764 lica
1152 1732 1347 1766 auctoritate
1368 1732 1510 1773 unitam,
1537 1743 1696 1766 annexam
1725 1738 1755 1765 et
1776 1733 1824 1765 in-

1071 1791 1301 1829 corporatam,
1329 1797 1388 1830 pro
1423 1785 1610 1819 huiusmodi
1638 1787 1826 1819 carceribus

1071 1840 1323 1884 particularibus
1344 1845 1374 1872 et
1412 1840 1568 1883 separatis
1599 1840 1828 1873 construendis

1072 1899 1102 1926 et
1121 1893 1317 1926 fabricandis
1337 1893 1497 1937 aptiorem
1518 1899 1549 1926 et
1570 1894 1827 1927 commodiorem

1072 1958 1150 1988 esse,
1168 1958 1266 1991 super
1287 1947 1472 1991 praemissis
1489 1947 1581 1980 nobis
1602 1958 1675 1980 cum
1694 1948 1828 1980 verbum

1072 2001 1243 2041 habuerit3
1266 2012 1403 2044 nosque,
1424 2001 1600 2044 pracmissa
1611 2001 1728 2033 rationi
1750 2012 1828 2034 con-

1072 2065 1150 2088 sona
1159 2065 1227 2088 esse
1239 2054 1542 2094 animadvertentes,
1557 2055 1702 2088 eiusdem
1715 2054 1829 2088 Hiero-

1073 2109 1159 2152 nymi
1181 2108 1355 2141 cardinalis
1376 2108 1486 2141 relatis
1498 2108 1721 2149 annuerimus,
1740 2119 1830 2152 prae-

1074 2162 1236 2205 missaque
1254 2161 1323 2194 fieri
1344 2167 1372 2194 et
1397 2161 1498 2205 ipsam
1520 2162 1654 2195 domum
1677 2173 1713 2195 ex
1730 2173 1829 2206 pecu-

1073 2215 1134 2248 niis
1155 2216 1421 2260 provenientilms
1442 2222 1473 2249 et
1490 2216 1695 2260 proventuris
1720 2227 1755 2249 ex
1777 2216 1833 2248 de—

1074 2269 1158 2302 lictis
1179 2274 1209 2302 et
1230 2269 1400 2302 maleficiis
1420 2280 1477 2302 seu
1499 2269 1831 2303 confiscationibusil-

1075 2324 1180 2356 lorum
1199 2334 1296 2356 causa
1316 2334 1375 2367 per
1389 2323 1511 2356 dictum
1526 2323 1673 2356 osticium
1694 2323 1829 2357 vicaria-

1076 2383 1124 2410 tus
1150 2377 1239 2410 sactis
1268 2383 1300 2409 et
1330 2388 1367 2410 ex
1392 2383 1469 2411 tunc
1495 2377 1667 2418 faciendis,
1703 2377 1765 2410 cmi
1800 2383 1830 2409 et

1074 2431 1258 2474 comparari
1285 2431 1560 2465 mandaverimus.

1119 2480 1133 2523 ᾗ
1159 2480 1189 2512 ⁴2.
1218 2480 1256 2512 Et
1285 2485 1458 2524 propterea
1491 2481 1629 2513 dilectus
1659 2480 1745 2513 silius
1775 2480 1831 2512 Pe·
1872 2499 2021 2521 “enorme

1075 2536 1143 2562 trus
1168 2530 1326 2563 Antonius
1346 2530 1512 2574 Spinellus
1532 2531 1701 2574 presbyter
1720 2530 1829 2563 Socie—
1845 2533 1872 2557 ⁸¹³
1908 2531 2030 2574 {³⁰¹⁰J³··i⁸¹

1076 2579 1147 2612 tatis
1165 2578 1246 2619 lesu,
1263 2578 1407 2622 dictique
1429 2579 1556 2621 collegii
1579 2584 1697 2620 rector,
1719 2579 1830 2611 volun·
1844 2569 1890 2584 Μ’
1906 2564 1976 2584 ’ΜΗ

1075 2628 1129 2661 tati
1157 2633 1187 2661 et
1205 2628 1366 2660 mandatis
1387 2628 1504 2661 nostris
1528 2628 1753 2671 obtemperare
1775 2637 1829 2659 vo-

1076 2678 1156 2718 lens,
1171 2677 1303 2711 nomine
1320 2677 1398 2711 dicti
1411 2677 1539 2719 collegii
1562 2677 1758 2719 praedictam
1776 2676 1831 2707 do—
