2226 3070
163 262 214 291 An.
233 263 263 291 c.
280 262 348 292 1588
406 253 448 287 tiz)

957 257 1137 283 BULLARIUM
1155 256 1306 281 nOMANUM

364 315 468 348 henda
493 320 588 355 essct,
612 314 674 347 illis
695 313 815 347 aliasin
838 324 896 345 suo
913 312 1029 344 robore
1042 321 1114 354 per·
1155 309 1198 341 vis
1219 309 1250 341 in
1278 308 1401 341 cellulis
1427 308 1682 341 transactionum
1708 318 1806 351 super
1831 318 1905 351 spo-

364 368 537 407 mansuris,
550 368 610 400 liar.
623 367 877 404 viredumtaxat,
892 364 1113 407 speeialiteret
1156 362 1205 394 liis
1226 360 1412 394 huiusmodi
1433 360 1548 393 mentis
1568 361 1821 404 intentionisque
1847 371 1905 393 no-

365 431 511 464 exprcssc
523 421 728 463 derogamus,
744 419 924 460 ceterisque
941 416 1114 449 centrariis

364 474 637 518 quibuscumque.

409 529 521 561 Datum
542 528 662 561 Romae
682 525 767 569 apud
789 525 943 557 Sanctum
968 523 1111 562 Petrum,

364 582 424 613 sub
461 581 582 613 annulo
617 579 798 618 Piscator-is,
834 576 885 610 dic
919 586 952 608 111
984 576 1114 608 decem-

364 634 431 668 bris
451 643 644 673 nnmxxvm,
671 631 877 675 pontificatus
902 629 1002 662 nostri
1031 639 1114 662 anno

364 694 492 731 quarto.

420 745 482 774 Dat.
507 744 554 773 (lic
577 745 594 773 3
610 744 671 772 dec.
694 743 779 779 1588,
796 742 901 781 pontis.
920 751 997 771 anno
1021 750 1060 770 iv.

660 874 817 908 CXXXIX.

367 954 394 987 F
396 957 503 986 ructus
545 952 772 995 Iicncficiormn
813 951 907 993 'requi
948 948 1114 993 Neapolis,

411 1011 548 1049 ternpore
593 1006 696 1038 obitus
739 1004 1022 1046 beneficiatorimt,
1063 1002 1118 1045 qui

409 1071 481 1092 rum
515 1059 653 1092 Csimcrit
686 1057 870 1101 Apostolica
889 1067 983 1099 snper
1005 1056 1117 1099 spoliis

411 1117 649 1156 traitscgscrant,
678 1112 853 1154 pendentes
883 1110 928 1143 vel
952 1120 1016 1142 noa
1043 1120 1117 1141 era-

409 1168 465 1203 cli.
488 1177 553 1200 non
568 1167 610 1198 ml
630 1176 738 1198 eorum
760 1164 909 1197 haeredes
932 1164 976 1196 vel
993 1164 1118 1206 impitu-

409 1222 516 1254 lumct
533 1220 663 1260 clerum,
686 1219 740 1251 sed
756 1219 799 1251 acl
819 1219 923 1261 ipsam
945 1216 1117 1250 Cremeram

408 1278 553 1319 spectant
578 1273 603 1305 ¹.

401 1351 498 1379 Sixtus
510 1350 580 1384 Papa
590 1349 619 1382 V.
633 1349 666 1377 ad
677 1349 840 1384 perpetuam
855 1347 896 1375 rei
911 1346 1080 1375 memoriam.

412 1431 505 1470 Cum,
527 1430 610 1463 sicut
630 1428 828 1472 accepimus,
855 1427 963 1460 variae
990 1426 1118 1460 dubita-

195 1496 353 1531 nubi-‚mem-
368 1485 471 1519 tiones
492 1495 528 1517 ac
557 1483 653 1517 etiam
682 1481 910 1515 contentiones
939 1481 1024 1513 inter
1050 1491 1119 1513 mo-

168 1531 353 1584 ἶξᾛῗζωῼὶῗζο
367 1539 505 1571 dernum
536 1542 563 1569 ct
599 1547 656 1580 pro
683 1542 828 1578 tempore
854 1534 1042 1567 existentem
1065 1544 1121 1567 no-

169 1590 284 1617 N⁰³⁹⁰¹⁵⁵¹
325 1595 351 1609 ’¹¹¹
368 1598 469 1625 strum
499 1596 529 1624 ct
556 1590 646 1624 Sedis
671 1588 873 1633 Apostolicae
903 1587 1060 1621 nuncium
1088 1588 1120 1620 in

170 1622 254 1642 scilicet
273 1621 354 1641 [ructus

170 1652 468 1703 Zssssffil‘ssss'fflsssssegno
482 1644 692 1689 Neapolitano
707 1654 744 1676 cx
766 1653 841 1682 una,
864 1648 895 1675 ct
916 1642 1039 1674 clerum
1061 1642 1122 1674 sin-

172 1698 519 1743 emcii'spemmgularum
541 1697 705 1731 civitatum
727 1702 758 1729 et
771 1696 956 1729 dioecesum
977 1695 1120 1728 ciusdem

170 1744 318 1802 ξῖεῗξξζζζῗω
329 1743 357 1763 Α’
371 1751 461 1795 regni
472 1750 488 1774 2
503 1750 557 1795 qui
572 1761 671 1794 super
686 1749 797 1794 spoliis
807 1749 1002 1782 clericorum
1012 1754 1040 1781 et
1051 1759 1123 1792 pre-

370 1806 574 1850 sbyterorum
594 1803 865 1837 beneficiatorum
881 1813 916 1835 ac
930 1801 1068 1834 alioruin
1079 1802 1122 1835 di-

371 1860 413 1893 eti
433 1858 524 1901 regni
543 1858 582 1891 ab
602 1857 753 1890 humanis
778 1867 837 1900 pro
859 1862 1006 1900 tempore
1027 1856 1122 1889 decc-

371 1912 536 1952 dentium,
568 1922 642 1944 cum
671 1910 765 1943 nohis
796 1916 827 1943 ct
855 1909 988 1943 Camera
1013 1915 1124 1942 nostra

371 1966 555 2010 Apostolica
577 1969 805 2007 transegerunt.
826 1968 857 1996 et
873 1963 1124 2002 concordarunt,

372 2031 551 2063 eorumque
583 2019 752 2058 haeredes,
784 2017 1031 2061 praetendentes
1061 2017 1125 2048 sru-

373 2079 444 2106 ctus
465 2073 699 2106 beneficiorum
721 2071 1030 2109 ecclesiasticorum,
1059 2070 1125 2102 cle-

374 2126 517 2160 ricorum
543 2132 576 2159 et
593 2127 857 2170 presbyterorum
875 2124 953 2157 dieti
975 2124 1066 2166 regni
1087 2123 1125 2156 ab

374 2180 526 2212 humanis
544 2190 601 2223 pro
619 2185 764 2223 tempore
785 2177 1027 2218 decedentium,
1044 2182 1125 2210 tem-

376 2244 454 2276 pore
479 2243 592 2266 corum
613 2233 721 2265 obitus
737 2232 914 2276 pendentes
934 2236 967 2264 et
987 2235 1128 2262 matura-

378 2292 437 2326 tos,
464 2297 501 2319 ac
527 2286 624 2319 ctiam
654 2298 671 2319 a
696 2286 764 2318 solo
787 2285 920 2317 minime
948 2290 1126 2328 separatos,

376 2349 432 2373 seu
452 2351 470 2372 a
490 2339 610 2383 quibus
635 2339 665 2371 id
691 2338 848 2381 contingit
882 2338 1027 2370 nondum
1058 2348 1129 2370 exa-

378 2398 459 2433 ctos,
480 2392 519 2425 ad
540 2393 664 2425 clerum
690 2403 745 2425 seu
772 2391 950 2435 capitulum
980 2391 1029 2424 vel
1056 2390 1129 2423 hac-

379 2446 470 2479 redes
489 2445 756 2478 beneficiatorum
777 2444 977 2483 huiusmodi,
996 2454 1060 2477 non
1076 2455 1128 2476 au-

379 2505 443 2532 tem
451 2498 617 2532 Cameram
627 2498 841 2542 praedictam,
852 2503 1010 2541 spectare,
1020 2507 1131 2540 quam-

417 2563 428 2589 1
452 2561 495 2589 Ad
520 2560 667 2589 materiam
690 2558 846 2595 spoliorum
873 2560 935 2587 vide
960 2563 1050 2587 coust.
1081 2566 1130 2591 vu,

380 2605 443 2634 Iulii
457 2605 506 2639 Ill,
529 2605 598 2632 Cum
612 2605 690 2639 sicat,
706 2608 774 2632 tom.
792 2610 830 2637 iv,
846 2611 908 2638 pag.
926 2605 990 2631 417.
1012 2611 1077 2631 cum
1097 2612 1131 2631 a-

380 2649 424 2678 liis
433 2649 472 2678 ibi
482 2649 620 2678 indicatis.
633 2649 650 2676 Ξ
659 2649 742 2677 Deest
752 2648 823 2676 sorte
832 2655 866 2675 ea:
876 2648 930 2675 alia
939 2651 1018 2683 parte
1029 2652 1059 2682 <a
1081 2648 1131 2680 T.).

1157 420 1239 447 strae
1278 414 1376 447 fueritv
1411 414 1541 447 eosdem
1576 414 1701 446 fructus
1731 413 1908 456 pendentes

1157 478 1440 511 quorumcumque
1455 466 1690 499 beneficiorum
1712 465 1906 499 ecclesiasti-

1157 532 1271 555 corum
1293 522 1324 554 in
1344 520 1456 565 quovis
1476 531 1586 554 mense
1606 531 1666 564 pro
1686 525 1833 563 tempore
1853 529 1907 552 va-

1157 575 1317 615 cantium,
1349 575 1445 608 etiam
1478 574 1566 607 iuxta
1586 573 1688 607 felicis
1708 572 1908 606 recordatio-

1157 628 1206 660 nis
1232 628 1303 661 Iulii
1332 629 1437 672 Papae
1457 627 1507 668 111,
1524 626 1782 672 praedecessoris
1793 626 1907 666 nostri,

1158 681 1422 714 constitutionem
1454 681 1594 724 desuper
1630 679 1764 720 editam,
1801 678 1907 712 eidem

1158 734 1310 767 Gamerae
1327 740 1455 767 nostrae
1476 744 1652 773 reservare,
1675 743 1796 776 eosque
1817 744 1834 765 a
1858 732 1910 765 die

1158 787 1266 820 obitus
1307 787 1574 820 beneficiatorum
1607 797 1712 830 usque
1746 786 1785 819 ad
1824 785 1909 819 diem

1159 846 1271 884 captae
1302 840 1511 884 possessionis
1538 850 1596 883 per
1626 840 1757 872 illorum
1785 850 1910 872 succes-

1159 905 1247 927 sores
1282 894 1313 926 in
1347 894 1443 927 ‹lictis
1474 893 1642 926 benetie-iis
1675 893 1910 932 decurrendos,

1160 948 1264 980 eidem
1286 947 1439 980 Gamerae
1463 946 1641 990 applicare,
1673 945 1705 979 in
1735 945 1804 980 dics
1834 945 1911 979 oriri

1159 1001 1293 1033 soleant.

1205 1054 1219 1096 ξ
1249 1053 1275 1086 1.
1303 1053 1364 1086 Nos
1395 1053 1514 1096 igitur,
1543 1062 1601 1096 pro
1621 1052 1722 1086 nostri
1744 1053 1913 1096 pastoralis

1159 1105 1256 1139 ollicii
1273 1117 1421 1147 munere,
1444 1105 1660 1139 dubitationes
1681 1111 1711 1139 ct
1731 1106 1911 1140 contentio-

1159 1171 1216 1193 nes
1235 1171 1292 1193 seu
1314 1160 1565 1193 controversiam
1585 1159 1774 1193 huiusmodi
1804 1171 1821 1193 c
1847 1171 1913 1194 me-

1160 1214 1212 1246 dio
1234 1214 1347 1247 tollere
1368 1214 1522 1253 volentes,
1544 1218 1633 1246 motu
1659 1213 1792 1258 proprio
1817 1219 1849 1246 et
1875 1225 1913 1247 ex

1161 1273 1248 1300 certa
1269 1273 1379 1301 nostra
1399 1267 1547 1307 scicntia,
1577 1277 1690 1300 omnes
1710 1272 1741 1300 et
1769 1267 1914 1310 singulos

1161 1322 1306 1361 fructus,
1340 1320 1462 1354 reditus
1491 1327 1520 1354 et
1551 1325 1726 1364 pioventus
1755 1330 1913 1363 quorum-

1162 1385 1302 1417 cumque
1333 1373 1568 1407 hcneficiorum
1601 1373 1913 1413 ceclesiasticorum,

1162 1438 1235 1460 cum
1257 1438 1335 1460 cura
1361 1432 1390 1460 ct
1411 1426 1479 1459 sine
1499 1437 1590 1467 cura,
1613 1426 1809 1460 secularium
1830 1431 1861 1460 et
1880 1437 1914 1460 e-

1163 1481 1238 1514 tiam
1259 1481 1447 1524 quorumvis
1467 1480 1625 1514 Ordinum
1647 1480 1860 1523 regularium,
1882 1480 1915 1513 in

1163 1535 1248 1568 dicto
1270 1545 1370 1577 regno
1391 1534 1652 1574 consistentium,
1675 1533 1770 1567 etiam
1783 1533 1815 1566 in
1833 1543 1915 1577 quo-

1164 1599 1305 1631 cumque
1330 1598 1441 1621 mensc
1462 1598 1521 1631 pro
1546 1593 1692 1631 tempore
1716 1587 1914 1628 vacantium,

1165 1648 1228 1675 tam
1261 1648 1335 1675 ante
1375 1642 1499 1675 obitum
1531 1642 1663 1675 illorum
1693 1651 1916 1684 possessorum

1165 1695 1344 1739 pendentes
1365 1701 1396 1728 ct
1422 1699 1610 1734 maturatos,
1631 1705 1669 1727 ac
1689 1694 1786 1727 etiam
1811 1704 1829 1726 a
1849 1693 1918 1727 solo

1166 1749 1298 1782 minime
1328 1754 1493 1792 separatos
1519 1758 1575 1781 seu
1604 1747 1750 1781 nondum
1777 1752 1917 1788 exactos,

1165 1814 1263 1847 quam
1293 1803 1388 1836 ctiam
1418 1807 1491 1846 post
1521 1812 1635 1835 corum
1662 1800 1788 1834 obitum
1816 1811 1919 1845 usque

1165 1857 1206 1890 ad
1231 1857 1316 1890 diem
1337 1861 1448 1901 captae
1462 1855 1675 1900 possessionis
1691 1855 1852 1888 dictorum
1867 1854 1921 1888 be-

1167 1910 1361 1944 neficiorum
1383 1920 1442 1954 per
1465 1918 1668 1943 successores
1693 1908 1725 1941 in
1749 1908 1794 1941 eis
1815 1913 1920 1942 matu-

1168 1964 1286 1997 randos
1306 1968 1337 1997 ct
1356 1974 1413 1996 seu
1433 1962 1669 2002 decurrendos,
1685 1972 1744 2006 pro
1761 1966 1832 1994 rata
1842 1966 1922 1994 tem-

1168 2017 1255 2061 poris
1280 2028 1297 2049 a
1317 2017 1367 2050 dic
1390 2016 1525 2060 adeptae
1545 2015 1758 2059 possessionis
1788 2025 1920 2048 eorum-

1168 2071 1241 2104 dem
1270 2069 1521 2110 beneficiorum,
1554 2069 1594 2101 ad
1619 2069 1723 2112 ipsam
1751 2068 1920 2102 Cameram

1169 2130 1312 2157 nostram
1334 2129 1493 2167 spectare,
1522 2122 1660 2166 illosque
1686 2122 1789 2155 eidem
1811 2122 1922 2156 Came-

1171 2188 1223 2210 rae
1244 2177 1455 2221 applicandos
1480 2187 1566 2216 esse3
1595 2182 1626 2209 et
1646 2176 1718 2209 illos
1746 2186 1804 2219 per
1827 2186 1922 2209 vene-

1170 2231 1305 2264 rabilem
1326 2231 1458 2264 fratrem
1478 2230 1620 2264 Marcum
1650 2229 1829 2262 Antonium
1855 2228 1923 2273 epi-

1170 2295 1305 2328 scopum
1322 2283 1595 2327 Fulginatcnscm,
1611 2283 1805 2316 modernum
1817 2287 1848 2316 et
1865 2293 1924 2326 pro

1171 2344 1316 2382 tempore
1329 2337 1517 2371 existentem
1534 2336 1692 2370 nuncium
1705 2335 1923 2380 apostolicum

1172 2392 1204 2425 in
1226 2402 1325 2434 regno
1346 2391 1511 2435 praedicto
1526 2416 1534 2430 ‚
1562 2400 1620 2433 pro
1650 2389 1763 2422 eadem
1792 2388 1926 2428 Camera

1173 2446 1203 2474 et
1224 2440 1292 2473 eius
1317 2439 1451 2473 nomine
1481 2438 1618 2483 percipi,
1645 2437 1728 2481 exigi
1759 2443 1790 2470 et
1813 2436 1923 2476 levari,

1174 2501 1210 2522 ae
1230 2489 1326 2522 etiam
1348 2499 1407 2533 pro
1429 2487 1567 2520 faciliori
1589 2487 1720 2520 illorum
1748 2484 1925 2523 exactione,

1174 2539 1199 2572 si
1220 2537 1394 2576 videbitur,
1417 2537 1448 2569 in
1470 2537 1533 2569 tine
1554 2536 1642 2575 anni,
1664 2546 1738 2569 cum
1758 2544 1926 2567 successo-

1175 2589 1266 2622 ribus
1287 2589 1318 2621 in
1339 2588 1430 2621 (lictis
1456 2587 1623 2620 1›enes1‹·2;s
1642 2584 1865 2630 computandi,
1876 2584 1925 2617 di-

1175 2637 1316 2680 videndi,
1338 2642 1370 2671 et
1389 2637 1520 2671 illorum
1537 2636 1583 2670 sic
1598 2635 1773 2669 divisorum
1789 2633 1928 2679 quemli-

1920 250 1972 280 An.
1989 251 2019 279 C.
2038 250 2106 279 1589

1953 1059 2072 1080 borlerano
2089 1063 2109 1080 ei

1927 1090 2007 1111 decisio
2027 1096 2107 1117 supra-

1927 1122 1976 1142 dicit
1999 1121 2066 1147 dubii,
2084 1121 2109 1141 ad

1925 1152 2020 1173 favorem
2035 1151 2111 1173 Came-

1926 1189 1972 1205 rae.
