2226 3070
71 264 124 297 An.
141 266 170 295 C.
188 267 256 296 1589

96 659 207 679 Decretum
229 659 254 679 de

73 696 111 717 quo
128 692 148 710 in
161 691 252 711 rubrica.

94 1463 190 1484 Eiusdem
208 1464 251 1483 ol·—

68 1496 176 1515 servantia
200 1501 251 1515 oni-

68 1527 129 1546 nibus
150 1528 251 1546 iniuncta.

940 263 1043 288 SIXTUS
1063 262 1082 286 V
1101 262 1148 286 PF.

269 319 440 365 quacibus‚
456 319 514 353 sub
534 318 631 353 variis
647 318 867 364 praetextibus
878 317 1020 350 huicde-

269 380 357 407 creto
381 374 588 418 acquiescere
605 378 766 412 recusant,
784 372 815 404 in
838 371 1020 404 animarum

269 438 401 461 suarum
428 427 621 470 periculum,
648 425 866 469 perniciosum
890 434 1020 468 quoque

269 482 453 525 exemplum
480 487 509 514 et
531 480 720 514 scandalum
741 479 1021 523 plurimorum‚e0

269 535 345 580 quia
359 535 390 568 in
407 535 501 569 dictis
521 534 725 567 monasteriis
749 538 837 566 ortae
858 532 1000 564 suerunt.

314 590 328 633 g
345 588 376 622 ⁶2..
400 589 474 629 Nos,
498 593 681 632 praesentes
697 585 886 619 huiusmodi
904 585 950 617 uti
972 596 1021 617 va-

269 654 327 677 nos
347 642 540 682 reiieientes,
558 652 593 674 ac
615 639 790 684 praemissa
803 639 929 671 debitae
950 649 1022 671 exe-

269 696 392 730 cutioni
413 694 603 729 demandari
624 693 803 737 cupientes,
826 693 976 725 volumus
991 697 1019 724 et

268 749 446 794 apostolica
466 748 657 782 auctoritate
690 746 910 786 decernimus,
932 745 1020 789 quod

267 805 434 837 decretum
456 802 657 847 praedictum
676 812 775 845 super
792 799 1020 837 triennalitatc,

267 857 502 890 abbatissarum
529 856 661 893 sactum,
693 865 799 891 suum,
823 860 858 887 ut
876 864 934 898 par
960 859 1018 893 est,

267 910 418 943 effectum
440 910 556 943 habeat
574 909 606 941 in
636 909 788 942 omnibus
818 907 1021 941 monasteriis

269 964 458 997 monialium
485 964 516 997 S.
537 963 659 1002 Clarae,
689 968 719 995 et
739 963 778 995 ad
799 972 941 1005 unguem
964 961 1020 993 ob—

268 1023 426 1057 servetur,
453 1017 495 1050 ita
513 1023 632 1057 tamen,
647 1017 685 1049 ad
703 1016 886 1060 pacandum
902 1014 1018 1058 iurgia,

268 1083 351 1115 quae
372 1072 404 1104 in
420 1071 507 1104 dicto
522 1071 719 1104 monasterio
731 1069 937 1102 Avinionensi
953 1073 1021 1101 orta

268 1130 353 1166 sunt,
377 1136 414 1158 ex
434 1124 565 1169 speciali
582 1124 684 1168 gratia
705 1123 923 1162 concedimus,
936 1122 1021 1166 quod

268 1179 425 1212 moderna
446 1178 607 1211 abbatissa
632 1177 709 1210 dicti
732 1176 921 1210 monasterii
947 1188 1021 1220 pos—

267 1233 308 1266 sit
332 1243 523 1276 permanere
548 1231 581 1264 in
602 1231 709 1265 osticio
731 1242 789 1264 suo
809 1230 1022 1264 abbatissatns

268 1287 307 1320 ad
326 1286 516 1327 triennium,
539 1297 557 1318 a
577 1285 627 1319 die
640 1285 773 1318 ultimae
794 1296 871 1318 suae
893 1284 1023 1318 electio-

268 1341 319 1374 nis
338 1340 563 1385 capitulariter
583 1341 683 1373 sactae
705 1338 975 1382 computandum.

312 1395 326 1438 ἓ
346 1394 376 1428 3.
405 1395 448 1427 Ac
470 1394 662 1426 mandamus
683 1392 833 1426 omnibus
855 1392 1020 1432 ministris,

268 1447 411 1491 generali
432 1453 462 1481 et
482 1447 737 1492 provincialibus
754 1457 791 1479 ac
802 1447 1024 1479 visitatoribus

267 1502 429 1535 dictorum
465 1501 752 1539 monasteriorum,
780 1505 940 1543 quatenus
962 1500 1022 1533 boc

268 1556 435 1589 decretum
446 1566 545 1598 super
556 1554 773 1587 triennalitate
786 1553 1022 1586 abbatissarum

268 1609 455 1642 huiusmodi
477 1609 600 1641 editum
616 1608 647 1640 in
669 1607 820 1640 omnibus
838 1613 868 1640 et
888 1607 1024 1650 singulis

269 1662 473 1698 monasteriis
508 1662 644 1695 Sanctae
683 1661 794 1694 Clarae
837 1661 1023 1704 quarumvis

269 1717 508 1761 provinciarum
521 1716 559 1749 ad
570 1726 714 1758 unguem
732 1714 894 1748 observari
906 1715 1021 1748 faciant

268 1776 298 1804 et
322 1776 449 1811 curent,
464 1769 720 1803 contradictores
740 1769 901 1812 quoslibet
923 1774 954 1802 et
975 1780 1023 1802 re-

267 1825 376 1865 belles,
388 1824 688 1868 etpraemissisnon
700 1828 864 1867 parentes,
880 1833 937 1866 per
953 1833 1024 1855 sen-

268 1879 394 1919 tentias,
418 1889 571 1912 censuras
591 1884 622 1911 et
642 1888 762 1922 poenas
787 1877 1023 1910 ecclesiasticas

267 1933 394 1976 aliaque
420 1939 604 1977 opportuna
625 1931 705 1964 iuris
725 1937 755 1964 et
773 1931 846 1964 sacti
865 1931 1020 1970 remedia,

267 1987 486 2031 appellatione
502 1993 640 2025 remota,
664 1986 915 2029 compescendo,
938 1986 1023 2018 invo-

268 2046 338 2074 cato
359 2041 454 2074 etiam
475 2041 514 2073 ad
532 2041 606 2081 boc,
629 2040 653 2072 si
671 2051 752 2083 opus
772 2040 879 2079 fuerit,
902 2039 1022 2072 anxilio

268 2095 391 2128 brachii
405 2095 599 2128 saecularis.

313 2149 371 2192 §la
395 2149 566 2182 Praeterea
585 2148 735 2180 volumus
755 2147 842 2190 quod
865 2147 952 2191 ipsae
969 2148 1022 2180 ab·

1064 327 1192 350 necnon
1216 315 1256 348 ad
1281 326 1317 349 ea
1342 312 1462 353 onmia,
1486 323 1568 356 quae
1595 313 1815 357 promiserunt

1064 372 1127 405 Deo
1148 373 1330 409 observare,
1344 375 1407 402 tam
1429 368 1460 401 in
1482 379 1592 401 earum
1610 368 1703 407 votis,
1716 379 1812 411 quam

1064 427 1129 459 suis
1155 424 1275 468 regulis
1300 429 1330 457 et
1354 422 1658 462 constitutionibus3
1681 421 1768 464 quod
1790 420 1814 453 si

1064 492 1156 514 scens
1176 486 1282 513 actum
1310 478 1417 519 fuerit,
1441 477 1471 510 id
1498 487 1593 509 omne
1616 475 1737 508 nullius
1762 487 1814 508 ro-

1064 535 1150 567 boris
1169 535 1217 567 vel
1230 533 1383 567 momenti
1400 533 1536 567 existere
1554 545 1588 567 cx
1602 544 1689 567 nunc
1702 534 1815 568 decer-

1064 588 1182 621 nimus.

1107 642 1172 685 {5
1199 642 1267 675 Non
1303 641 1503 675 obstantibus
1531 642 1695 686 quibusvis
1721 653 1815 686 prae-

1064 696 1203 729 textibus
1223 707 1259 728 ac
1281 695 1567 729 constitutionibus
1589 701 1617 729 ct
1634 695 1816 729 ordinatio-

1063 749 1159 781 nibus
1169 749 1365 792 apostolicis,
1378 761 1414 782 ac
1437 749 1709 783 monasteriorum
1722 761 1816 794 prae-

1064 803 1236 843 dictorum,
1259 802 1453 844 iuramento,
1472 803 1720 836 confirmatione
1739 815 1817 847 apo-

1064 857 1176 890 stolica
1193 857 1241 889 vel
1262 857 1374 900 quavis
1388 857 1540 889 firmitate
1561 858 1623 890 alia
1644 858 1815 898 roboratis,

1064 912 1190 944 statutis
1228 917 1258 944 et
1294 911 1606 945 consuetudinibus:
1643 912 1819 956 privilegiis

1064 976 1208 1010 quoque,
1232 964 1366 997 indultis
1387 970 1414 997 et
1442 964 1556 997 litteris
1581 966 1767 1008 apostolicis
1786 966 1818 999 in

1065 1019 1264 1053 contrarium
1292 1018 1396 1059 sactis,
1426 1018 1599 1057 concessis,
1633 1019 1820 1062 approbatis

1065 1079 1094 1106 et
1116 1072 1284 1105 innovatis.
1308 1071 1432 1110 Quibus
1457 1071 1620 1112 omnibus,
1643 1083 1756 1105 eorum
1777 1077 1822 1106 te-

1065 1138 1160 1159 nores
1173 1125 1463 1170 praesentibuspro
1477 1125 1636 1168 expressis
1651 1125 1820 1165 habentes,

1066 1180 1128 1213 illis
1145 1180 1224 1213 alias
1237 1180 1270 1212 in
1292 1190 1350 1212 suo
1372 1179 1490 1212 robore
1508 1179 1742 1223 permansuris,
1761 1179 1821 1212 bac

1064 1235 1133 1268 vice
1159 1234 1326 1266 dumtaxat
1341 1232 1526 1277 specialiter
1546 1238 1574 1266 et
1598 1243 1747 1277 expresse
1768 1233 1823 1266 de-

1066 1299 1236 1330 rogamus,
1278 1286 1458 1330 ceterisque
1493 1287 1664 1320 contrariis
1685 1286 1821 1331 quibus-

1066 1353 1217 1384 cumque.

1110 1397 1124 1440 ξ
1150 1396 1179 1429 6.
1203 1396 1359 1429 Volumus
1374 1401 1481 1429 autem
1492 1395 1578 1439 quod
1598 1395 1819 1439 praesentium

1066 1450 1289 1494 transumptis,
1318 1455 1375 1483 etc.

1110 1504 1223 1537 Datum
1255 1504 1375 1537 Romae
1401 1504 1487 1547 apud
1526 1504 1556 1537 S.
1585 1504 1729 1543 Petrum,
1761 1504 1821 1536 sul)

1067 1558 1187 1591 annulo
1197 1558 1377 1598 piscatoris,
1390 1557 1440 1590 die
1451 1568 1523 1591 xxlv
1533 1558 1639 1591 martii
1651 1568 1821 1597 MDLxxxix,

1066 1612 1275 1655 pontificatus
1294 1612 1397 1645 nostri
1419 1623 1503 1645 anno
1523 1623 1564 1645 iv.

1101 1666 1164 1697 bat,
1185 1667 1232 1696 die
1250 1667 1286 1697 15
1303 1667 1402 1696 martii
1422 1666 1507 1703 1589,
1527 1667 1632 1706 pontis.
1650 1677 1726 1696 anno
1744 1677 1782 1697 lv.

1377 1824 1502 1857 CXLIV.

1067 1908 1194 1940 Poenae.
1229 1913 1258 1941 ct
1305 1908 1550 1951 confiscationes
1585 1908 1820 1951 maleficiorzmz

1109 1963 1261 2006 cm'usque
1280 1963 1425 1994 civitatis
1449 1966 1478 1994 ct
1497 1966 1601 1994 terrae
1624 1962 1737 1995 Status
1756 1963 1820 1996 Ec-

1109 2016 1280 2049 clesiastici
1299 2016 1501 2059 locorumque
1538 2017 1568 2048 ci
1591 2017 1818 2053 subiectorwn.

1109 2071 1320 2114 applicantur
1344 2070 1547 2102 Renerendac
1569 2069 1724 2103 Gamerae
1734 2070 1820 2114 Apo-

1108 2126 1251 2165 stolicae,
1273 2135 1346 2157 cum
1363 2124 1530 2156 nommllis
1552 2125 1685 2157 statutis
1710 2129 1738 2158 et
1768 2136 1820 2157 or-

1108 2179 1335 2212 dinationibus
1365 2178 1451 2210 circa
1478 2189 1591 2210 earnm
1617 2179 1818 2212 abactionem

1829 257 1881 285 An.
1900 255 1927 284 C.
1946 256 2013 285 1590

1904 641 2016 665 Derugaiio

1833 677 1995 694 contrariorum,

1875 1400 2020 1427 'transumptis

1836 1432 1903 1452 danda
1919 1432 1979 1452 fides.

98 2212 254 2233 rimoirien-
268 2202 417 2243 batissae,
453 2203 544 2235 finito
574 2213 685 2235 earum
716 2201 866 2234 triennali
901 2201 1019 2241 officio,

71 2245 105 2264 nio
132 2243 253 2264 abbatissae
915 2255 920 2259 ·

70 2276 95 2296 de
111 2276 207 2296 omnbus
224 2282 254 2296 m.
270 2261 441 2289 teneantur
452 2256 588 2289 reddere
600 2260 792 2299 computum
814 2260 845 2287 et
863 2260 1021 2287 rationem

69 2308 255 2328 uonemredciere
271 2320 383 2342 eorum
416 2310 583 2349 omnium,
606 2315 682 2341 “tam
709 2309 891 2347 redituum,
924 2320 1021 2352 quam

1109 2238 1203 2277 atquc
1222 2232 1487 2265 distributionem
1507 2233 1726 2266 observandis.

1131 2331 1226 2359 Sixtus
1246 2330 1398 2366 episcopus.
1421 2337 1517 2359 servus
1533 2338 1675 2360 servorum
1699 2333 1754 2365 nei.

70 2338 155 2359 debent.

271 2364 465 2408 pensionum
479 2369 509 2396 et
529 2363 821 2405 eleemosynarum,
839 2372 922 2405 quae
943 2363 1023 2394 inte-

271 2418 331 2451 rim
353 2417 559 2462 perceperint
580 2417 612 2450 in
633 2416 726 2450 dictis
747 2416 970 2455 monasteriis3
994 2422 1023 2449 et

270 2467 295 2500 si
320 2467 399 2510 quid
424 2466 598 2510 supererit,
622 2466 700 2499 illud
734 2471 835 2498 totum
862 2466 953 2498 noris
974 2465 1023 2498 in—

271 2516 431 2549 trantibus
456 2515 624 2548 abbatissis
653 2515 844 2558 consignare
876 2515 1022 2554 debcant,

271 2565 509 2609 praecipientes
530 2565 575 2597 eis
595 2564 627 2597 in
650 2565 766 2597 virtute
787 2570 916 2596 sanctae
950 2564 1024 2596 obe-

271 2616 409 2648 dientiae
431 2620 591 2659 (prutenus
608 2614 639 2647 ln
661 2614 813 2647 omnibus
835 2614 870 2646 iis
891 2620 1022 2657 pai-eant

271 2671 300 2697 et
322 2665 475 2699 obediant
489 2665 553 2698 suis
578 2664 802 2708 superioribus
815 2663 1020 2708 supradictis,

351 2714 425 2744 Butl.
450 2714 525 2743 an.
548 2714 601 2744 Vol.
625 2713 674 2743 IX.
908 2714 945 2743 10

1221 2385 1254 2412 ad
1270 2385 1433 2419 perpetuam
1444 2385 1485 2413 rei
1495 2385 1665 2414 memoriam.

1110 2468 1155 2500 Aa
1181 2468 1363 2501 Romanum
1381 2469 1571 2502 Pontificem
1594 2470 1734 2513 pertinet
1754 2482 1818 2504 non

1068 2517 1177 2557 modo,
1198 2518 1244 2549 uti
1267 2528 1474 2551 communem
1506 2524 1628 2562 patrem
1655 2530 1692 2552 ac
1713 2525 1819 2563 pasto-

1069 2576 1133 2597 rem
1157 2566 1254 2599 totius
1280 2567 1474 2601 christianae
1503 2567 1701 2612 reipublicae
1726 2579 1821 2610 gene-

1069 2615 1166 2647 ralem
1186 2626 1295 2648 curam
1310 2616 1487 2660 suscipere,
1502 2617 1554 2649 sed
1570 2617 1719 2660 privatim
1738 2627 1818 2660 quo-

1067 2675 1130 2707 qne
1165 2665 1360 2708 populorum
1384 2666 1483 2709 ipsius
1505 2666 1535 2697 S.
1560 2666 1596 2698 R.
1620 2666 1654 2698 Ε.
1694 2665 1820 2705 ditioni,

1864 2482 1984 2502 l'rommium
