2226 3070
373 312 526 356 Sequitur
543 312 753 355 privileslium
769 311 926 354 praefecti
946 310 1044 342 liuius
1071 319 1123 341 ar-

418 366 757 408 elticonlraternitatis
777 363 990 397 interessendz'
1007 363 1121 395 visita-

421 419 562 452 tionibus
582 429 746 452 careerum
769 417 872 450 Urbis.

177 260 229 287 An.
248 259 277 286 C.
294 259 359 287 {589

415 518 511 546 sixtus
521 518 589 553 Papa
598 517 627 549 V.
640 517 673 544 ad
683 516 845 552 perpetuam
858 514 898 543 rei
914 514 1083 543 memoriam.

419 597 496 629 Cum
513 597 618 629 dilecti
632 596 688 628 tilii
706 595 882 627 confratres
902 594 1121 628 arcliiconfra-

207 656 287 677 Rei-11³0
308 661 361 691 opes
377 650 533 683 ternitatis
553 649 681 681 Pietatis
700 648 944 681 Carceratorum
966 648 997 680 in
1018 649 1121 681 eccle-

179 695 232 746 11121,
248 690 362 739 „ffiiissi‘fi
376 704 421 736 sia
441 704 472 736 S.
493 703 625 735 Cosmae
644 708 671 735 et
690 701 834 734 Damiani
852 701 992 744 regionis
1017 702 1122 735 Pineae

179 750 361 805 [ῖᾞξῇᾞῗζξηῒ
376 758 414 790 de
445 757 527 789 Urbe
566 756 722 788 canonico
750 755 932 795 institutae,
956 755 1096 798 plurima
1112 782 1120 794 ,

179 811 361 863 '32f¹2¹5¹sjjn¹232s
377 811 463 843 iuxta
484 809 645 843 laudabile
666 819 778 841 eorum
802 808 1002 849 institutum,
1019 808 1121 852 pieta-

179 875 203 893 ‹ie
229 873 303 900 quibus
325 879 361 892 su·
377 864 416 896 tis
436 868 465 896 et
489 863 628 896 caritatis
649 873 746 905 opera
767 872 916 895 exercere
948 872 1122 895 consueve-

179 911 222 930 W'
376 917 451 956 rint,
464 916 650 960 praesertim
663 916 748 948 circa
758 921 950 954 carceratos,
967 925 1021 948 eos
1036 915 1122 948 ordi-

377 970 475 1003 natim
492 969 658 1009 visitando,
673 979 770 1013 opere
783 974 813 1001 et
824 968 958 1001 consilio
970 968 1121 1009 iuvando,

376 1024 504 1066 aliaque
525 1023 578 1066 pia
601 1033 701 1065 opera
719 1022 865 1055 faciendo
889 1022 974 1055 circa
992 1022 1122 1055 illorum

376 1083 443 1110 tum
460 1077 662 1120 corporalem
679 1083 744 1109 tum
764 1075 964 1120 spiritualem
986 1076 1123 1109 subven-

379 1132 509 1170 tionem,
523 1136 617 1173 prout
625 1130 718 1163 etiam
735 1130 834 1173 probe
847 1129 993 1162 novimus
1004 1129 1080 1161 dum
1092 1129 1122 1161 in

378 1184 557 1217 minoribus
573 1194 727 1221 essemus,
741 1194 777 1216 ac
791 1183 934 1216 eiusdem
957 1183 1125 1216 archicon-

379 1237 584 1271 fraternitatis
602 1236 790 1280 protectoris
817 1247 950 1269 munere
974 1237 1123 1278 fungere-

379 1303 462 1324 mur.
477 1292 792 1334 Etp1·opterea,cum
810 1301 867 1323 nos
879 1290 984 1322 divina
1000 1289 1124 1323 bonitas

377 1346 585 1378 adsummum
598 1344 796 1389 apostolatus
807 1343 931 1386 apicem
948 1343 1122 1382 extulisset,

378 1399 469 1432 initio
489 1398 589 1431 nostri
612 1397 826 1441 pontificatus,
848 1397 952 1430 officia
973 1397 1124 1430 commis-

378 1452 514 1485 sariatus
526 1451 814 1484 condemnatorum
824 1451 862 1483 ad
876 1450 1034 1491 triremes,
1050 1462 1124 1484 neo-

379 1517 441 1539 non
470 1505 640 1538 visitatoris
666 1515 847 1544 carcerum,
880 1509 946 1536 tum
976 1505 1125 1547 publico—

379 1570 449 1592 rum
475 1565 541 1591 tum
563 1564 775 1597 secretorum,
798 1558 836 1590 ad
857 1557 1022 1591 Cameram
1042 1559 1126 1602 Apo-

378 1613 523 1645 stolicam
554 1618 630 1645 tunc
660 1612 848 1655 spectantia,
876 1612 915 1645 ab
935 1612 1046 1645 eadem
1074 1613 1127 1646 Ga-

380 1677 467 1699 mera
495 1665 844 1705 dismembravorimus,
869 1676 995 1698 necnon
1020 1666 1125 1699 eidem

379 1719 726 1752 arcliiconfraternitati
748 1719 1017 1762 applicaverimus
1028 1725 1058 1752 et
1073 1731 1127 1763 ap-

381 1773 664 1816 propriaverinms,
694 1773 826 1816 ipsaque
847 1773 952 1806 officia
972 1773 1128 1807 hactenus

382 1826 518 1858 maxima
538 1837 610 1858 cum
631 1826 748 1869 pietate
773 1837 831 1869 per
840 1827 1015 1859 confratres
1034 1838 1126 1870 prae-

380 1880 500 1919 dictos,
523 1880 618 1912 etiam
640 1880 760 1923 absque
782 1880 845 1911 ulla
867 1880 1015 1913 mercede
1036 1886 1128 1913 antea

382 1945 438 1977 per
468 1933 585 1966 dictam
610 1933 775 1965 Cameram
805 1934 1020 1976 ⁴&postolicam
1056 1945 1129 1977 pro-

383 1993 491 2030 pterea
512 1986 580 2018 dari
606 1986 749 2029 solvique
770 1987 876 2027 solita,
907 1987 1128 2020 administrata

382 2040 513 2073 suerint.

426 2094 440 2137 ξ
461 2094 490 2126 l.
514 2094 587 2133 Nos,
615 2094 853 2127 considerantes
872 2095 958 2137 quod
981 2095 1005 2127 si
1027 2095 1058 2127 in
1083 2095 1128 2127 vi-

211 2150 368 2186 1'f⁰⁰¹·³¹·¹f¹⁵d⁵*
383 2148 529 2180 sitatione
550 2159 715 2180 carcerum
737 2159 795 2191 pro
818 2153 963 2191 tempore
993 2148 1129 2181 existens

184 2183 368 2234 {rizefflgirlip-iRZ-algz
384 2201 526 2233 eiusdem
556 2201 920 2234 arcliiconfraternitatis
952 2202 1130 2244 praefectus

184 2245 367 2297 2:¹5¹}{ati'gssffi'ssfmis'ss
384 2254 612 2294 interveniret,
636 2255 704 2287 eius
735 2255 913 2287 assistentia
943 2255 1128 2288 huiusmodi

185 2311 303 2359 {f·‘“l¹†¹‘'¹¹¹¹
328 2305 368 2327 ’ὼ-
384 2307 476 2340 dictis
493 2308 667 2341 carceratis
688 2308 718 2339 in
736 2308 799 2340 illis
816 2308 972 2349 iuvandis,
995 2319 1031 2341 ac
1052 2319 1129 2341 con-

384 2361 536 2394 fratribus
555 2361 592 2393 ad
614 2361 777 2404 praedicta
797 2372 894 2405 opera
915 2363 1129 2395 exercendum

384 2415 583 2455 animandis,
611 2415 701 2447 valde
723 2416 807 2447 utilis
829 2421 856 2448 et
880 2416 1037 2459 proficua,
1061 2415 1131 2459 qui-

384 2469 472 2502 nimo
501 2469 597 2501 etiam
619 2469 798 2501 necessaria
819 2475 913 2509 esset,
937 2470 968 2501 in
989 2470 1050 2502 hoc
1070 2470 1129 2512 igi-

386 2527 438 2554 tur
466 2521 646 2566 providere,
670 2532 706 2554 ac
736 2522 913 2555 confratres
942 2523 1028 2566 ipsos
1062 2533 1131 2566 spe-

420 2608 429 2634 1
447 2607 486 2634 De
506 2606 625 2634 istorum
639 2606 816 2634 visitatorum
831 2607 1011 2635 facultatibus
1030 2607 1092 2635 vide
1103 2607 1131 2634 in

383 2650 422 2678 Pii
440 2650 469 2678 V.
487 2654 576 2678 const.
594 2657 641 2685 cu,
662 2651 819 2686 Reverendi,
840 2655 908 2680 tom.
925 2657 973 2686 vn,
989 2658 1052 2687 pag.
1069 2652 1130 2679 688.

965 256 1142 280 BULLARIUM
1167 255 1316 279 ROMANUM

1928 257 1977 283 An.
1995 255 2023 282 C.
2043 256 2109 283 1589

1164 309 1237 342 ciali
1279 309 1340 341 hoc.
1375 307 1541 352 privilegio
1572 309 1726 342 decorare
1759 310 1910 350 volentes,

1164 367 1253 395 motu
1275 361 1410 406 proprio
1431 367 1463 394 et
1483 372 1519 394 ex
1541 367 1628 395 certa
1649 367 1756 395 nostra
1780 363 1913 396 scientia

1163 427 1200 448 ac
1230 415 1269 448 de
1295 415 1491 459 apostolicae
1513 415 1677 458 potestatis
1697 415 1910 460 plenitudine,

1165 474 1199 502 ut
1224 468 1262 502 de
1292 474 1399 502 cetero
1431 468 1596 512 perpetuis
1616 469 1733 502 suturis
1761 470 1913 514 tempori-

1163 523 1223 556 bus
1252 522 1285 555 in
1314 522 1545 556 visitationibus
1565 533 1731 556 carcerum
1757 534 1913 566 quorum-

1164 587 1304 620 cumque
1320 576 1424 610 dictae
1443 576 1550 616 Urbis,
1574 582 1636 609 tam
1659 577 1797 620 publicis
1815 588 1913 620 quam

1164 630 1306 673 privatis,
1321 641 1379 674 pro
1391 635 1536 673 tempore
1553 630 1720 671 faciendis,
1740 636 1835 674 prout
1848 642 1913 664 mo-

1164 683 1208 716 ris
1223 689 1280 724 est,
1300 695 1358 727 per
1380 694 1531 727 personas
1552 684 1589 716 ad
1604 684 1634 716 id
1656 684 1836 727 deputatas,
1855 696 1914 729 pro

1164 743 1309 781 tempore
1331 738 1468 771 existens
1488 738 1592 770 dictae
1612 738 1916 772 arcliiconfraterni-

1165 791 1238 824 tatis
1270 792 1452 835 praefectus
1484 791 1677 825 intervenire
1710 797 1741 825 et
1762 792 1916 826 interesse

1165 845 1273 890 possit,
1295 856 1369 878 cum
1390 851 1462 877 voto
1483 845 1674 885 consultivo,
1697 851 1860 889 tamquam
1877 858 1915 879 u-

1165 910 1225 932 nus
1250 910 1286 931 ex
1314 899 1505 931 visitationis
1533 898 1720 932 huiusmodi
1751 900 1913 943 praelatis,

1165 951 1670 996 apostolicaauctoritate,tenore
1684 954 1913 995 praesentium,

1166 1012 1325 1051 perpetuo
1355 1005 1564 1039 concedimus
1589 1011 1620 1038 et
1649 1006 1864 1050 indulgemus,
1893 1007 1916 1040 i-

1166 1071 1325 1104 psumque
1341 1059 1538 1104 praefectum
1553 1070 1611 1102 pro
1625 1064 1770 1102 tempore
1780 1060 1916 1094 existen-

1166 1119 1228 1147 tem
1250 1113 1282 1146 in
1301 1113 1438 1146 aliorum
1459 1112 1659 1145 visitatorum
1682 1124 1855 1146 numerum
1878 1125 1914 1148 ex

1166 1178 1251 1200 nunc
1272 1165 1456 1210 recipimus,
1482 1165 1694 1205 admittimus;
1714 1167 1868 1210 quodque
1884 1167 1917 1200 in

1166 1221 1287 1254 eisdem
1304 1219 1552 1260 visitationibus,
1575 1224 1638 1252 tam
1660 1220 1800 1263 publicis
1819 1232 1917 1264 quam

1166 1275 1298 1308 secretis
1322 1274 1594 1317 quibuscumque,
1622 1284 1659 1305 ac
1686 1278 1749 1306 tarn
1780 1275 1919 1308 votando

1166 1339 1262 1373 quam
1285 1328 1484 1361 consulendo
1505 1333 1535 1360 et.
1559 1327 1711 1365 sedendo,
1729 1333 1802 1372 post
1814 1329 1919 1362 almae

1166 1382 1259 1416 Urbis
1289 1381 1470 1425 praedictae
1506 1381 1755 1423 gubernatorem
1791 1393 1917 1415 necnon

1168 1436 1311 1469 eiusdem
1351 1434 1503 1468 Gamerae
1532 1434 1711 1467 auditorem
1743 1440 1775 1468 et
1812 1446 1919 1469 carce-

1168 1500 1240 1521 rum
1269 1488 1457 1521 eorumdem
1486 1487 1684 1530 praesidem,
1713 1499 1750 1521 ac
1781 1495 1853 1532 post
1881 1500 1917 1522 o-

1169 1553 1259 1575 nmes
1278 1552 1330 1574 eas
1351 1551 1506 1584 personas
1520 1551 1602 1584 quae
1621 1540 1798 1574 decisivum
1809 1547 1916 1575 votum

1169 1596 1200 1628 in
1221 1594 1400 1628 visitatione
1424 1593 1612 1627 huiusmodi
1632 1594 1763 1635 habent,
1791 1595 1918 1628 etiamsi

1169 1649 1269 1682 laicus
1296 1653 1389 1688 esset,
1413 1659 1523 1681 verum
1544 1648 1629 1681 inter
1649 1658 1704 1682 eos
1729 1648 1786 1692 qui
1809 1654 1918 1682 votum

1170 1702 1383 1736 consultivum
1420 1707 1542 1735 tantum
1574 1701 1705 1742 habent,
1736 1703 1917 1736 secundum

1170 1755 1419 1789 ecclesiasticam
1440 1753 1591 1798 propriae
1608 1765 1764 1797 personae
1779 1755 1918 1798 dignita-

1171 1815 1247 1848 tem,
1270 1809 1312 1842 ita
1326 1814 1361 1842 ut
1376 1809 1546 1853 episcopus
1559 1819 1624 1841 non
1638 1807 1802 1852 episcopo,
1826 1819 1863 1842 ac
1878 1809 1920 1842 si-

1171 1863 1289 1896 militer
1304 1863 1388 1896 inter
1404 1863 1483 1895 alias
1501 1861 1733 1895 ecclesiasticas
1753 1862 1922 1905 dignitates

1171 1917 1351 1950 obtinentes
1373 1916 1527 1949 maiorem
1552 1915 1701 1948 obtinens
1718 1915 1920 1958 dignitatem,

1171 1971 1367 2015 praecedere
1387 1970 1512 2010 debeat,
1535 1969 1619 2002 dicta
1638 1969 1830 2003 auctoritate
1848 1980 1922 2014 per-

1170 2030 1268 2068 petuo
1283 2023 1455 2058 statuimus
1470 2028 1501 2056 et
1520 2023 1721 2056 ordinamus.

1215 2078 1229 2121 ξ
1250 2077 1281 2110 2.
1305 2076 1526 2118 Eumdemque
1557 2076 1756 2119 praefectum
1778 2075 1823 2108 sic
1843 2076 1920 2110 assi·
1962 2089 2035 2111 nunus
2062 2090 2121 2111 eiua-

1171 2131 1296 2171 stendo,
1327 2129 1585 2169 interveniendo,
1618 2129 1769 2169 votando,
1803 2140 1921 2163 consu·
1936 2120 2120 2174 ξ’,ῗᾮωιξζᾞῗξᾞ

1172 2184 1267 2217 lendo
1276 2190 1305 2216 et
1317 2183 1470 2222 sedendo,
1489 2183 1579 2215 nullo
1600 2193 1756 2226 umquam
1777 2188 1923 2227 tempore
1936 2184 2118 2236 “gffiffimnw

1173 2248 1230 2281 per
1253 2236 1334 2269 alios
1357 2236 1462 2268 dictae
1487 2234 1678 2268 visitationis
1695 2236 1857 2279 praelatos
1872 2236 1922 2269 vel
1936 2221 1947 2242 p
2074 2231 2078 2235 ”

1171 2291 1251 2323 alios
1271 2290 1304 2322 in
1325 2300 1361 2322 ea
1381 2289 1575 2329 assistentes,
1599 2288 1696 2321 etiam
1716 2289 1825 2332 vigore
1845 2300 1923 2332 quo-

1173 2354 1387 2386 rumcumque
1404 2342 1647 2386 privilegiorum
1664 2347 1695 2375 et
1711 2341 1921 2384 indultorum,

1174 2404 1235 2431 tam
1257 2409 1274 2430 a
1289 2396 1441 2430 Romanis
1461 2396 1672 2430 Pontificibus
1696 2396 1923 2439 praedecesso-

1172 2447 1261 2479 ribus
1277 2446 1405 2486 nostris,
1428 2456 1527 2489 quam
1548 2456 1565 2478 a
1585 2445 1678 2478 nobis
1698 2451 1729 2478 et
1741 2445 1821 2478 Sede
1836 2445 1922 2489 Apo-

1173 2495 1296 2534 stolica,
1320 2495 1366 2527 vel
1392 2494 1470 2526 alias
1496 2504 1701 2537 quacumque
1717 2494 1918 2534 auctoritate,

1172 2544 1231 2585 via,
1255 2554 1350 2577 causa
1367 2548 1397 2575 et
1408 2553 1445 2576 ex
1460 2542 1569 2586 quavis
1584 2542 1752 2576 occasione
1766 2542 1922 2575 hactenus

1173 2603 1399 2627 concessorum
1421 2596 1451 2624 et
1468 2591 1501 2624 in
1522 2596 1686 2635 posterum
1700 2590 1922 2624 concedendo-

1173 2653 1258 2683 rum,
1282 2641 1445 2675 molestari
1467 2650 1523 2673 seu
1544 2639 1730 2684 inquietari,
1753 2643 1808 2672 aut
1834 2640 1918 2679 loco,
