2226 3070
220 280 269 307 An.
291 280 318 308 c.
337 280 399 309 1591
450 271 515 305 460

461 332 478 372 g
498 330 528 364 3.
546 330 661 374 Sieque
675 336 703 364 et
722 341 786 364 non
800 331 891 364 aliter
910 341 967 374 per
987 341 1158 373 quoscum-

219 418 224 439 ,
246 391 401 412 clausor-»sub-
417 394 479 426 que
492 383 612 417 iudices
626 390 656 417 et
669 384 914 422 commissarios,
925 383 1035 426 quavis
1048 389 1158 416 aucto-

227 420 269 438 ”a‘
417 436 509 470 ritate
539 438 722 479 fungentes,
751 437 876 469 sublata
908 436 952 468 eis
984 442 1015 469 et
1046 447 1158 469 eorum

417 490 547 523 cuilibet
567 490 676 533 quavis
696 490 788 523 aliter
805 489 968 522 iudicandi
1000 495 1031 522 et
1061 489 1158 522 inter·

416 543 563 586 pretandi
584 543 731 576 facultate
752 548 781 575 et
809 542 1014 583 auctoritate,
1039 543 1158 586 ubique

416 595 550 628 iudicari
571 601 601 628 et
621 595 751 628 dissiniri
773 595 906 633 debere,
931 595 1055 629 irritum
1077 607 1158 640 quo—

417 640 483 692 que
500 654 531 682 et
551 648 645 681 inane
665 648 823 692 quidquid
843 660 934 682 secus
957 660 1054 693 super
1073 650 1121 683 his
1141 661 1159 683 a

417 712 592 745 quoquam,
627 701 736 744 quavis
765 702 964 743 auctoritate,
996 703 1154 743 scienter,

416 755 464 788 vel
484 755 670 797 ignoranter
689 755 859 797 contigerit
876 756 1034 797 attentari,
1050 757 1159 790 decer-

415 808 531 841 nimus.
914 850 919 855 ,

459 862 474 905 ἓ
493 861 524 895 4.
548 862 732 896 Mandantes
753 863 962 897 nihilominus
981 864 1156 897 venerabili

416 915 520 948 Fratri
552 915 795 960 archiepiscopo
825 917 979 959 Burgensi
1009 929 1095 951 nunc
1129 923 1159 951 et

414 980 473 1014 pro
493 975 639 1013 tempore
655 970 811 1010 existenti,
828 982 864 1004 ac
884 971 1007 1005 dilectis
1028 971 1101 1005 filiis
1122 972 1158 1004 11-

414 1023 475 1056 lius
495 1023 685 1056 officialibus
699 1029 729 1056 et
743 1023 896 1057 ministris
910 1025 1059 1058 omnibus
1073 1025 1153 1065 aliis,

414 1077 644 1121 cuiuscumque
664 1083 782 1118 status,
807 1079 928 1112 ordinis
949 1085 979 1112 et
999 1080 1156 1113 conditio-

412 1130 461 1163 nis
480 1130 543 1163 sint
559 1131 607 1164 vel
628 1130 755 1171 suerint,
769 1131 928 1165 iudicibus
949 1138 978 1165 et
998 1133 1153 1176 personis,

412 1183 537 1227 quoties
568 1194 626 1227 pro
655 1189 744 1227 parte
783 1184 941 1217 dictorum
973 1186 1155 1229 capellano-

1001 282 1183 307 BULLAMUM
1203 282 1356 306 Romnum

1236 341 1311 362 rum,
1330 330 1404 363 Iesu
1426 330 1563 370 Christi,
1584 330 1697 364 Sancti
1716 331 1825 364 Iacobi
1848 335 1877 364 et
1895 331 1933 364 cle

1236 384 1315 417 Avis
1337 388 1496 427 tanquam
1515 385 1702 418 earumdem
1732 385 1934 419 militiarum

1236 437 1538 470 administratorem
1556 437 1576 470 ¹.

1948 281 1997 309 An.
2019 281 2046 309 C.
2065 280 2132 309 1591

1193 515 1372 543 charissimo
1398 516 1430 543 in
1450 516 1567 544 Christo
1593 517 1656 545 filio
1675 520 1778 545 nostro
1798 518 1934 553 Philippo

1228 561 1429 596 portugalliae
1455 564 1486 589 et.
1505 563 1711 597 Alqarbiorum
1738 563 1803 597 regi
1832 565 1935 592 catho-

1227 607 1294 640 lico,
1316 606 1491 634 militiarum
1519 608 1590 635 Iesu
1610 607 1729 641 christi,
1764 608 1867 636 Sancti
1887 610 1934 636 Ia-

1227 650 1292 677 cohi
1314 653 1345 677 et
1365 651 1400 678 de
1420 650 1492 678 Avis
1512 651 1543 678 in
1563 658 1654 686 regno
1671 652 1873 686 Portuqalliae
1889 652 1935 680 in-

1227 695 1403 722 stitutarum
1423 699 1567 730 perpetuo
1598 695 1834 724 administratori
1866 704 1936 731 apo-

1227 739 1335 767 stolica
1355 740 1535 767 auctoritate
1557 741 1700 774 deputato

1364 792 1549 833 Gregorius
1562 793 1656 834 Papa
1669 793 1761 823 XIV.

1284 851 1463 879 charissime
1483 852 1515 880 in
1532 852 1648 880 Christo
1668 853 1712 880 fili
1731 855 1845 886 noster,

256 923 400 948 Exequuiores
1226 897 1356 924 salutem
1379 899 1410 924 et
1430 897 1626 931 apostolicam
1649 897 1898 926 benedictionem.

217 950 278 969 huius
306 949 399 969 mandati

217 976 318 1001 designat.

1238 969 1253 1009 g
1268 967 1298 1000 1.
1314 967 1483 1001 Maiestatis
1504 973 1576 1001 tuae
1589 968 1721 1002 nomine
1732 968 1826 1002 nobis
1839 980 1935 1013 expo-

1190 1021 1286 1054 situm
1308 1021 1367 1054 fuit
1387 1022 1485 1065 quod,
1509 1033 1582 1055 cum
1603 1021 1680 1055 alias
1700 1022 1800 1056 felicis
1820 1034 1930 1057 recor-

1192 1074 1329 1108 dationis
1358 1075 1443 1108 Sixto
1474 1075 1508 1116 V,
1542 1076 1779 1119 praedecessori
1808 1082 1930 1118 nostro,

1191 1129 1305 1172 exponi
1326 1128 1454 1162 fecisses
1474 1130 1561 1173 quod
1582 1135 1752 1173 postquam
1773 1130 1851 1164 alias
1870 1131 1933 1164 ela·
1948 1144 2133 1192 {itiitffi'ffiff

1191 1194 1244 1215 rae
1265 1183 1439 1216 memoriae
1453 1184 1657 1217 Sebastianus
1676 1184 1891 1228 Portugalliae
1903 1191 1935 1219 et
1949 1197 2039 1218 iusmodi
2049 1197 2133 1218 muma-

2025 983 2134 1005 Sebastia-

1949 1016 1994 1035 nus,
2003 1011 2105 1032 Henrieus
2114 1013 2135 1031 et

1949 1037 2058 1064 Philippus
2073 1044 2134 1064 reges

1948 1064 2046 1085 nonnulla
2079 1064 2134 1084 fece<

1949 1093 1995 1111 rant
2016 1091 2072 1111 hona
2092 1091 2133 1111 tide

1949 1119 2022 1138 contra
2030 1118 2062 1138 vel
2071 1123 2132 1143 prae-

242 1776 333 1802 bosogast
349 1782 397 1796 eon-

216 1805 292 1823 trariis.

413 1248 485 1269 rum
505 1247 562 1270 seu
591 1236 823 1281 cuiuscumque
853 1238 982 1271 illorum
1013 1239 1155 1282 requisiti

413 1290 542 1331 suerint,
559 1290 746 1334 praemissa,
763 1291 914 1324 omnibus
935 1292 1012 1326 iuris
1032 1298 1063 1326 et
1083 1293 1155 1326 facti

412 1343 573 1384 remediis,
597 1343 693 1376 etiam
713 1344 771 1377 sub
792 1345 936 1378 censuris
965 1351 995 1379 et
1014 1346 1131 1389 ,poenis
1145 1374 1152 1387 ,

413 1396 545 1430 arbitrio
565 1396 708 1440 ipsorum
725 1397 930 1441 imponendis
943 1404 973 1432 et
986 1400 1156 1432 moderan-

413 1450 471 1490 dis,
506 1450 545 1482 ab
577 1450 727 1483 omnibus
762 1450 965 1485 inviolabiter
993 1453 1155 1486 observari

412 1503 548 1543 faciant;
586 1514 652 1537 non
687 1504 909 1548 permittentes
943 1507 1072 1539 eosdem
1103 1517 1155 1540 ca-

412 1557 557 1601 pellanos
582 1568 638 1590 seu
663 1558 839 1601 quemlibet
864 1558 993 1592 illorum
1020 1561 1157 1604 desuper

412 1611 451 1644 ab
473 1611 580 1655 aliquo
601 1613 845 1655 quomodolibet
862 1614 1025 1647 molestari
1038 1615 1085 1647 vel
1098 1615 1156 1647 im-

412 1665 528 1709 pediri.

458 1721 474 1761 g
496 1718 525 1751 5.
560 1719 631 1752 Non
662 1719 863 1754 obstantibus
900 1722 1085 1764 praemissis
1120 1733 1156 1756 ac

413 1771 695 1806 constitutionibus
709 1779 739 1806 et
755 1774 1012 1808 ordinationibus
1030 1782 1156 1819 aposto-

414 1826 492 1866 licis,
511 1837 570 1859 nec
590 1837 655 1859 non
677 1827 973 1869 consuetudinibus,
989 1829 1083 1862 etiam
1098 1830 1156 1862 1111-

414 1880 698 1919 memorabilibus,
732 1892 768 1914 ac
793 1881 943 1915 omnibus
971 1882 1049 1923 illis,
1074 1895 1155 1927 quae

413 1934 445 1966 in
477 1939 612 1976 utraque
642 1934 869 1967 constitutione
901 1946 1052 1969 concessa
1082 1943 1153 1970 sunt

413 1998 477 2020 non
498 1987 623 2020 obstare
638 2014 645 2027 ‚
669 1988 865 2032 caeterisque
886 1990 1054 2022 contrariis
1086 1991 1155 2034 qui-

413 2041 625 2084 buscumque.

456 2096 569 2128 Datum
589 2096 709 2128 Romae
729 2095 761 2128 in
786 2096 890 2129 Monte
910 2097 1075 2137 Qurinali,
1096 2098 1154 2131 sub

414 2150 532 2182 annulo
553 2149 739 2190 Piscatoris,
764 2150 815 2183 die
842 2161 922 2185 xx111
943 2151 1011 2184 iulii
1032 2162 1150 2192 111οΧ61,

414 2204 617 2248 pontificatus
636 2205 735 2238 nostri
756 2216 840 2238 anno
862 2217 882 2239 1.

449 2267 507 2294 Dat.
524 2268 568 2295 die
583 2268 616 2295 ⁹23
635 2268 692 2295 iulii
714 2268 790 2303 1591,
807 2273 880 2305 pont.
893 2278 935 2296 an.
953 2277 970 2296 1.

729 2437 846 2470 XXXV.

414 2524 618 2559 Revatidatio
638 2529 783 2558 actorum
801 2537 860 2569 per
889 2537 995 2570 regyem
1019 2528 1155 2560 catholi-

458 2588 532 2610 cum
547 2578 775 2621 Portuqatliae
795 2583 823 2611 et
842 2580 1079 2622 Alyarbiorum
1103 2592 1155 2623 (Je-

459 2634 584 2664 storum
597 2635 708 2664 contra
727 2632 775 2664 vel
792 2636 921 2674 praeter
937 2634 1077 2675 formam
1089 2638 1154 2666 sta-

462 2688 605 2719 tutorum
629 2689 659 2718 et
688 2685 984 2719 stabilimentorum
1014 2687 1173 2730 militia-¹

1190 1237 1416 1279 Algarbiorum
1436 1249 1489 1271 rex
1509 1238 1697 1271 militiarum
1718 1239 1789 1272 lesu
1805 1239 1930 1281 Christi,

1190 1290 1295 1323 Sancti
1312 1291 1417 1324 Iacohi
1439 1297 1470 1324 et
1489 1292 1529 1324 de
1549 1292 1620 1324 Avis
1646 1292 1678 1325 in
1698 1303 1798 1335 regno
1818 1293 1933 1326 Portu-

1190 1345 1304 1386 galliae
1336 1345 1553 1379 institutarum
1586 1346 1827 1380 administrator
1856 1357 1934 1391 apo-

1190 1398 1302 1431 stolica
1333 1399 1522 1432 auctoritate
1554 1400 1739 1443 deputatus,
1774 1400 1932 1444 quaedam

1190 1456 1316 1491 statuta,
1341 1451 1560 1485 ordinationes
1590 1458 1620 1486 61
1650 1452 1866 1486 stabilimenta
1892 1454 1934 1487 ad

1190 1505 1378 1537 earumdem
1391 1505 1578 1538 militiarum
1595 1506 1788 1548 gubernium
1810 1512 1840 1540 et
1858 1518 1934 1551 pro-

1190 1569 1315 1602 speram
1355 1559 1564 1593 directionem
1603 1559 1812 1602 condidisset,
1851 1572 1934 1605 quae

1190 1613 1395 1655 postmodum
1427 1613 1528 1647 felicis
1558 1614 1788 1648 recordationis
1816 1614 1889 1649 Pius
1909 1616 1933 1648 V

1191 1670 1220 1699 et
1240 1665 1412 1708 Gregorius
1433 1667 1510 1708 XIII,
1534 1667 1797 1710 praedecessores
1817 1668 1929 1710 nostri,

1192 1724 1265 1752 tunc
1282 1720 1341 1760 sui,
1362 1720 1538 1763 apostolica
1555 1721 1744 1755 auctoritate
1761 1721 1933 1756 confirma-

1190 1779 1264 1806 runt
1285 1779 1316 1806 et
1335 1775 1567 1818 approbarunt,
1596 1776 1808 1809 concedentes
1828 1776 1932 1810 eidem

1190 1827 1375 1861 Sebastiano
1407 1828 1473 1870 regi
1509 1833 1540 1861 et
1577 1828 1661 1861 illius
1696 1830 1933 1864 successoribus

1191 1881 1347 1914 dictarum
1380 1881 1567 1915 militiarum
1604 1883 1929 1926 administratoribus,

1190 1939 1234 1971 ut,
1249 1945 1307 1977 pro
1329 1935 1517 1967 eorumdem
1535 1941 1727 1969 statutorum
1745 1937 1932 1971 executi0ne

1190 1993 1220 2020 ct
1249 1988 1481 2029 stabilimento,
1516 2000 1740 2033 quaecumque
1776 1990 1838 2023 alia
1872 2002 1932 2035 pro

1190 2047 1384 2085 temporum,
1409 2042 1553 2076 locorum
1575 2048 1605 2076 et
1624 2054 1836 2086 personarum
1856 2055 1932 2077 con-

1190 2096 1310 2129 ditione
1342 2102 1372 2129 61
1401 2097 1564 2140 qualitate,
1594 2097 1657 2131 sive
1689 2097 1720 2130 in
1747 2098 1931 2132 universum

1188 2150 1253 2183 sive
1274 2150 1305 2183 in
1325 2151 1442 2194 specie,
1459 2151 1630 2186 convenire
1652 2152 1846 2193 viderentur,
1870 2158 1933 2186 sta-

1189 2209 1288 2244 tuere,
1313 2204 1408 2237 noxia
1428 2205 1475 2237 vel
1496 2205 1620 2238 inutilia
1638 2206 1821 2246 emendare,
1835 2206 1933 2241 dubia

1189 2268 1412 2301 quaecumque
1442 2270 1476 2291 ex
1507 2259 1678 2302 praedictis
1710 2260 1790 2293 sorte
1811 2260 1933 2294 oritura

1189 2312 1363 2352 declarare,
1398 2318 1588 2356 caeteraque
1619 2313 1728 2346 omnia
1763 2314 1866 2347 facere
1901 2320 1933 2348 et

1189 2364 1301 2408 exequi
1328 2365 1429 2398 libere
1455 2371 1486 2398 et
1506 2366 1592 2400 licite
1613 2367 1764 2407 valerent,
1788 2378 1871 2411 quae
1891 2368 1931 2402 ad

1189 2418 1330 2462 ipsarum
1352 2419 1541 2452 militiarum
1554 2420 1811 2464 prosperitatem,
1829 2421 1932 2455 incre-

1190 2478 1334 2506 mentum
1347 2479 1377 2506 et
1396 2474 1672 2507 conservationem
1690 2474 1871 2508 necessaria
1884 2476 1931 2509 so-

1189 2532 1260 2559 rent
1279 2532 1310 2561 et
1341 2527 1585 2570 quomodolibet
1616 2534 1812 2572 opportuna,
1836 2534 1932 2572 prout

1189 2580 1221 2612 in
1254 2580 1385 2613 diversis
1420 2581 1608 2614 eorumdem
1646 2582 1929 2625 praedecessorum

1188 2633 1301 2666 litteris
1321 2633 1446 2677 plenius
1467 2635 1706 2675 continebatur;
1729 2635 1814 2669 idem
1834 2635 1930 2670 Seba-

1226 2698 1236 2722 l
1255 2695 1294 2723 Ex
1309 2696 1416 2732 Regest.
1433 2696 1460 2724 in
1475 2696 1576 2725 Secret.
1593 2697 1730 2724 Brevium.

1947 1230 2000 1246 rum.
