2226 3070
873 308 971 332 iunnx
992 307 1098 332 amru
1651 293 1714 329 057

295 368 379 401 cium
400 368 588 402 subdiaconi
610 376 639 402 ct
661 369 787 402 diaconi
810 379 999 411 graecorum
1021 368 1159 402 alumnis
1188 378 1224 401 ex
1254 368 1449 402 Graecorum
1480 367 1616 406 collegio
1637 368 1757 400 Romae

293 422 444 456 existente
465 423 598 463 confert,
623 424 676 468 qui
699 423 824 457 diaconi
843 429 871 456 et
892 423 1081 456 subdiaconi
1103 428 1197 455 crunt
1217 421 1404 460 numerarii,
1420 431 1484 454 non
1510 421 1756 465 participantes,

294 476 374 508 ibid.
392 482 419 509 et
434 476 491 508 2251
510 488 544 515 ιη
561 477 686 521 hocque
707 477 876 510 occasione
890 476 1116 519 resignationis
1137 475 1322 509 huiusmodi
1341 475 1435 508 officii
1459 475 1559 507 factae
1574 485 1589 506 a
1604 474 1759 507 balduino

294 529 398 562 Felice
413 530 550 563 diacono
565 536 592 563 et
606 530 963 564 SebastianoChiarazzi
982 530 1181 562 subdiacono
1194 540 1253 574 pro
1266 540 1380 572 graeca
1399 529 1518 571 lingua,
1536 528 1613 560 ibid.
1632 527 1758 560 Alumni

294 583 332 615 ad
354 582 415 615 hoc
437 583 611 626 deputandi
630 595 648 617 a
665 584 903 628 protectoribus
924 584 998 617 dicti
1020 583 1158 625 collegii,
1180 583 1313 625 singulis
1334 582 1520 626 privilegiis,
1535 581 1651 614 salario
1671 592 1760 612 cxci·-

292 642 358 679 pto,
374 636 447 669 huic
469 637 575 670 officio
589 638 719 671 adnexis
736 638 887 679 gaudent,
911 637 970 670 suh
992 637 1175 670 obedientia
1198 643 1303 670 tamen
1324 636 1457 669 rectoris
1472 635 1610 675 collegii,
1628 634 1706 666 ibid.
1730 635 1756 665 b.

293 689 381 732 lique
402 690 531 723 ordines
552 691 740 725 diaconatus
761 698 791 724 et
810 691 1061 724 subdiaconatus
1082 690 1225 734 recipere
1250 696 1381 734 possunt
1412 701 1429 723 a
1450 689 1612 721 cardinale
1634 687 1759 727 collegii

293 749 475 786 protectore
493 745 553 785 vel,
578 745 616 777 de
637 745 705 777 eius
723 745 862 782 licentia,
884 756 901 778 a
919 755 1125 788 quocumque
1147 744 1306 777 catholico
1326 743 1476 781 antistite,
1494 743 1533 775 ad
1554 743 1678 775 titulum
1694 742 1760 772 col-

292 796 378 836 legii,
404 797 482 830 ibid.
507 804 537 831 et
555 798 618 830 252
639 810 669 831 a.
694 799 857 832 Contraria
878 799 986 832 omnia
1007 799 1099 835 tollit,
1125 798 1219 831 etiam
1239 797 1409 831 interstitia
1430 808 1446 830 a
1468 796 1609 829 Concilio
1627 795 1759 828 Triden-

293 850 360 883 tino
381 852 564 889 constituta,
589 852 668 885 ibid.

203 904 392 947 Capellanus
414 905 521 947 regius
536 906 677 949 capellae
699 906 782 948 regis
803 906 1028 950 Hispaniarum
1048 906 1247 939 ordinariam
1262 905 1518 939 iurisdictionem
1530 914 1627 947 super
1649 914 1760 936 omnes

296 958 439 992 eiusdem
462 960 553 992 aulae
574 960 747 993 familiares
767 971 784 993 a
805 961 860 993 Pio
881 961 904 992 V
925 960 1074 999 obtinuit,
1099 960 1163 992 403
1189 960 1216 992 b.
1238 959 1411 999 Gregorius
1442 959 1506 991 xlv
1535 958 1620 990 dicto
1648 957 1757 1000 capel-

293 1012 366 1045 lano
388 1013 573 1045 facultatem
595 1014 752 1047 concessit
772 1014 940 1047 ecclesiam
965 1014 1024 1046 sibi
1053 1014 1192 1056 eligendi
1222 1023 1281 1057 pro
1303 1011 1581 1045 administratione
1613 1011 1760 1043 munium

292 1066 528 1109 parochialium
550 1066 642 1100 dictis
663 1067 886 1106 familiaribus,
903 1066 968 1099 404
981 1079 1011 1105 α,
1040 1073 1069 1100 et
1091 1067 1160 1099 aliis
1180 1065 1411 1108 subdelegandi
1432 1065 1597 1109 propriam
1619 1064 1760 1097 auctori-

294 1125 401 1156 tatem,
427 1120 504 1152 ibid.
530 1121 561 1156 b:
581 1121 792 1153 confessarios
813 1131 870 1164 pro
892 1120 975 1163 regis
996 1122 1069 1153 aula
1089 1120 1276 1164 deputandi,
1294 1126 1323 1152 et
1338 1119 1577 1163 praedicatores
1594 1129 1652 1161 pro
1674 1117 1761 1157 regia

292 1173 424 1216 capella,
449 1173 546 1211 ibid.‚·
568 1174 784 1207 Eucharistiae
806 1175 936 1207 deinum
957 1175 1200 1207 Sacramentum
1224 1174 1266 1205 ihi
1286 1172 1462 1209 detinendi,
1487 1171 1551 1204 sitta
1571 1183 1601 1204 [ι.

203 1226 457 1269 Capuccinorum
467 1226 563 1260 Ordo.
578 1227 808 1260 Franciscanae
827 1227 1003 1270 Religionis
1023 1227 1274 1267 commendatio,
1295 1226 1359 1259 »4402
1381 1227 1408 1259 b.
1427 1226 1589 1259 Pauluslll
1604 1223 1756 1268 Capucci-

291 1290 407 1312 norum
428 1280 572 1313 habitum
587 1281 656 1313 aliis
670 1281 782 1314 vetavit
797 1293 804 1317 ·,
820 1281 851 1314 id
866 1281 970 1325 ipsum
985 1281 1104 1314 PiuslV
1118 1281 1285 1325 praestitit,
1301 1280 1365 1313 443
1377 1291 1406 1313 a.
1423 1279 1597 1322 Gregorius
1612 1288 1685 1311 vero
1694 1278 1759 1310 Xlll

290 1332 380 1365 illum
398 1333 565 1377 prohibuit
585 1334 737 1367 fratribus
754 1335 849 1367 Tertii
865 1334 991 1368 Ordinis
1005 1335 1111 1368 Sancti
1131 1334 1303 1370 Francisci,
1321 1334 1399 1366 ibid.
1426 1334 1513 1367 Idem
1534 1332 1678 1365 Pontifex
1700 1332 1761 1363 sra-

290 1386 392 1420 tribus
412 1387 680 1421 Conventualibus
694 1388 884 1421 Reformatis
901 1388 1017 1421 dictam
1040 1388 1292 1432 prohibitionem
1314 1387 1485 1425 innovavit,
1503 1396 1680 1429 eorumque
1698 1385 1757 1417 ha-

289 1440 391 1473 bitum
412 1441 599 1483 designavit,
625 1442 703 1474 ibid.
726 1442 752 1474 b.
778 1441 1005 1485 Receptionem
1026 1442 1281 1486 Capuceinoruin
1301 1441 1421 1474 eisdem
1443 1439 1635 1473 Reformatis
1656 1439 1757 1471 inter-

290 1493 385 1533 dicta,
407 1494 501 1533 ibide,
525 1495 723 1539 eaeterisque
744 1496 893 1528 omnibus
913 1496 1040 1528 babitus
1060 1496 1314 1539 Capuetdnorum
1336 1494 1528 1538 prohibitus,
1554 1493 1616 1525 444
1636 1503 1667 1526 a.

201 1547 298 1591 Caput
317 1548 492 1581 Domorum
514 1548 602 1581 locus
624 1549 654 1581 in
675 1549 771 1586 Urbe,
796 1548 859 1581 *188
878 1549 905 1581 b.

201 1601 310 1633 Carasa
331 1601 487 1635 Antonius
508 1602 537 1635 S.
562 1603 597 1634 R.
626 1603 658 1634 E.
684 1603 866 1642 cardinalis,
890 1602 1163 1636 Cartbusiensium
1197 1602 1395 1636 Breviarium
1425 1601 1602 1637 examinat,
1630 1599 1694 1632 2268
1727 1600 1754 1632 b.

290 1654 468 1688 Nonnullas
488 1655 574 1698 leg-es
595 1666 612 1687 a
633 1655 777 1699 Capitulo
792 1657 920 1689 Lucano
942 1657 1114 1690 servandas
1135 1657 1253 1693 statuit,
1278 1655 1341 1688 :322
1364 1656 1391 1688 b.

200 1707 350 1741 Carceres
370 1719 428 1752 pro
457 1708 603 1747 clericis,
628 1713 698 1748 etc„
723 1709 762 1742 ab
784 1709 820 1742 iis
841 1710 978 1753 separati
1009 1710 1061 1754 qui
1096 1710 1244 1742 haebreis
1275 1710 1492 1752 assignantur,
1517 1708 1575 1740 «121
1601 1719 1619 1739 a
1641 1714 1669 1740 et
1690 1718 1754 1750 seq.

290 1762 460 1794 Careerum
482 1762 627 1795 custodia
648 1763 966 1796 confraternitatiluis
992 1763 1155 1795 charitatis
1187 1763 1324 1799 addicta,
1353 1761 1417 1794 3:30
1442 1773 1471 1794 a.
1502 1762 1534 1794 V.
1560 1761 1663 1795 Sixtus
1683 1761 1704 1793 V
1727 1767 1757 1792 et

290 1814 435 1848 Clemens
456 1815 530 1848 VIII.

199 1867 414 1901 Cardinalium
435 1868 646 1911 Congregatio
664 1869 807 1902 instituta
827 1870 866 1903 ad
885 1870 1102 1912 cognitionem
1121 1870 1344 1913 gravaminum
1363 1881 1399 1903 ae
1419 1870 1523 1902 litium
1542 1868 1756 1902 communita-

290 1927 357 1954 tum
378 1922 483 1955 Status
504 1922 728 1962 Ecclesiastiei,
752 1922 817 1955 602¹,
836 1924 862 1956 b.

199 1975 358 2008 Cardinali
379 1976 657 2021 archipresbytero
675 1977 825 2010 basilicae
846 1978 875 2010 S.
901 1978 985 2011 Petri
1008 1977 1244 2011 iurisdictiones
1265 1988 1283 2010 a
1304 1978 1403 2010 Paulo
1421 1978 1459 2010 111
1487 1982 1515 2009 et
1546 1977 1602 2009 Pio
1620 1977 1656 2009 IV
1682 1987 1757 2009 con-

290 2040 396 2062 cessae
417 2029 652 2063 confirmantur
672 2041 689 2063 a
709 2030 797 2064 Sixto
818 2031 852 2069 V,
877 2030 941 2064 184
964 2041 1000 2071 α;
1024 2037 1052 2064 et
1080 2031 1277 2074 ampliantur
1297 2041 1356 2075 pro
1377 2030 1560 2073 cognitione
1586 2041 1755 2063 causarum

291 2083 595 2120 ecclesiasticarum,
622 2083 700 2116 ibid.
728 2084 765 2125 b,-
788 2085 895 2117 addita
916 2090 1071 2128 potestate
1103 2085 1299 2121 summarie,
1324 2085 1541 2128 appellatione
1565 2084 1754 2127 postposita.

290 2137 516 2178 cognoscendi,
546 2136 604 2169 185
626 2137 656 2175 b‚·
680 2137 710 2169 in
733 2137 820 2170 curia
850 2146 880 2170 et
915 2144 1002 2171 extra
1023 2149 1093 2171 cam
1126 2138 1256 2176 citandi,
1282 2139 1381 2174 ibid..-
1404 2148 1514 2171 causas
1543 2137 1697 2171 avocandi
1727 2144 1756 2169 et

290 2190 521 2227 reassumendi,
544 2190 641 2226 ibid:
664 2191 812 2224 mandata
831 2192 993 2225 executiva
1014 2192 1208 2224 decernendi
1230 2197 1420 2235 (arderaquc
1441 2192 1472 2223 in
1496 2191 1680 2235 praemissis
1706 2193 1753 2223 fa-

290 2243 406 2282 ciendi,
424 2243 488 2275 '1851
509 2244 526 2275 b
550 2249 579 2276 et
603 2254 666 2287 seq.
695 2245 781 2277 Idem
803 2245 974 2278 cardinalis
994 2245 1091 2278 habet,
1112 2246 1244 2289 insuper
1264 2246 1523 2289 superioi·it.‘ttem
1548 2246 1579 2278 in
1600 2246 1752 2278 fabricam

289 2297 394 2330 Sancti
415 2297 500 2329 Petri
515 2297 648 2341 eiusque
669 2297 832 2337 officiales,
863 2298 921 2331 18ss
943 2300 970 2339 b,
995 2305 1024 2332 et
1046 2299 1077 2331 in
1096 2299 1165 2332 lites
1186 2300 1225 2332 ad
1246 2310 1315 2332 eam
1335 2305 1526 2343 spectantes,
1551 2299 1614 2332 1187
1632 2311 1662 2332 a.

201 2351 346 2384 Cardona
365 2351 430 2393 (de)
451 2350 623 2394 Oppidum.
653 2352 686 2384 V.
710 2352 866 2385 Vineentii
889 2353 950 2396 (S.)
968 2352 1210 2386 monasterium.

200 2404 388 2437 Carmelitae
410 2409 472 2437 tam
494 2405 607 2437 fratres
628 2416 724 2448 quain
758 2405 932 2445 moniales,
957 2406 1083 2439 Ordinis
1116 2407 1229 2439 Beatae
1249 2406 1364 2439 Mariae
1397 2408 1435 2440 de
1456 2408 1562 2440 Monte
1587 2409 1751 2445 Carmelo,

289 2458 550 2501 Congregationis
569 2458 839 2492 Discalceatorum
866 2460 896 2492 in
928 2460 1017 2493 Italia
1049 2460 1184 2493 recitare
1213 2461 1352 2503 aggressi
1374 2468 1445 2494 sunt
1469 2462 1563 2494 horas
1585 2462 1754 2495 canonicas

291 2512 375 2544 iuxta
396 2512 492 2544 ritum
523 2512 657 2545 Romani
672 2513 822 2546 Breviarii
845 2514 1022 2551 reformati„
1049 2513 1111 2546 '103
1133 2514 1160 2546 b.
1185 2514 1352 2547 Postulant
1373 2514 1542 2548 Summum
1564 2516 1752 2548 Pontificem

289 2572 324 2598 ut
343 2565 403 2599 sibi
424 2566 580 2599 concedat
600 2566 696 2600 festos
718 2566 785 2600 dies
806 2567 837 2599 in
859 2567 1015 2600 honorem
1034 2568 1066 2600 B.
1092 2568 1130 2600 M.
1153 2567 1292 2610 Virginis
1313 2574 1340 2601 et
1362 2570 1594 2602 nonnullorum
1616 2570 1750 2602 Sancto-

290 2630 361 2652 rum
376 2619 423 2652 sui
438 2619 564 2653 Ordinis
585 2620 617 2652 in
639 2620 833 2653 kalendariis
858 2621 944 2654 haud
971 2621 1207 2665 descriptorum
1231 2622 1407 2662 celebrare,
1436 2622 1545 2658 totvm
1570 2623 1752 2655 facultatem

290 2673 444 2716 elargitur
463 2674 558 2717 Papa,
581 2673 659 2706 ibid.
684 2673 928 2708 Carmelitarum
949 2675 1143 2719 primitivam
1165 2675 1321 2717 regulam,
1346 2676 1533 2709 renunciata
1554 2676 1754 2718 mitigatione

290 2727 422 2770 Eugenii
444 2738 545 2771 papae
566 2727 613 2765 IV,
637 2727 752 2761 Sancta
772 2728 923 2763 Theresia
944 2729 975 2761 in
998 2729 1150 2763 Ordinem
1176 2729 1445 2763 Discalceatorum
1468 2730 1603 2769 invexit,
1632 2729 1696 2761 ssot
1716 2742 1750 2767 (κ

395 2789 472 2817 Ball.
495 2790 575 2818 Rom.
601 2790 661 2817 Vol.
681 2789 731 2817 IX.
1055 2791 1089 2818 83
