2226 3070
272 301 320 328 An.
339 302 367 328 c.
387 301 454 329 1592
501 291 565 325 594

293 359 402 379 Clausulas
418 364 454 384 pro
470 350 590 394 ptionis
609 351 657 383 vel
679 350 877 394 obreptionis
898 349 971 382 vitio
990 360 1045 382 seu
1066 349 1214 382 intentio—

271 388 389 410 pmescntis
407 391 445 405 cun

270 415 384 432 stitutionis
393 412 453 432 1111111-

270 440 313 459 tute
329 441 423 464 apponit.

305 1206 447 1232 Evequutores

264 1235 356 1258 ‹li—putat,

470 404 518 436 nis
538 410 664 437 nostrae
685 404 731 436 vel
753 404 904 447 quopiam
926 403 988 435 alio
1003 403 1126 436 defectu
1147 403 1213 436 ullo

470 468 611 501 unquam
632 464 775 501 tempore
796 457 916 496 notari,
940 457 987 488 vel
1010 462 1121 488 contra
1144 467 1207 493 eas,

470 511 516 543 vel
532 511 637 553 aliqua
657 511 686 542 in
706 510 955 553 praemissorum
975 515 1075 552 parte,
1091 520 1149 553 per
1161 521 1212 541 su-

470 564 631 606 pradictos
663 570 714 596 aut
747 573 968 606 quoscumque
998 563 1087 599 alios,
1131 563 1207 600 diri,

469 617 584 649 adduci
614 617 659 648 vel
682 616 812 657 allegari
831 626 923 659 posse
944 626 1048 659 neque
1071 616 1207 655 debcre;

468 670 575 712 sicque
588 680 644 712 per
657 670 717 701 loci
729 669 933 702 Ordinarium
947 675 974 702 et
990 680 1211 713 quoscumque

468 723 546 756 alios
567 724 687 756 iudices
705 729 732 755 et
755 734 918 767 personas7
939 724 1048 767 quavis
1066 725 1207 757 auctori-

468 782 528 809 tate
546 777 723 818 fungentes,
745 777 868 810 sublata
889 777 933 810 eis
954 784 982 810 ct
1004 788 1115 811 eorum
1137 778 1206 811 cui-

468 830 540 862 libet
568 830 678 873 quavis
702 830 793 862 aliter
816 830 977 863 iudicandi
999 838 1027 864 et
1054 832 1209 875 interpre-

467 883 552 915 tandi
588 884 737 915 facultate
773 889 799 916 et
834 884 1045 921 auctoritate,
1075 884 1227 918 iudicari.

466 941 492 967 ct
536 936 661 968 definiri
701 937 833 974 debere;
867 937 990 970 irritum
1022 949 1151 981 quoque
1181 944 1209 971 61

466 989 559 1021 inane
581 989 782 1023 decernimus
806 991 963 1034 quidquid
993 1002 1083 1024 secus
1113 1002 1210 1035 super

466 1041 513 1074 liis
534 1052 550 1074 a
571 1053 746 1086 quoquam,
763 1044 873 1086 quavis
884 1044 1084 1081 auctoritate,
1108 1045 1210 1077 scieu-

466 1096 577 1127 lervel
606 1096 801 1137 ignoranter,
826 1097 994 1139 contigerit
1017 1098 1177 1130 attentari.

509 1150 524 1190 ξ
546 1148 597 1181 14,
623 1149 778 1188 Quocirca
798 1151 1034 1183 venerabilibus
1058 1151 1209 1184 fratribus

463 1202 563 1234 nostri
581 1202 847 1236 Salamantincnsi
877 1210 904 1236 et
924 1205 1106 1237 Zamorcnsi
1128 1204 1209 1248 cpis-

464 1256 551 1299 copis
579 1267 757 1300 eorumque
788 1257 992 1293 officialibus,
1030 1264 1059 1290 61
1092 1258 1208 1290 dilecto

465 1309 531 1341 tilio
562 1310 658 1353 priori
685 1311 857 1343 saecularis
883 1317 913 1344 et
943 1312 1129 1353 collegiatae
1159 1323 1207 1343 61·-

465 1363 578 1396 ‹·lcsiae
601 1365 714 1397 Beatae
740 1365 855 1398 Mariae
892 1365 965 1398 dicti
998 1365 1127 1409 oppidi,
1152 1376 1209 1409 per

463 1417 638 1460 apostolica
674 1418 791 1461 scripta
825 1419 1015 1451 mandamus
1051 1425 1208 1462 quatenus

464 1470 532 1513 ipsi,
557 1471 603 1503 vel
626 1471 689 1504 duo
710 1477 762 1504 3111
781 1483 863 1504 unus
886 1482 1010 1511 corum,
1035 1483 1092 1515 per
1112 1483 1144 1505 se
1159 1473 1206 1505 vel

462 1524 558 1556 alium
580 1535 634 1557 scu
655 1525 744 1563 alios,
769 1525 861 1558 dictis
882 1526 1046 1568 Alphonso
1059 1532 1088 1559 et
1106 1527 1207 1559 admi—

461 1578 684 1611 nistratorilms
710 1589 793 1612 nunc
825 1586 853 1612 ct
886 1590 943 1623 pro
973 1586 1118 1624 tempore
1143 1580 1207 1613 cxi-

415 1626 417 1629 ’
460 1632 630 1670 stendbus,
656 1632 687 1664 in
717 1633 900 1675 praemissis
930 1633 1067 1666 efficacis
1097 1634 1205 1667 desen-

284 2590 376 2616 lterogau
392 2596 439 2610 con·

259 2618 335 2637 trariis.

459 1685 556 1717 sionis
592 1685 751 1728 praesidio
793 1687 994 1725 assistentes,
1030 1687 1205 1731 apostolica

459 1739 647 1771 auctoritaie
661 1739 834 1782 praedicta,
856 1740 969 1773 faciant
984 1742 1205 1784 praesentibus

460 1791 571 1823 litteris
603 1797 629 1824 et
663 1802 772 1825 earum
804 1793 917 1826 effectu
943 1793 973 1826 in
999 1795 1150 1828 omnibus
1175 1801 1203 1827 et

459 1855 515 1887 per
543 1845 652 1877 omnia
679 1846 812 1889 pacifice
841 1853 997 1890 perpetuo
1026 1848 1087 1881 frui
1108 1854 1138 1881 et
1159 1848 1205 1880 in-

458 1898 811 1941 violabilitergaudere.
830 1900 899 1933 Non
917 1901 1138 1944 permittentes
1151 1912 1204 1935 eos

458 1951 597 1995 desuper
623 1953 661 1984 ab
692 1953 810 1986 eisdem
834 1954 984 1987 fratribus
1004 1954 1130 1987 Ordinis
1151 1956 1205 1988 Mi-

457 2015 572 2037 norum
588 2006 626 2038 de
640 2006 855 2045 Observantia,
877 2008 924 2040 vel
946 2008 1109 2051 quibusvis
1121 2009 1201 2049 aliis,

457 2058 566 2100 quavis
587 2059 774 2092 auctoritate
801 2060 895 2092 6113111
927 2061 1103 2104 apostolica
1134 2062 1204 2094 sun-

457 2112 625 2153 gentibus‚
655 2114 897 2156 quomodolibet
932 2115 1072 2148 indebite
1102 2116 1203 2149 molc-

456 2165 543 2202 stari,
566 2167 746 2208 perturbari
769 2173 822 2199 aut
842 2168 1023 2211 inquIetarL
1047 2179 1083 2201 ac
1100 2170 1204 2212 legiti-

458 2218 517 2249 mis
537 2229 635 2262 super
656 2219 704 2252 liis
734 2221 865 2253 servatis
889 2222 1053 2255 servandis
1073 2233 1204 2266 proces-

457 2271 554 2312 sibus,
577 2272 796 2305 inobedientes
818 2280 845 2306 et
876 2275 1026 2313 rebelles,
1051 2286 1110 2319 per
1130 2287 1203 2309 cen-

457 2336 546 2358 suras
566 2326 793 2359 ecclesiasticas
825 2333 852 2360 et
875 2328 936 2360 alia
967 2329 1043 2361 iuris
1072 2335 1101 2362 et
1132 2330 1201 2362 l'acti

457 2385 638 2422 opportuna
659 2381 812 2419 remedia,
837 2382 1051 2425 appellatione
1072 2390 1203 2427 postpo-

457 2432 527 2471 sita,
552 2434 797 2476 compescendo,
815 2434 960 2468 invocato
979 2435 1073 2469 ctiam
1088 2437 1201 2469 adhoc

458 2485 575 2518 auxilio
596 2486 719 2518 brachii
741 2488 903 2520 secularis.

501 2540 516 2582 g
539 2539 589 2572 15.
614 2540 682 2572 Non
715 2540 916 2574 obstantibus
945 2542 1149 2585 praemissis,
1171 2549 1198 2575 et

456 2593 645 2635 praesertim
683 2593 843 2626 dictorum
879 2594 1023 2636 Gregorii
1061 2601 1088 2627 et
1125 2596 1200 2629 Sixti

456 2645 755 2688 praedecessorum,
779 2646 912 2690 aliisque
926 2648 1108 2690 apostolicis
1122 2659 1199 2681 con-

456 2699 672 2732 stitutionibus
693 2705 723 2732 et
743 2699 1014 2736 ordinationibus.
1039 2700 1198 2744 ipsorum-

1054 302 1236 326 BULLARIUM
1257 302 1411 326 ROMANUM

1247 360 1308 393 que
1330 349 1504 389 seminarii,
1530 350 1655 392 collegii
1685 355 1713 383 ct
1746 351 1930 384 monasterii
1956 352 1991 384 a'c

1246 402 1374 435 Ordinis
1399 403 1557 436 ‘Minorum
1589 403 1626 435 de
1652 402 1872 443 Observantia,
1895 404 1991 437 etiam

1247 455 1448 496 iuramento,
1474 456 1720 490 confirmatione
1747 457 1923 500 apostolica
1944 458 1992 490 vel

1246 509 1356 552 quavis
1377 510 1528 543 firmitate
1549 510 1610 543 alia
1631 510 1800 551 loboratis,
1825 510 1949 544 statutis
1962 516 1993 543 et

1246 563 1552 603 consuetudinibus,
1573 563 1746 607 privilegiis
1771 574 1919 608 quoque,
1943 564 1991 596 in-

1246 617 1341 649 dultis
1370 623 1397 650 61
1425 617 1538 650 litteris
1563 618 1747 661 apostolicis
1768 618 1859 651 dictis
1881 628 1992 651 mona-

1244 670 1341 702 sterio
1366 676 1394 703 et
1424 670 1534 704 Ordini
1566 671 1714 715 illiusque
1746 671 1987 715 superioribus,

1245 723 1293 756 vel
1315 724 1478 767 quibusvis
1499 724 1569 757 aliis
1594 725 1740 768 personis
1755 752 1762 763 ‚
1785 730 1819 757 ut
1849 724 1990 768 praefer-

1245 783 1305 816 tur,
1330 788 1384 809 seu
1405 777 1484 810 alias
1504 778 1562 810 sub
1588 778 1751 821 quibusvis
1776 777 1941 811 tenoribus
1962 784 1990 811 et

1245 830 1367 871 formis,
1392 836 1422 863 et,
1442 841 1514 863 cum
1536 831 1700 874 quibusvis
1720 831 1871 864 clausulis
1891 837 1920 864 et
1935 831 1990 864 de-

1245 884 1348 923 cretis,
1364 889 1662 928 quantumcumque
1681 884 1880 917 irritantibus
1894 890 1925 918 et
1941 884 1990 917 in-

1244 937 1361 975 solitis,
1386 938 1481 970 etiam
1511 937 1790 980 derogatori-arum
1821 938 1991 980 derogato-

1244 990 1309 1027 riis,
1323 996 1350 1023 ct
1365 991 1454 1024 Mare
1466 991 1596 1034 Magyno,
1614 991 1714 1023 Bulla
1728 991 1839 1024 Aurea
1851 991 1898 1023 vel
1913 990 1990 1023 alias

1244 1044 1436 1087 nuncupatis
1464 1044 1494 1076 111
1521 1044 1719 1077 contrarium
1746 1043 1988 1088 quomodolibet

1244 1106 1301 1138 per
1313 1107 1534 1140 quoscumque
1547 1099 1708 1131 Romanos
1720 1098 1890 1131 Pontifices
1899 1107 1990 1141 prae—

1245 1150 1428 1184 decessores
1446 1157 1573 1184 nostros
1587 1162 1622 1184 ac
1644 1162 1702 1184 nos
1723 1157 1753 1185 61
1770 1151 1883 1185 Sedem
1898 1161 1990 1194 prae-

1246 1203 1386 1243 dictam,
1412 1205 1506 1237 etiam
1529 1205 1568 1237 ad
1600 1204 1820 1248 imperatoris,
1853 1214 1986 1246 regum,

1244 1258 1362 1290 dueum
1385 1264 1414 1291 et
1436 1259 1573 1292 aliorum
1600 1259 1783 1303 principum
1806 1258 1988 1292 instantiam

1243 1311 1417 1351 concessis;
1441 1312 1558 1355 quibus
1583 1313 1750 1353 omnibus,
1780 1312 1838 1345 etsi
1864 1312 1903 1346 de
1928 1311 1989 1345 illis

1243 1374 1423 1408 eorumque
1437 1366 1510 1398 totis
1526 1366 1689 1399 tenoribus
1710 1366 1866 1410 specialis,
1887 1366 1990 1410 speci-

1242 1419 1312 1457 fica,
1337 1429 1486 1463 expressa
1516 1425 1543 1452 et
1577 1418 1743 1452 individua
1772 1429 1808 1452 ac
1833 1419 1872 1452 de
1891 1418 1989 1451 verbo

1242 1475 1281 1507 ad
1303 1475 1447 1514 verbum,
1471 1484 1535 1506 non
1557 1478 1663 1506 31116111
1682 1483 1739 1516 per
1759 1472 1918 1506 clausulas
1936 1482 1989 1515 ge-

1241 1528 1366 1561 nerales
1398 1528 1481 1560 idem
1512 1527 1721 1571 importantes
1736 1553 1743 1567 ,
1767 1526 1909 1566 mentio,
1932 1529 1996 1559 seu*

1241 1581 1370 1625 quaevis
1387 1581 1449 1614 alia
1467 1580 1627 1624 expressio
1646 1580 1794 1613 habenda
1808 1585 1900 1619 esset,
1924 1580 1986 1612 iltis

1240 1635 1318 1668 alias
1339 1635 1369 1667 in
1389 1645 1447 1668 suo
1468 1634 1585 1667 robore
1598 1633 1828 1677 permansum,
1844 1633 1901 1666 bac
1919 1632 1987 1666 'vice

1242 1688 1405 1720 dumtaxat
1425 1687 1607 1731 specialiter
1627 1692 1654 1720 et
1682 1697 1829 1730 expresse
1850 1686 1985 1728 deroga-

1240 1751 1322 1779 mus,
1334 1741 1530 1784 caeterisque
1540 1740 1708 1773 contrariis
1718 1739 1984 1783 quibuscumque.

1283 1795 1398 1828 Datum
1420 1795 1540 1827 Romae
1554 1794 1639 1837 apud
1653 1793 1682 1827 S.
1700 1794 1840 1827 Marcum
1858 1793 1917 1826 sub
1931 1804 1987 1826 an-

1240 1848 1316 1881 nulo
1346 1848 1534 1887 Piscatoris‚
1559 1847 1610 1881 die
1630 1858 1683 1880 xiv
1703 1847 1828 1889 augusti
1849 1857 1960 1881 unxcn
1975 1875 1982 1888 ‚

1240 1901 1445 1945 pontificatus
1466 1901 1566 1934 nostri
1588 1911 1672 1933 anno
1694 1911 1714 1933 1.

1275 1964 1332 1991 Dat.
1351 1964 1394 1991 die
1413 1965 1442 1991 14
1457 1964 1563 1999 augusti
1581 1963 1658 1998 1592,
1676 1962 1769 1999 pontif.
1788 1972 1831 1990 an.
1849 1969 1864 1989 1⁴

1558 2134 1663 2167 XXXI.

1238 2230 1283 2263 De
1304 2231 1383 2263 bono
1405 2231 1563 2275 regyimine
1585 2235 1671 2264 recta
1696 2241 1735 2263 ue
1762 2230 1980 2264 administra-

1284 2275 1368 2308 tione
1389 2275 1544 2308 bonorum
1566 2280 1593 2309 et
1615 2242 1803 2308 reddituum
1827 2276 1985 2319 cuiusque

1282 2321 1527 2353 communitatis
1542 2321 1683 2353 Iocorum
1697 2320 1834 2352 ditionis
1846 2320 1984 2353 Sanctae

1282 2365 1447 2397 Romanae
1459 2365 1629 2404 Ecclesiae,
1639 2369 1668 2397 et
1685 2365 1892 2397 institutione
1904 2374 1980 2396 con-

1279 2409 1479 2451 qreqatiom's
1508 2409 1732 2441 cardinalium
1755 2408 1798 2441 ad
1821 2409 1980 2451 cognitio-

1281 2464 1353 2485 nem
1377 2454 1611 2495 qraranzimmz
1637 2464 1674 2486 ac
1706 2453 1819 2486 litium
1847 2463 1979 2491 earum-

1280 2497 1351 2530 dem
1372 2498 1645 2530 communitatum
1664 2498 1682 2530 ¹.

1274 2569 1282 2594 l
1307 2568 1342 2595 De
1367 2569 1490 2595 nullitate
1506 2569 1684 2604 quarumdam
1707 2568 1901 2603 obligationum
1918 2567 1983 2594 ista-

1236 2612 1295 2630 rum
1312 2605 1555 2637 communitatum,
1577 2604 1636 2631 vide
1651 2605 1678 2630 in
1695 2603 1786 2631 Const.
1802 2610 1866 2630 xvm
1884 2603 1921 2630 Pii
1936 2603 1979 2630 lV:

1236 2639 1309 2671 Ouia
1330 2648 1387 2666 non
1404 2641 1507 2670 solum.
1529 2644 1594 2666 tom.
1614 2646 1663 2672 vn,
1688 2647 1747 2674 pag.
1773 2639 1817 2670 65,
1837 2644 1862 2666 et
1884 2638 1981 2678 Sixiit(

1235 2675 1519 2702 Constit.Lx111:111te›·
1528 2675 1637 2708 varias,
1650 2681 1713 2702 tom.
1724 2681 1779 2708 vni,
1791 2683 1852 2710 pag.
1862 2674 1923 2708 758,
1935 2674 1981 2701 ubi

1234 2711 1314 2737 6113111
1331 2711 1381 2736 :ilia
1397 2711 1581 2737 continentur.

2008 302 2059 328 An.
2077 303 2106 329 C.
2124 302 2192 330 1592
