2226 3070
79 328 132 357 An.
149 329 178 358 C.
195 328 262 357 1587

943 331 1045 356 sthUS
1061 332 1079 355 V
1094 333 1140 356 FP.

277 390 427 422 annexas,
449 382 696 426 supprimimtis,
722 393 761 416 ne
782 384 822 416 ob
843 385 1021 428 supressio-

276 444 349 468 nem
379 436 636 480 praebendarum
677 437 746 470 eius
785 437 931 480 dignitati
968 448 1022 470 an-

276 500 430 523 nexarum
468 491 606 525 nimium
642 491 829 524 detrimenti
866 492 1018 535 patiatur,

276 553 312 576 cx
323 543 443 577 eisdem
457 545 628 584 fructibus,
649 545 792 588 quolibet
804 555 900 583 anno,
915 545 1022 589 quoad

276 597 398 638 vixerit,
422 598 583 642 peridem
616 599 795 641 capitulum
825 598 901 632 solvi
934 610 1023 631 man-

274 651 399 685 damus.
427 652 602 685 Residuum
626 652 844 696 praefatorum
875 652 1022 685 omnium

275 704 440 738 fructuum
458 732 467 745 ,
500 705 686 745 redituum,
715 706 944 749 proventuum,
973 705 1022 737 in-

274 757 371 799 rium,
406 759 638 792 obventionum
670 765 699 792 et
725 760 1021 792 emolumentorum

275 821 404 844 mensae
422 812 594 855 capitulari
612 813 863 856 applicatorum,
880 812 1023 855 aequali-

275 870 324 897 ter
348 871 379 897 et
400 864 488 898 iuxta
516 866 684 909 providam
705 866 943 899 ordinationem
971 866 1024 898 de-

274 928 372 962 super
391 929 449 963 per
472 919 673 952 ordinarium
706 925 736 952 et
767 919 947 963 capitulum
981 920 1024 951 l'a-

274 971 435 1013 ciendam,
458 973 606 1006 intereas
623 973 795 1016 dignitates
807 979 838 1005 et
848 973 1023 1006 canonicos

274 1025 418 1059 eiusdem
441 1027 606 1067 ecclesiae,
628 1028 682 1071 qui
705 1028 743 1060 ad
762 1027 900 1060 savorem
919 1027 1024 1059 dietae

275 1089 404 1113 mensae
425 1080 616 1124 capitularis
631 1080 927 1119 dismemln‘ationi‚
945 1091 1022 1124 sup-

276 1133 434 1175 pressioni
457 1139 488 1166 et
508 1133 720 1178 applicationi
748 1134 924 1178 praedietis
949 1144 1025 1166 con-

274 1193 457 1227 senserunt,
488 1188 775 1229 renunciaverunt,
804 1188 1021 1227 accesserunt,

274 1240 322 1273 vel
343 1251 415 1273 curn
435 1241 577 1284 primum
598 1242 644 1274 eis
665 1242 801 1274 omnino
821 1241 1025 1274 loeussartus

274 1294 383 1332 suerit,
407 1301 434 1328 et
455 1305 520 1328 non
542 1295 647 1335 aliter,
671 1296 846 1328 dividatur:
873 1296 917 1328 ita
937 1295 1022 1339 quod

275 1349 508 1382 canonicorum
536 1355 566 1382 et
594 1349 770 1392 dignitates
802 1349 1023 1382 obtinentimn

274 1402 545 1447 singulorumque
554 1404 694 1437 aliorum
704 1403 927 1437 ministrorum
940 1414 1023 1447 pra·-

272 1455 435 1489 dictorum
469 1468 532 1490 non
574 1458 837 1491 interessentium
880 1458 1022 1501 portioni

273 1516 446 1543 accrescat.
466 1511 556 1550 Quod
583 1511 607 1543 si
639 1511 814 1554 dignitates
840 1511 1025 1544 obtinentes

272 1562 564 1604 dismembrationi,
585 1565 807 1609 suppressioni
827 1571 858 1597 et.
879 1565 1023 1609 applica—

274 1616 355 1650 tioni
367 1617 542 1661 praedictis
557 1629 621 1651 non
640 1618 868 1651 consenserint
881 1625 936 1651 aut
949 1630 1025 1652 eon-

273 1670 393 1703 sentire
414 1671 612 1710 distulerint,
653 1672 794 1709 fructus,
834 1672 955 1705 reditus
995 1678 1026 1705 et

273 1730 461 1768 proventus
485 1725 567 1763 iura,
597 1726 808 1759 obventiones
835 1732 866 1759 et
897 1727 1023 1759 emolu-

274 1783 381 1811 menta
389 1790 617 1824 quaecumque
629 1780 881 1813 canonicatuum
894 1786 921 1813 et
934 1792 1025 1824 prae—

272 1832 464 1874 bendarum,
485 1844 567 1877 quos
592 1834 781 1866 huiusmodi
800 1834 867 1867 suis
884 1834 1024 1877 dignita-

272 1886 358 1919 tibus
372 1897 513 1920 annexas
533 1888 664 1925 habent,
691 1887 721 1920 in
743 1889 882 1920 savorem
898 1888 1025 1932 praedi-

273 1946 343 1973 ctae
359 1951 489 1974 mensae
509 1941 699 1985 capitularis
719 1952 783 1975 non
806 1942 974 1981 cesserint,
993 1948 1019 1974 et

274 1994 358 2027 idem
373 1994 507 2027 fecerint
524 1995 674 2028 canonici
689 2005 747 2038 pro
777 1996 947 2035 fructibus,
975 2007 1024 2028 re-

273 2047 395 2081 ditibus
427 2053 457 2080 et
484 2049 705 2092 proventibus
739 2049 877 2089 iuribus,
905 2050 1024 2083 obven-

274 2101 419 2135 tionibus
445 2107 475 2135 et
503 2103 733 2135 emolumentis
759 2114 795 2135 ac
821 2103 1023 2137 distributio-

273 2155 371 2188 nibus
391 2166 523 2188 suarum
544 2156 818 2199 praeb12=ndarum,
836 2168 916 2200 quas
938 2158 1024 2201 pari-

274 2215 323 2242 ter
343 2209 448 2242 eidem
470 2219 600 2243 mensae
619 2210 792 2253 capitulari
825 2211 909 2244 idem
932 2223 1024 2254 prae-

272 2263 423 2296 decessor
443 2262 631 2307 applicavit,
650 2268 726 2296 tnnc
749 2264 876 2296 tertiam
899 2270 1022 2308 partem

273 2326 558 2359 quorumcumque
594 2317 773 2356 fructuum,
807 2318 973 2351 redituum
996 2324 1022 2350 et

273 2376 490 2414 proventuum
532 2370 718 2402 earumdem
758 2370 953 2413 dignitatum
995 2378 1021 2403 et

273 2423 534 2467 praebendarum
556 2423 601 2455 eis
620 2433 830 2460 annexarum,
861 2424 893 2456 in
913 2431 941 2457 ct
965 2435 1024 2467 prs»

274 2476 564 2510 distributionibus
584 2476 783 2520 quotidianis
819 2477 904 2510 inter
939 2478 1025 2521 ipsos

272 2528 449 2570 dignitates
466 2527 648 2560 obtinentes
664 2527 924 2564 dividendoiaim,
946 2540 1026 2572 quo-

273 2587 377 2620 usque
411 2576 711 2616 distnemlnutioni,
741 2577 964 2620 suppressioni
995 2584 1022 2609 et

274 2625 486 2670 applicationi
521 2624 697 2669 praedietis
720 2626 808 2658 loeus
837 2627 938 2658 faetus
960 2628 1026 2658 l'ue-

275 2675 328 2707 rit:
367 2675 410 2707 ita
442 2675 529 2718 quod
556 2674 705 2707 canonici
737 2675 872 2712 fructus,
903 2675 1026 2707 reditus

276 2729 307 2756 et
328 2729 516 2768 proventus,
546 2723 628 2761 iura,
654 2724 866 2757 obventiones
886 2729 912 2756 et
939 2735 1026 2757 emo-

394 2773 472 2804 Butt.
497 2773 576 2805 Rom.
604 2772 660 2804 vot.
680 2773 730 2803 IX.
894 2774 930 2803 38

1705 322 1767 356 <297

1066 385 1209 418 lumenta
1249 396 1283 417 ac
1322 384 1588 421 distributiones,
1627 397 1705 428 quas
1740 392 1813 418 ante

1066 437 1242 481 praemissa
1268 437 1488 481 percipiebant
1522 437 1547 477 ¹,
1577 439 1719 470 rontenti
1746 450 1813 471 esse

1065 492 1214 529 debeant,
1240 503 1275 524 ex
1296 503 1382 525 nune
1394 491 1635 530 constituinms,
1648 498 1675 524 et
1689 492 1812 535 itaper-

1066 545 1126 588 cipi
1146 545 1262 578 debere
1284 546 1502 579 derernimus.
1523 546 1653 579 Necnon
1676 546 1815 590 desuper

1066 599 1231 641 quibusvis
1248 600 1427 632 districtius
1453 599 1647 632 inhibemus.
1672 599 1704 632 Et
1732 599 1813 632 inte-

1067 652 1127 684 rim
1150 654 1284 693 l'rurtus,
1315 653 1435 686 reditus
1466 660 1491 685 et
1523 659 1705 697 proventus,
1731 654 1813 693 iura,

1066 707 1276 740 obventiones
1303 713 1330 739 et
1354 708 1574 740 01·iiiolttiiient:t
1595 719 1635 740 ar,
1661 707 1815 740 distribu-

1068 759 1171 792 tiones
1193 761 1398 803 quotidianas
1418 761 1602 803 praedictae
1623 771 1751 794 mensae
1766 772 1816 794 ca—

1068 813 1212 856 pitulari,
1248 820 1279 846 ut
1309 825 1417 857 supra,
1441 815 1614 858 applicata,
1639 821 1665 847 et
1689 815 1743 858 qui
1765 826 1817 848 su-

1066 873 1234 909 pererunt,
1263 867 1377 899 solutis
1395 868 1549 900 oneribus
1578 868 1764 911 praedietis,
1787 874 1813 900 et
1852 870 1853 873 ’

1066 920 1144 952 alias
1163 920 1238 963 ipsis
1253 922 1456 954 eanoniciset
1478 922 1650 961 dignitates
1671 922 1818 955 obtinen-

1068 973 1165 1013 tibus,
1193 974 1217 1005 si
1238 974 1531 1012 dismembrationi,
1555 975 1814 1018 suppressioniet

1067 1027 1280 1070 applicationi
1304 1028 1478 1070 praedietis
1503 1029 1737 1069 consentirent,
1761 1029 1817 1061 de-

1066 1081 1234 1122 berentur,
1258 1082 1396 1115 fabricae
1419 1082 1563 1115 eiusdem
1586 1083 1741 1115 ecelesiae
1763 1083 1820 1116 Te-

1068 1135 1205 1169 rulensis
1215 1136 1366 1169 similiter
1374 1136 1587 1180 applicamus.
1601 1136 1701 1170 Dictis
1713 1143 1820 1170 tamen

1068 1190 1233 1223 canonicis
1262 1196 1290 1222 et
1319 1190 1494 1233 dignitates
1523 1190 1746 1224 obtinentibus
1775 1191 1821 1224 lo-

1068 1254 1140 1276 eum
1160 1250 1187 1277 et
1212 1255 1321 1278 vocem
1345 1245 1375 1277 in
1399 1244 1553 1288 rapdulo,
1578 1255 1613 1276 ac
1636 1245 1765 1278 stallum
1787 1245 1819 1278 in

1068 1297 1167 1331 cboro
1189 1309 1261 1331 cum
1281 1299 1483 1342 pltmitudine
1504 1298 1581 1331 iuris
1602 1299 1750 1332 canonici
1773 1310 1820 1332 as·

1068 1351 1243 1395 signamus,

1112 1406 1126 1449 ξ
1152 1406 1204 1439 to.
1222 1407 1352 1440 Necnon
1363 1406 1816 1447 dietaeecclesiaeTerulensi,
1861 1417 1969 1440 Ecclesiae
1998 1421 2017 1438 et

1069 1460 1221 1504 illiusque
1242 1461 1386 1504 capitulo
1404 1466 1432 1493 et
1462 1459 1629 1501 ministris,
1659 1466 1690 1493 ut
1719 1451 2019 1502 ‹Jinni-fissssifffi¹1i⁰gfii0⁶ss

1068 1514 1128 1546 bus
1148 1520 1176 1546 et
1197 1514 1333 1555 singulis
1354 1514 1542 1557 privilegiis,
1566 1515 1692 1557 gratiis,
1717 1526 1821 1548 exem·
1835 1514 1871 1565 {¹⁵2
1893 1516 2019 1570 Ἱζζᾞῇξέζη

1068 1567 1244 1612 ptionibus,
1266 1568 1510 1612 praerogativis,
1532 1568 1723 1609 honoribus,
1738 1569 1822 1602 savo·
1836 1576 1943 1601 otuu-'flur-

1069 1621 1169 1662 ribus,
1190 1622 1446 1666 prtecminentiis
1465 1627 1496 1655 et
1514 1622 1655 1661 indultis,
1682 1628 1743 1655 tam
1754 1623 1820 1667 spi—

1069 1675 1244 1708 ritualibus
1263 1686 1359 1719 quam
1383 1675 1632 1720 temporalibus,
1655 1676 1774 1719 quibus
1790 1688 1822 1709 a-

1068 1729 1130 1762 liae
1151 1729 1227 1761 dieti
1253 1730 1344 1772 regni
1369 1730 1553 1772 Aragonum
1586 1731 1739 1763 ecclesiae
1767 1741 1819 1763 ea-

1068 1783 1230 1816 tbedrales
1247 1794 1425 1826 earumque
1448 1783 1589 1827 capitula
1617 1790 1644 1817 et
1680 1785 1819 1817 ministri

1067 1837 1105 1868 de
1141 1837 1209 1869 iure
1238 1837 1284 1869 vel
1316 1838 1552 1870 consuetudine
1587 1843 1737 1877 utuntur,
1767 1849 1822 1882 po-

1069 1885 1195 1918 tiuntur
1216 1892 1243 1918 et
1267 1887 1419 1929 gaudent,
1444 1898 1480 1919 ac
1501 1887 1560 1927 uti,
1585 1887 1683 1931 potiri
1703 1893 1821 1930 etgau-

1067 1935 1141 1968 dere
1164 1942 1297 1979 possunt
1321 1947 1357 1969 ac
1385 1942 1537 1979 poterunt
1573 1937 1819 1980 quomodolibet

1068 1986 1097 2017 in
1125 1986 1295 2023 futurum,
1325 1986 1547 2028 pariformiter
1571 1987 1640 2024 uti,
1665 1987 1764 2030 potiri
1790 1992 1817 2020 et

1066 2034 1207 2075 gaudere
1233 2034 1333 2067 libere
1358 2040 1384 2067 et
1414 2035 1502 2068 licite
1521 2035 1646 2079 possint
1671 2036 1821 2069 coneedi-

1067 2094 1149 2116 mus.

1111 2133 1125 2175 ξ
1151 2133 1202 2165 Μ.
1224 2133 1359 2165 lienium
1381 2134 1467 2176 quod
1490 2140 1553 2166 tam
1575 2134 1749 2175 dignitates
1765 2135 1821 2167 ob·
1881 2170 1884 2174 ,

1067 2182 1209 2215 tinentes
1230 2188 1262 2215 et
1282 2182 1443 2223 canonici,
1468 2194 1566 2226 quam
1584 2175 1767 2217 beneficiati
1791 2170 2014 2225 etf0s12¹⁰ffliissmii22

1067 2230 1120 2262 alii
1133 2230 1273 2263 ministri
1285 2231 1556 2264 dietaeewlesiae
1568 2232 1764 2271 Terulensis,
1789 2245 1820 2266 c·
1835 2236 1945 2284 ss¹p⁰⁸¹¹³¹⁰
1955 2234 2020 2283 ‘¹¹¹'0b‘

1069 2279 1173 2311 tiamsi
1196 2280 1326 2313 diaconi
1348 2286 1376 2312 et
1400 2281 1590 2313 subdiaconi
1614 2292 1749 2315 munera
1766 2293 1821 2316 an-
1836 2268 2018 2322 οᾞῑῖἶῗᾷιηρςῃςςῗ-

1067 2339 1146 2361 nexa
1172 2330 1399 2362 tautummodo
1425 2330 1577 2367 babeant,
1608 2331 1645 2364 ad
1671 2333 1821 2365 sacerdo·
1837 2332 1931 2356 2¹¹·¹'¹'³¹¹⁰

1069 2378 1161 2415 tium,
1179 2378 1288 2411 debito
1312 2384 1472 2422 tempore,
1493 2380 1688 2423 promoveri,
1713 2386 1741 2414 et
1754 2381 1821 2414 eui-

1068 2426 1142 2459 libet
1167 2438 1279 2460 eorum
1302 2428 1369 2461 dies
1388 2429 1466 2461 certi
1489 2429 1644 2472 assignari
1667 2430 1816 2468 debeant,

1069 2476 1098 2508 in
1121 2476 1251 2519 quibus,
1276 2477 1362 2510 iuxta
1385 2477 1636 2517 ordinationem,
1661 2490 1744 2523 quae
1756 2491 1820 2513 sei·-

1068 2525 1144 2557 vitio
1165 2526 1310 2559 eiusdem
1344 2527 1499 2560 eeclesiae
1523 2528 1624 2570 inagis
1649 2528 1819 2561 convenire

1068 2574 1242 2613 videbitur,
1273 2586 1331 2618 per
1361 2576 1551 2620 epist-*opum
1579 2583 1607 2610 et
1640 2578 1817 2622 capitulum

1070 2623 1271 2666 praedictum
1294 2624 1434 2669 desuper
1448 2625 1639 2663 saciemlam,
1656 2627 1818 2659 celebrare

1070 2678 1253 2709 teneantur:
1277 2680 1303 2706 et
1327 2674 1364 2715 si,
1387 2675 1534 2717 less'itimo
1556 2681 1698 2708 cessante
1720 2675 1819 2718 impe,-

1104 2736 1112 2761 t
1128 2735 1212 2763 Forte
1227 2735 1347 2764 addend.
1360 2738 1511 2772 percipiam
1526 2741 1549 2764 (Ἰ
1565 2737 1606 2772 (R.
1624 2737 1676 2771 Τ,)4

1828 332 1879 360 An.
1894 333 1921 360 C.
1941 333 2005 361 1587
