2226 3070
450 244 515 278 1⁶20

451 307 465 350 ξ
487 306 518 339 6.
541 306 697 339 Volumus
720 310 843 344 autem,
865 310 899 337 ut
920 302 1055 345 negocia
1077 302 1160 334 eius-

234 379 390 398 immmumo
406 360 477 393 dem
505 359 764 402 congregationis
794 358 876 390 intra
903 356 1024 388 dictum
1060 354 1159 387 trien-

207 409 390 467 Jlssffssffifssfflffi‘*
406 414 497 447 nium
519 413 629 446 utilius
650 418 680 445 et
704 411 888 454 diligentius
909 414 1157 452 pertractentur,

407 467 506 509 quod,
529 465 703 509 quotannis
725 465 754 496 in
777 465 848 496 loco
869 462 1055 500 commodo,
1082 472 1159 493 con-

407 525 531 560 ventus,
560 529 655 562 quem
688 517 826 549 diaetam
857 515 1039 558 appellant,
1075 514 1158 547 iuxta

407 572 644 615 praescriptum
677 569 858 601 litterarum
890 567 1034 599 eiusdem
1057 566 1101 598 Pii
1124 567 1158 604 V,

407 625 576 664 habeatur,
600 623 631 656 in
652 633 717 666 quo
739 623 829 665 prior
849 620 1010 663 generalis
1030 631 1066 652 ac.
1086 620 1159 653 visi-

409 684 614 715 tat‹‘›1*es,una
629 686 701 708 eum
715 675 842 708 duobus
863 685 899 706 ex
920 679 1061 717 quatuor
1082 684 1159 706 con-

406 730 600 773 gregationis
620 729 804 773 praedictae
823 727 988 760 canonicis
1009 727 1041 759 in
1062 738 1160 769 gene-

409 784 465 815 rali
487 783 630 826 capitulo
657 781 695 814 ad
723 782 785 814 boc
812 786 977 824 tamquam
996 781 1160 813 consulto-

408 847 458 869 res
483 836 583 868 instar
603 835 742 868 aliorum
768 834 955 867 officialium
978 834 1162 877 specialiter

407 888 575 932 eligendis,
598 898 739 932 quorum
769 888 829 920 bac
856 887 961 931 prima
993 887 1059 919 vice
1090 897 1159 918 mo-

408 943 508 975 derno
530 942 629 985 priori
650 941 792 984 generali
815 947 844 973 et
875 939 1094 972 visitatoribus
1125 950 1161 972 ac

408 995 613 1039 procuratori
642 995 784 1037 generali
820 994 1012 1027 electionem
1043 992 1160 1025 tribui-

409 1062 492 1089 mus,
515 1049 718 1082 conveniant.
752 1048 785 1080 ln
809 1048 878 1090 ipso
903 1058 978 1079 vero
1001 1052 1159 1080 conventu

407 1102 610 1146 potissimum
629 1102 832 1134 examinetur
852 1111 892 1133 an
913 1100 978 1143 ipse
1000 1100 1090 1143 prior
1110 1110 1162 1142 ge-

407 1156 525 1189 neralis
537 1161 564 1187 et
584 1155 701 1198 reliqui
723 1155 762 1187 ab
783 1154 970 1197 acceptione
988 1164 1160 1185 munerum

407 1209 635 1248 abstinuerim,
657 1213 744 1240 etan
766 1219 818 1240 aes
839 1207 981 1239 alienum
1005 1206 1091 1239 iuxta
1108 1217 1160 1238 or—

407 1263 514 1296 dinem
556 1262 792 1307 praescriptum
828 1260 1019 1293 dissolutum
1051 1260 1158 1292 suerit.

406 1317 627 1359 Volumusque
641 1316 711 1348 ideo
722 1320 756 1347 ut
768 1315 853 1347 idem
871 1320 1060 1354 conventus,
1079 1324 1161 1357 quae

407 1369 444 1401 ad
466 1369 628 1401 bonorum
650 1367 917 1411 dilapidationem
938 1377 974 1399 ae
988 1377 1161 1399 munerum

407 1423 629 1466 acceptionem
651 1420 826 1465 pertinent,
850 1432 866 1452 a
888 1431 1028 1464 quorum
1051 1430 1163 1464 perce—

408 1477 517 1520 ptione
553 1475 707 1508 abstineri
751 1474 884 1507 omnino
922 1474 1092 1518 cupimus,
1127 1485 1162 1506 ca

408 1542 490 1573 quae
517 1529 635 1562 scilieet
657 1529 740 1561 idem
760 1534 950 1567 conventus,
970 1528 1065 1560 ctiam
1084 1538 1161 1560 con-

408 1591 456 1616 tra
490 1584 641 1616 cumdem
678 1583 820 1627 priorem
850 1583 1035 1625 generalem
1067 1592 1161 1614 occa-

408 1638 497 1670 sione
516 1636 768 1680 praemissorum
790 1636 934 1668 remedio
948 1635 1090 1678 indigere
1103 1635 1162 1667 du-

409 1691 500 1729 xerit,
523 1689 688 1722 communi
710 1688 785 1722 dicti
807 1695 983 1721 conventus
1005 1698 1162 1720 consensu

409 1744 595 1783 accedente,
619 1742 861 1785 quamprimum
889 1742 926 1774 ad
948 1752 1006 1773 nos
1035 1747 1065 1773 et
1090 1752 1163 1773 suc-

408 1808 550 1829 cessores
575 1802 702 1829 nostros
719 1787 778 1827 'vel
809 1795 953 1828 eiusdem
986 1804 1163 1837 congrega-

408 1850 504 1883 tionis
533 1860 592 1893 pro
623 1855 769 1892 tempore
800 1854 1018 1891 protectorem
1050 1847 1162 1880 referri

409 1909 513 1936 curet.

453 1958 467 1999 g
489 1957 519 1989 7.
547 1956 694 1989 Ceterum
714 1955 745 1987 in
761 1955 974 1988 electionibus
987 1954 1104 1998 prioris
1115 1965 1166 1996 ge-

237 2018 331 2052 rut-mm
344 2017 392 2051 ‚⁸¹27-
409 2010 540 2047 neralis,
560 2009 773 2047 visitatorum,
798 2009 1020 2051 procuratoris
1033 2018 1165 2049 genera·

210 2054 394 2100 2i¹“¹'.2'is<..›⁵stliim.i
410 2064 448 2095 lis
461 2068 488 2095 et
499 2063 637 2095 aliorum
651 2062 839 2095 ostieialium
855 2061 1110 2106 praedictorum,
1130 2072 1166 2093 ac

210 2110 247 2130 ''¹¹''
263 2110 394 2134 *⁷¹‘³d¹¹³”'*
410 2116 441 2148 in
461 2116 620 2149 bonorum
641 2115 933 2154 administratione,
953 2121 980 2147 et
1003 2114 1164 2146 rationum

411 2175 707 2213 computorumquc
740 2169 934 2208 redditione,
967 2168 1101 2200 formam
1135 2167 1165 2199 in

412 2222 585 2266 praedictis
607 2221 653 2253 Pii
674 2221 933 2265 praedecessoris
959 2220 1075 2253 litteris
1104 2225 1168 2252 tra-

412 2275 525 2307 ditam.

454 2328 469 2370 §
501 2327 532 2360 8.
573 2328 608 2360 In
642 2327 801 2360 electione
837 2337 912 2360 vero
950 2326 1166 2359 discretorum

222 2425 224 2427 ‚
246 2393 269 2412 ιει
288 2393 396 2425 .-«.ιι.<ιιιιμ-
412 2379 475 2412 sive
500 2381 678 2420 sociorum,
707 2380 954 2413 constitutiones
979 2385 1006 2412 et
1038 2379 1167 2421 regula-

212 2425 396 2479 ¹gl⁰i¹2ss⁵nss¹i¹fss¹¹¹d2¹l
412 2429 459 2461 ria
484 2430 588 2462 dictae
614 2429 875 2471 congregationis
901 2429 1046 2461 instituta
1063 2429 1168 2461 omni-

212 2487 289 2522 formis
316 2483 397 2504 <man
413 2489 454 2510 no
475 2478 594 2511 servari
612 2478 728 2510 debere
750 2477 968 2521 praecipinms
990 2483 1020 2510 et
1036 2477 1169 2509 manda-

211 2517 277 2537 ΝΜ
417 2537 500 2558 mus.

457 2576 471 2618 ξ
497 2576 527 2608 9.
559 2575 775 2608 Decernentes
799 2574 942 2617 priorem
968 2574 1167 2616 generalem,

416 2624 608 2664 visitatores,
640 2628 884 2666 procuratorem
913 2623 1096 2665 generalem
1133 2633 1169 2654 ac

206 255 258 283 An.
275 255 303 283 C.
323 255 390 283 1589

998 249 1178 274 BULLARIUM
1197 248 1349 272 ROMANUM

1478 277 1486 283 1
1968 244 2154 273 An.c.1589

1203 301 1282 333 alios
1312 300 1467 333 officiales
1495 304 1526 333 et
1556 298 1730 332 canonicos
1750 298 1854 332 dictae
1875 308 1953 330 con·
1989 305 2154 327 Observandum

1203 352 1398 396 gregationis
1416 353 1454 386 ad
1473 352 1725 396 praemissorum
1741 351 1887 384 omnium
1899 351 1954 384 ob-
1968 337 2156 390 ἲζῖἷξῖἷῃξωξῖῗωῗζ

1203 407 1416 439 servationem
1437 405 1554 445 teneri,
1576 410 1607 438 et
1627 404 1786 447 obligatos
1805 405 1953 444 existere,
1969 402 2004 427 ΕΠ·

1203 466 1230 493 et
1247 460 1285 492 ad
1297 459 1327 492 id
1341 470 1400 503 per
1414 458 1605 491 modernum
1616 463 1647 490 et
1659 468 1719 502 pro
1736 463 1882 501 tempore
1894 457 1957 490 exi-

1203 519 1340 546 stentem
1368 517 1586 556 protectorem
1614 510 1832 555 praedictum,
1860 511 1955 543 etiam

1203 578 1261 610 per
1281 566 1466 602 sententias.
1490 575 1643 598 censuras
1662 571 1690 598 et
1713 574 1834 608 poenas
1853 564 1957 596 eccle-

1204 619 1347 652 siasticas
1368 619 1496 662 aliaque
1521 623 1707 661 opportuna
1734 617 1814 649 iuris
1833 622 1862 650 et
1884 616 1958 650 faeti

1205 672 1360 713 remedia,
1383 672 1455 715 cogi
1481 677 1512 704 et
1532 671 1682 715 compelli
1707 681 1818 713 posse3
1845 669 1958 712 sicque

1204 731 1232 758 et
1260 736 1323 758 non
1354 725 1448 757 aliter
1478 735 1536 767 per
1562 734 1788 768 quoscumque
1823 722 1956 761 iudices,

1203 779 1314 822 quavis
1329 778 1521 811 auctoritate
1534 778 1716 819 fungentes,
1734 777 1858 809 sublata
1869 775 1916 808 eis
1929 781 1960 808 et

1204 843 1317 864 eorum
1337 832 1471 864 cuilibet
1492 831 1603 874 quavis
1624 831 1718 863 aliter
1744 829 1908 863 iudicandi
1930 834 1959 861 et

1205 885 1439 928 interpretandi
1463 885 1615 917 facultate
1636 890 1666 916 et
1686 883 1890 921 auctoritate,
1913 883 1959 914 iu-

1203 938 1303 970 dicari
1325 943 1355 970 et
1376 937 1504 970 deliniri
1522 937 1653 977 debere:
1669 936 1864 979 irritumque.
1880 941 1910 968 et
1932 935 1956 967 i-

1205 1002 1286 1023 nane
1312 991 1470 1034 quidquid
1505 1001 1597 1024 secus
1621 1000 1720 1033 super
1749 989 1798 1021 his
1831 1000 1848 1021 a
1876 999 1958 1033 quo-

1204 1055 1313 1088 quam,
1335 1044 1446 1087 quavis
1467 1043 1672 1083 auctoritate,
1696 1042 1837 1075 scienter
1863 1043 1910 1074 vel
1936 1041 1960 1074 i-

1204 1104 1391 1138 enormiter,
1415 1097 1583 1139 contigerit
1605 1096 1770 1129 attentari.

1248 1153 1262 1193 ξ
1286 1151 1335 1184 10.
1360 1151 1426 1183 Non
1458 1150 1660 1183 obstantibus
1689 1149 1825 1192 singulis
1844 1149 1959 1182 litteris

1206 1205 1389 1248 praedictis,
1416 1215 1451 1237 ac
1479 1204 1647 1247 quibusvis
1673 1201 1960 1236 constitutionibus

1204 1264 1234 1291 ct
1254 1258 1518 1292 ordinationibus
1537 1256 1741 1300 apostolicis,
1765 1267 1802 1289 ac
1822 1266 1959 1299 congre-

1204 1312 1342 1354 gationis
1367 1317 1394 1343 ct
1427 1310 1557 1343 Ordinis
1584 1310 1839 1354 praedictorum,
1872 1309 1959 1342 iura-

1205 1370 1326 1403 mento,
1350 1364 1598 1397 confirmatione
1619 1363 1796 1407 apostolica
1817 1363 1862 1396 vel
1883 1373 1961 1406 qua-

1205 1418 1250 1451 vis
1267 1418 1420 1450 firmitate
1436 1418 1499 1450 alia
1515 1417 1688 1457 roboratis,
1704 1416 1830 1450 statutis
1842 1422 1873 1448 et
1886 1425 1962 1448 con-

1205 1472 1445 1511 suetudinibus,
1473 1470 1654 1514 ceterisque
1684 1469 1858 1503 contrariis
1887 1469 1961 1513 qui-

1205 1526 1424 1568 buscumque.

1251 1580 1265 1622 ξ
1289 1578 1338 1610 ll.
1362 1578 1518 1610 Volumus
1534 1582 1652 1617 autem,
1663 1576 1744 1609 acin
1756 1575 1872 1609 virtute
1887 1585 1960 1608 san·
1976 1588 2111 1610 mentedo
2123 1589 2163 1608 tm«

1206 1638 1275 1664 ctae
1300 1631 1502 1664 obedientiae
1529 1636 1557 1663 et
1583 1630 1642 1663 sub
1668 1629 1847 1674 privatione
1878 1640 1960 1672 quo·
1976 1621 2093 1672 ᾞῖζῗξζζ
2111 1620 2162 1677 Ρῗξῖ

1207 1695 1425 1727 rumcumque
1446 1683 1629 1717 officiorum
1651 1689 1682 1716 et
1702 1683 1907 1725 dignitatum,
1927 1693 1961 1715 a·
1977 1683 2042 1704 ¹²⁰¹&-

1208 1737 1323 1781 liisque
1351 1737 1579 1770 ecclesiasticis
1606 1737 1783 1776 sententiis,
1816 1736 1962 1769 censuris

1208 1796 1238 1823 et
1267 1791 1382 1834 poenis
1406 1790 1541 1823 arbitrio
1568 1796 1679 1823 nostro
1710 1789 1894 1832 infligendis
1927 1800 1963 1821 ac

1208 1845 1434 1881 moderandis,
1466 1844 1686 1887 praecipimus
1713 1854 1749 1875 ac
1780 1842 1965 1875 inhibemus

1208 1898 1360 1929 omnibus
1381 1903 1411 1929 et.
1431 1897 1566 1940 singulis
1592 1896 1854 1939 congregationis
1874 1906 1965 1940 prae-

1208 1950 1311 1983 dictae
1333 1950 1499 1983 canonicis
1533 1961 1569 1983 ac.
1602 1950 1674 1983 aliis
1703 1949 1964 1993 quibuscumque

1209 2004 1356 2047 personis
1377 2003 1408 2035 in
1430 2004 1541 2036 eadem
1571 2003 1824 2046 congregatione
1844 2002 1963 2045 degen-

1209 2057 1306 2097 tibus,
1335 2068 1374 2090 ne
1404 2058 1489 2100 quis,
1514 2057 1643 2100 publice
1663 2057 1711 2089 vel
1733 2056 1900 2100 privatim,
1924 2055 1964 2087 de

1211 2110 1360 2143 triennali
1383 2111 1539 2153 capitulo,
1563 2121 1598 2143 ac
1612 2110 1844 2143 constitutione
1854 2113 1964 2142 nostra

1210 2163 1416 2203 huiusmodi,
1450 2164 1668 2206 omnibusque
1703 2162 1905 2206 praemissis,
1932 2161 1963 2194 in

1210 2217 1408 2251 sontrarium
1428 2217 1671 2260 quomodolibet
1690 2222 1828 2250 tractare
1848 2216 1966 2249 audeat

1210 2282 1266 2303 seu
1286 2276 1483 2315 praesumat.

1254 2325 1268 2367 ξ
1288 2323 1341 2357 1102.
1366 2324 1528 2364 Ceterum,
1544 2323 1620 2366 quia
1637 2323 1769 2356 difficile
1779 2323 1966 2366 foretprae-

1210 2383 1316 2411 sentes
1327 2384 1452 2410 nostras
1473 2377 1596 2409 litteras
1613 2377 1652 2409 ad
1674 2376 1800 2419 singula
1815 2386 1965 2419 quaeque

1211 2427 1281 2459 loca
1306 2426 1437 2466 deferri,
1459 2426 1609 2458 volumus
1636 2436 1673 2458 ac
1706 2425 1883 2469 apostolica
1910 2435 1965 2457 au-

1212 2476 1359 2508 ctoritate
1376 2475 1581 2508 decernimus
1595 2480 1626 2508 ut
1644 2475 1865 2519 praesentium
1883 2479 1966 2506 tran-

1212 2524 1362 2567 sumptis,
1383 2524 1478 2556 ctiam
1506 2523 1683 2568 impressis,
1707 2534 1804 2556 manu
1829 2521 1966 2555 alicuius

1213 2573 1329 2605 notarii
1357 2573 1478 2616 publici
1496 2573 1698 2616 subscriptis,
1720 2583 1757 2605 ac
1777 2571 1882 2614 sigillo
1894 2581 1965 2614 per-

1213 2632 1309 2653 sonae
1331 2621 1361 2653 in
1387 2621 1540 2664 dignitate
1570 2620 1787 2654 ecclesiastica
1808 2619 1964 2653 constitu-

1999 1160 2116 1181 Contrariis
2124 1159 2159 1179 de-

1973 1195 2039 1218 rogat

2021 2329 2164 2356 Transumptis

1980 2361 2037 2382 credi
2058 2361 2163 2381 deceruit.
