2226 3070
76 269 129 297 An.
146 268 173 297 C.
193 267 260 296 1589

121 1660 163 1682 Duo
173 1659 279 1681 officiaofi-

94 1694 140 1713 dem
162 1692 276 1713 archican-

94 1724 279 1745 traierniiaiicon-

94 1756 160 1780 cedit,
175 1761 220 1775 curn
235 1755 279 1775 suia

96 1787 246 1807 emolumentis
260 1784 279 1804 1.

935 261 1038 286 SIXTUS
1057 261 1076 285 V
1096 260 1143 284 PP.

274 319 467 364 specialibus
487 319 649 352 favoribus
676 324 707 351 et
727 316 836 361 gratiis
859 315 1020 361 prosequi,

277 385 314 407 ac
340 374 379 407 de
404 373 542 406 alicuius
569 371 790 405 subventionis
823 371 941 404 auxilio
977 370 1021 402 itti

276 427 458 471 providere,
479 428 627 470 ipsosque
649 426 826 458 confratres
852 436 869 457 a
888 425 1023 468 quibus-

277 481 323 514 vis
353 479 713 519 excomnmnicadonis,
744 478 963 521 suspensionis
995 483 1025 509 et

278 535 442 567 interdicti
459 533 592 576 aliisque
608 532 830 565 ecclesiasticis
850 531 1024 569 sententiis,

278 588 423 621 censuris
436 593 466 620 et
486 586 609 630 poenis,
632 597 648 617 a
674 586 744 617 iure
765 585 811 617 vel
828 585 867 617 ab
883 584 1025 621 bomine,

280 641 390 686 quavis
405 640 573 674 occasione
589 639 636 672 vel
656 649 750 671 causa
762 638 844 677 latis,
867 638 891 670 si
909 636 1027 681 quibus

281 693 524 739 quomodolibet
553 692 695 725 innodati
717 692 868 731 existunt,
891 692 928 723 ad
951 691 1027 723 effe-

281 754 368 781 ctum
389 745 605 790 praesentium
631 745 796 778 dumtaxat
825 755 1029 787 consequen-

281 802 371 841 dum,
393 801 509 833 barum
531 799 832 832 serieabsolventes
850 803 879 831 et
903 798 1031 831 absolu-

282 860 329 886 tos
345 854 412 886 fore
428 858 607 890 censentes,
626 858 713 885 motu
736 852 883 896 proprio,
906 862 970 884 non
991 851 1030 883 ad

282 907 443 940 dictorum
461 906 658 939 confratrum
680 917 736 938 seu
757 906 895 938 aliorum
917 916 975 948 pro
987 904 1032 937 eis

282 960 375 993 nobis
387 960 649 1003 desuperoblatte
661 959 824 1003 petitionis
835 959 1032 998 instantiam,

284 1013 336 1046 sed
368 1024 403 1046 ex
434 1019 521 1046 certa
542 1013 676 1046 scientia
702 1018 824 1053 nostra,
858 1012 1032 1045 institutio-

283 1078 357 1100 nem
377 1067 481 1100 dictae
502 1066 784 1105 confraternitatis,
803 1076 929 1099 necnon
941 1077 1035 1109 quas-

285 1131 426 1164 cumque
452 1120 668 1163 indulgentias
698 1126 728 1153 et
755 1125 962 1163 peccatorum
984 1130 1035 1152 re-

287 1174 456 1207 missiones
485 1175 628 1217 aliasque
657 1174 775 1217 gratias
799 1179 830 1206 et
856 1173 1035 1217 privilegia,

287 1228 543 1261 confraternitati
573 1233 603 1260 et
630 1227 843 1261 confratribus
864 1227 1038 1271 praedictis

288 1282 484 1325 illorumque
510 1282 629 1314 intuitu
656 1293 713 1325 per
730 1281 880 1314 eumdem
906 1281 1040 1325 praede-

289 1346 447 1369 cessorem
469 1346 633 1375 concessa,
647 1335 821 1379 apostolica
838 1335 1039 1375 auctoritate,

289 1395 400 1422 tenore
418 1390 651 1433 praesentium,
671 1389 890 1433 approbamus
910 1394 941 1421 et
966 1399 1040 1422 con-

290 1443 469 1483 firmamus,
506 1454 542 1476 ac
569 1443 712 1486 singulos.
741 1443 897 1482 defectus,
927 1442 951 1475 si
986 1442 1041 1486 qui

291 1496 429 1540 desuper
450 1496 693 1539 quomodolibet
711 1496 954 1536 intervenerint,
969 1506 1043 1539 sup-

291 1550 429 1594 plemus.

336 1603 350 1646 §
372 1603 402 1636 ΕΞ.
427 1603 556 1636 Necnon
584 1603 876 1636 confraternitatiet
892 1603 1044 1636 illiusno—

293 1657 381 1690 mine
399 1657 618 1690 confratribus
636 1657 821 1701 praedictis,
845 1667 947 1689 unum
970 1667 1044 1700 pro-

293 1711 408 1744 visoris
424 1712 714 1745 condemnatorum
736 1712 774 1744 ad
797 1712 954 1752 triremes,
982 1717 1043 1744 tam

295 1765 399 1798 dictae
420 1765 513 1799 Urbis
540 1777 634 1807 quani
664 1765 782 1808 reliqui
814 1764 913 1812 totius
941 1765 1047 1798 Status

294 1819 521 1860 Ecclesiastici,
546 1825 580 1852 ut
600 1820 750 1852 videlicet
771 1819 814 1852 illi
841 1819 1046 1852 condemnati

295 1878 325 1906 et
340 1873 518 1906 transmissi
527 1873 565 1905 ad
576 1873 912 1917 triremes,postquam
922 1878 1049 1916 tempus

296 1926 334 1959 ad
354 1927 441 1971 quod
454 1927 656 1960 condemnati
671 1932 763 1959 erant
775 1931 907 1959 eterunt
920 1929 950 1958 in
961 1926 1048 1959 futu-

297 1991 381 2021 rum,
404 1980 536 2021 finierit,
559 1987 589 2013 et
610 1981 748 2013 alterum
769 1980 942 2014 visitatoris
962 1985 1050 2013 utro-

297 2045 436 2077 rumque
466 2046 633 2068 carcerum
665 2040 866 2067 secretorum
890 2040 921 2067 et
941 2034 1049 2078 publi—

299 2098 411 2121 corum
433 2088 527 2121 Urbis
549 2089 735 2133 praedictae
762 2094 792 2122 et
813 2088 911 2131 Burgi
937 2088 968 2121 S.
991 2087 1050 2121 Pe-

302 2141 339 2173 tri
358 2142 397 2173 de
418 2142 503 2174 dicta
524 2142 608 2175 Urbe
629 2142 745 2181 officia,
760 2153 819 2186 per
829 2142 1050 2185 deputandum

301 2206 356 2227 seu
377 2196 579 2238 deputandos
600 2196 638 2228 ab
664 2195 740 2239 ipsis
760 2196 979 2229 confratribus
999 2206 1052 2228 ex-

303 2248 453 2289 ercenda,
476 2259 558 2292 quae
579 2248 717 2281 dilectus
737 2248 822 2281 filius
842 2249 977 2282 Ioannes
997 2249 1054 2282 Ba-

303 2302 396 2345 ptista
416 2303 526 2335 Pasius
547 2313 652 2346 nuper
672 2303 710 2335 ad
735 2302 825 2335 Sedis
851 2303 1053 2346 Apostolicae

303 2356 554 2399 beneplacitum,
577 2356 662 2400 quod
684 2368 720 2389 ex
738 2367 823 2389 nunc
847 2362 935 2389 motu
957 2356 1054 2389 simili

305 2419 493 2442 revocamus
511 2416 540 2442 et
561 2409 706 2452 expirare
723 2409 940 2449 decernimus,
954 2415 1005 2442 aut
1021 2421 1054 2442 a·

306 2458 362 2490 lias
380 2457 556 2498 obtinebat,
579 2458 642 2491 sive
663 2470 720 2503 per
740 2459 976 2491 revocationem
993 2459 1054 2491 bu-

306 2507 455 2547 hemodi,
479 2507 541 2541 sive
563 2508 640 2541 alias
660 2508 771 2552 quovis
789 2508 885 2541 modo
903 2513 933 2540 et
948 2518 984 2540 ex
1001 2519 1057 2541 cu-

342 2583 352 2608 1
370 2581 411 2609 Tu
427 2581 500 2608 scias
515 2580 857 2608 arcluconsraternitatem
878 2580 964 2615 gratis
980 2588 1012 2608 ea
1028 2588 1057 2607 e-

306 2632 435 2659 xercere,
452 2629 483 2653 ut
504 2625 626 2653 liabetur
642 2625 670 2652 in
691 2625 896 2659 declaratione,
917 2632 990 2660 quae
1014 2632 1057 2652 se-

306 2670 412 2705 quitur.

386 2711 459 2742 Bull.
476 2711 552 2743 Rom.
580 2710 632 2740 Vol.
651 2709 701 2741 IX.
942 2710 979 2741 14

1708 246 1772 279 105

1066 313 1257 357 iuscumque
1278 321 1415 356 persona
1437 309 1476 342 ad
1494 319 1647 354 praesens
1673 309 1816 342 vacantia

1833 257 1886 285 An.
1905 257 1931 284 C.
1950 253 2014 282 15·ἓο

1066 378 1140 400 cum
1161 367 1311 399 omnibus
1326 371 1356 398 et
1375 364 1510 407 singulis
1526 375 1639 397 eorum
1661 369 1691 396 et
1707 363 1817 395 cuius-

1067 422 1143 453 libet
1161 421 1305 464 ipsorum
1331 419 1523 455 bonoribus,
1540 418 1704 457 oneribus,
1721 416 1816 460 privi-

1067 475 1169 518 legiis,
1192 474 1408 513 facultatibus,
1432 472 1658 516 praerogativis
1680 476 1710 504 et
1735 472 1817 503 sala-

1068 529 1122 562 riis
1142 541 1178 563 ac
1200 527 1427 561 emolumentis
1446 527 1548 560 solitis
1569 537 1605 559 ac
1619 526 1747 565 debitis,
1764 536 1820 557 au-

1069 583 1214 616 ctoritate
1235 587 1264 615 et
1291 588 1401 615 tenore
1428 580 1623 625 praemissis,
1660 585 1819 624 perpetuo

1069 636 1275 668 concedimus
1301 641 1332 668 et
1352 635 1561 677 assignamus,
1582 644 1618 666 ac
1640 634 1817 666 confrater-

1070 690 1203 722 nitatem
1221 695 1247 722 et
1262 690 1438 722 confratres
1458 687 1640 732 praedictos
1661 687 1692 719 in
1710 687 1818 719 locum

1071 743 1204 786 praefati
1214 742 1341 775 Ioannis
1352 742 1522 785 Baptistae,
1533 741 1638 785 quoad
1655 740 1822 785 praedicta

1073 797 1167 828 ambo
1196 796 1300 828 officia
1324 806 1503 838 eorumque
1527 795 1664 828 liberum
1698 794 1818 827 exerci-

1075 849 1163 882 tium.
1203 859 1314 882 eecnon
1336 849 1487 887 honores⁷
1510 859 1620 887 onera,
1644 847 1823 891 privilegia,

1076 903 1312 947 ptsselcgativas
1344 908 1371 934 et
1411 902 1631 934 emolumenta
1660 900 1825 934 substitui-

1078 968 1147 990 mus
1171 964 1197 989 et
1222 957 1449 998 subrogamus
1481 955 1677 998 eosdemque
1699 955 1825 988 confra-

1079 1016 1142 1044 tres
1170 1022 1207 1043 ex
1228 1020 1314 1043 nunc
1334 1009 1372 1042 ad
1395 1009 1463 1052 ipsa
1483 1009 1546 1041 duo
1571 1008 1676 1041 officia
1702 1019 1826 1041 necnon

1078 1064 1278 1105 exercitium,
1301 1065 1454 1103 bonores,
1477 1073 1588 1103 onera,
1611 1063 1828 1094 emolumenta

1079 1124 1107 1152 et
1143 1118 1381 1163 praerogativas
1408 1115 1595 1150 huiusmodi
1626 1115 1829 1160 recipiendos

1080 1178 1110 1206 et
1129 1172 1344 1205 admittendos
1364 1172 1432 1204 fore
1461 1176 1490 1203 et
1510 1180 1589 1210 esse,
1612 1181 1649 1203 ac
1676 1169 1776 1212 recipi
1801 1175 1831 1201 et

1080 1226 1218 1266 admitti,
1239 1226 1361 1269 eisque,
1384 1225 1515 1258 nomine
1536 1224 1639 1257 dictae
1651 1224 1831 1257 confrater-

1082 1280 1199 1321 nitatis,
1221 1280 1259 1312 de
1280 1279 1405 1312 salariis
1425 1284 1455 1312 et
1469 1277 1696 1311 emolumentis
1711 1277 1833 1321 praedi-

1083 1334 1142 1367 etis
1163 1334 1285 1377 integre
1306 1339 1337 1367 et
1358 1343 1431 1366 eum
1450 1333 1566 1365 effectu
1580 1331 1767 1375 responderi
1781 1331 1834 1364 de-

1083 1388 1171 1427 bere3
1194 1399 1230 1420 ac
1251 1387 1381 1420 eosdem
1403 1387 1582 1419 confratres
1607 1391 1639 1418 et
1659 1386 1835 1432 confrater-

1084 1442 1215 1475 nitatem
1227 1442 1316 1475 nullo
1331 1452 1486 1484 umquam
1499 1446 1644 1484 tempore
1662 1440 1701 1472 ab
1721 1440 1834 1472 huius-

1086 1496 1172 1529 modi
1190 1495 1304 1528 officiis
1315 1500 1370 1528 aut.
1386 1495 1516 1527 illorum
1537 1495 1649 1535 altero,
1671 1493 1767 1526 etiam
1780 1504 1837 1537 per

1086 1561 1143 1582 nos
1164 1561 1220 1583 seu
1241 1561 1299 1593 per
1319 1560 1377 1593 pro
1399 1555 1541 1592 tempore
1562 1547 1748 1581 existentem
1775 1547 1837 1579 Ro-

1088 1614 1219 1636 manum
1234 1603 1436 1641 Pontificem,
1449 1603 1495 1635 vel
1512 1612 1736 1646 quoscumque
1749 1601 1838 1639 alios,

1088 1669 1123 1692 ex
1138 1657 1248 1700 quavis
1260 1667 1368 1697 causa,
1391 1656 1531 1689 amoveri
1553 1665 1646 1700 posse
1667 1665 1771 1698 neque
1787 1655 1838 1687 de·

1088 1713 1163 1746 bere
1185 1711 1404 1744 decernimus.

1133 1767 1148 1809 g
1167 1766 1199 1799 3.
1223 1765 1410 1798 Mandantes
1426 1763 1551 1797 dilectis
1564 1762 1842 1796 filiisnostroni-
1882 1777 1990 1797 ommim
2014 1776 2038 1796 aa

1090 1821 1179 1864 lippo
1200 1819 1308 1853 Sancti
1328 1819 1441 1862 Angeli
1458 1818 1490 1851 in
1514 1818 1596 1851 Foro
1616 1817 1754 1850 Piscium
1777 1816 1841 1849 dia·
1857 1807 2040 1861 fflg'fficfssssffffij

1091 1885 1173 1908 cono
1211 1873 1365 1906 cardinali
1399 1871 1609 1905 Vastavillano
1640 1876 1840 1914 nuncupato,
1857 1871 2040 1923 ‘ff”‘-‘,³{{⁹‚,‘,¹¹³¹³“⁵

1092 1928 1248 1960 moderno
1265 1932 1293 1960 et
1314 1937 1372 1970 pro
1393 1932 1538 1969 tempore
1559 1924 1705 1958 existenti
1726 1923 1840 1957 S.R.E.
1858 1910 1910 1924 ΜΝ
1972 1919 1974 1921 ’

1093 1980 1283 2021 camerario,
1307 1991 1344 2013 ac
1364 1980 1516 2013 Gamerae
1534 1978 1737 2022 Apostolicae
1754 1988 1845 2022 prae-

1093 2035 1273 2069 sidentibus
1301 2039 1333 2067 et
1361 2034 1498 2073 clericis,
1529 2043 1564 2065 ac
1592 2036 1703 2065 nostro
1733 2037 1765 2064 et
1786 2041 1845 2074 pro

1096 2096 1240 2134 tempore
1255 2087 1419 2121 existentis
1434 2086 1571 2120 Romani
1585 2085 1751 2120 Pontificis
1776 2085 1845 2121 tbe-

1094 2143 1252 2183 saurario,
1287 2142 1502 2184 omnibusque
1530 2140 1612 2181 aliis,
1640 2140 1678 2173 ad
1705 2150 1785 2182 quos
1814 2139 1845 2171 id

1095 2197 1341 2241 quomodolibet
1356 2201 1488 2240 spectat,
1501 2200 1535 2227 ut
1547 2194 1724 2227 confratres
1734 2200 1847 2226 etcon-

1097 2251 1327 2284 fraternitatem
1349 2249 1535 2282 huiusmodi
1557 2248 1596 2281 ad
1627 2247 1732 2281 officia
1753 2257 1846 2291 prae-

1097 2305 1193 2345 dicta,
1212 2305 1280 2337 ¹<ine
1297 2304 1364 2337 ulla
1382 2314 1483 2343 mora,
1505 2302 1663 2346 recipiant
1680 2307 1710 2334 et
1729 2301 1847 2333 admit-

1097 2364 1173 2399 tant,
1195 2369 1231 2391 ac
1252 2357 1351 2401 recipi
1379 2363 1409 2389 et
1436 2355 1560 2389 admitti
1589 2365 1715 2389 necnon
1747 2354 1785 2387 de
1815 2364 1848 2386 e-

1099 2412 1306 2445 molumentis
1349 2410 1522 2455 praedis-tis
1557 2409 1680 2452 integre
1723 2408 1768 2441 eis
1798 2419 1849 2440 re-

1098 2460 1249 2504 sponderi
1275 2460 1392 2494 faciant
1415 2465 1447 2492 et
1473 2458 1688 2503 respondeant
1708 2468 1780 2491 cum
1804 2457 1849 2488 ef-

1100 2512 1197 2544 fectu.

1143 2561 1157 2603 g
1177 2559 1209 2592 4.
1232 2559 1300 2592 Non
1321 2558 1524 2592 obstantibus
1542 2556 1708 2601 quibusvis
1729 2555 1849 2587 aliisde
1877 2569 2047 2596 ouant-rumque

1099 2609 1191 2643 dictis
1212 2608 1326 2641 officiis
1352 2619 1407 2641 seu
1430 2618 1542 2640 eorum
1561 2607 1676 2646 altero,
1705 2605 1849 2637 cuicum-
1865 2606 1909 2653 {¹32¹
1937 2601 2044 2620 [ψῃ-’Μ’

1100 2670 1163 2705 que
1176 2669 1232 2692 seu
1245 2658 1505 2702 quibuscumque
1515 2655 1671 2700 personis,
1689 2664 1746 2698 per
1757 2664 1850 2696 quos-
