2226 3070
101 286 155 316 An.
173 279 284 316 01538

953 286 1057 310 SIXTUS
1080 287 1099 309 V
1123 285 1171 309 PP.

297 338 394 371 etiam
416 337 573 371 irritantia
594 344 624 372 et
647 338 708 372 alia
729 339 869 379 decreta,
893 340 951 372 sub
972 350 1050 382 qua-

297 402 440 436 cumque
459 392 632 425 verborum
653 392 858 436 expressione
880 392 911 425 in
930 404 962 425 se
975 403 1050 426 con-

299 446 448 486 tinentes,
472 446 656 479 nullatenus
682 445 830 488 derogari
858 456 964 489 neque
994 446 1048 478 de-

298 504 446 542 rogatum
468 499 593 532 censeri
619 499 731 542 possit,
763 499 822 531 nisi
850 499 980 531 illorum
1006 505 1049 532 te-

298 563 394 586 nores
413 552 452 585 de
475 552 573 585 verbo
593 552 632 585 ad
650 552 796 591 verbum,
822 552 903 584 011111
921 552 1050 595 penitus

298 606 429 646 omisso,
452 606 577 645 inserti,
599 616 636 638 ac
656 605 842 638 huiusmodi
870 605 1051 647 derogatio-

298 670 355 692 nes
371 658 639 692 consistorialiter
661 664 691 691 et
712 659 750 691 ‹le
776 658 807 691 S.
826 658 863 691 R.
888 660 920 691 13.
944 658 1049 691 cai-‹ti-

299 713 422 745 nalium
443 711 593 751 consilio,
625 722 662 744 ac
692 722 765 744 cum
788 711 1051 754 expressionibus

298 775 469 797 causarum
490 765 523 797 in
543 764 730 797 huiusmodi
752 763 927 807 privilegiis
947 770 977 797 et
1002 764 1050 796 111-

298 818 396 851 dultis
412 829 449 851 ae
466 818 606 862 desuper
616 817 771 850 consectis
794 817 910 850 litteris
922 828 1051 861 expres—
1068 830 1071 834 ¹

299 882 408 905 sarum
432 871 544 913 sactae,
563 877 593 905 et
613 882 672 915 per
691 871 790 904 trinas
816 871 939 903 litteras
960 882 1051 903 011111-

300 926 373 958 (10111
403 931 548 958 tenorem
581 925 613 957 in
643 935 675 957 se
705 924 921 964 continentes,
949 918 1053 957 'tribus

300 978 459 1012 d1stinctis
486 978 608 1012 vicibus
632 978 670 1011 iis
694 989 834 1022 quorum
857 978 986 1011 interest
1008 979 1052 1011 10-

299 1031 409 1075 gitime
430 1032 595 1065 intimatae
616 1037 643 1065 et
667 1031 847 1064 insinuatae
869 1031 1001 1071 suerint,
1017 1042 1053 1065 ac

300 1086 431 1119 demum
474 1086 619 1130 ipsorum
666 1085 820 1118 interesse
864 1085 1052 1117 habentium

299 1140 338 1173 ad
359 1140 391 1172 id
412 1150 581 1183 expressus
603 1139 775 1172 accesserit
795 1149 956 1179 assensus,
980 1144 1055 1172 eta-

299 1193 374 1226 liter
398 1193 497 1225 sactae
529 1192 755 1236 derogationes
784 1192 907 1225 nemini
937 1192 1053 1225 suffra-

299 1252 429 1290 gentur.
447 1246 570 1286 Quibus
590 1247 754 1287 omnibus,
774 1246 897 1279 etiamsi
918 1246 996 1279 alias
1016 1246 1054 1279 (le

300 1301 363 1333 illis
392 1310 572 1343 eorumque
602 1299 676 1333 totis
706 1299 872 1333 tenoribus
892 1300 1053 1343 specialis,

300 1353 464 1399 specifica,
494 1364 644 1398 expressa
680 1359 708 1386 et
746 1352 910 1386 individua
945 1365 981 1386 ac
1016 1354 1054 1386 de

301 1408 399 1442 verbo
419 1408 459 1441 ad
478 1409 625 1448 verbum,
648 1418 713 1440 non
734 1413 841 1440 autem
854 1418 913 1451 per
929 1408 1055 1441 clausu-

301 1463 347 1496 las
366 1462 535 1506 generales
565 1462 649 1495 idem
676 1461 899 1506 iinportantes,
934 1462 1055 1495 mentio

302 1526 359 1549 seu
379 1515 510 1559 quaevis
531 1515 593 1548 alia
619 1515 782 1559 expressio
807 1515 968 1556 habenda,
1001 1521 1056 1548 aut

302 1569 410 1613 aliqua
430 1569 494 1602 alia
513 1569 670 1612 exquisita
698 1570 801 1601 t'orma
827 1569 866 1601 ad
896 1569 958 1602 hoc
974 1580 1055 1601 ser-

303 1623 404 1656 vanda
424 1628 520 1663 esset,
541 1628 670 1655 tenores
691 1628 721 1655 et
741 1623 859 1655 formas
879 1633 915 1655 ac
944 1633 1056 1656 causas

303 1682 437 1721 propter
460 1686 541 1719 quas
563 1686 716 1709 concessa
742 1676 870 1709 suerunt
890 1703 895 1715 ,
928 1687 1055 1709 necnon

302 1730 432 1763 decreta
446 1730 478 1762 in
491 1729 553 1763 illis
568 1730 714 1774 apposita
728 1730 964 1773 praesentibus,
978 1741 1014 1762 ae
1032 1730 1056 1763 si

301 1783 341 1817 de
362 1784 460 1817 verbo
481 1783 520 1822 ad
540 1783 689 1823 verbum,
704 1783 925 1827 nihilpenitus
938 1783 1056 1816 omisso

301 1843 332 1871 et
346 1837 449 1871 forma
467 1837 499 1870 in
520 1837 584 1869 illis
605 1836 719 1870 tradita
740 1837 921 1874 observata,
947 1837 1056 1869 inserti

302 1891 417 1931 forent,
438 1901 497 1934 pro
524 1890 682 1934 expressis
703 1890 870 1932 babentes,
893 1891 956 1923 illis
981 1891 1058 1923 alias

302 1944 335 1977 in
351 1955 409 1977 suo
427 1945 544 1977 robore
565 1944 800 1988 permansuris,
814 1944 873 1976 liae
885 1944 953 1977 vice
965 1945 1057 1977 ‹lum-

303 2003 398 2039 taxat,
421 1997 606 2042 specialiter
626 2004 654 2031 et
677 2008 826 2042 expresse
848 1998 1054 2041 derogamus,

303 2063 340 2085 ac
361 2052 559 2085 sufficienter
579 2051 769 2095 derogatum
795 2062 864 2085 csse
886 2057 916 2085 et
934 2051 1056 2084 censeri

304 2105 523 2146 decernimus,
544 2105 585 2138 ita
606 2111 640 2138 ut
656 2106 819 2139 contraria
830 2116 1057 2149 quaecumque

304 2160 488 2193 nullatenus
508 2159 648 2200 obstent,
661 2160 831 2193 contrariis
845 2160 1057 2203 quibuscum-

304 2224 382 2256 que;
403 2219 459 2247 aut
479 2214 503 2247 si
516 2213 615 2257 aliqui
632 2224 730 2258 super
745 2213 983 2257 provisionibus
999 2213 1058 2246 sibi

305 2266 461 2300 faciendis
495 2267 534 2300 de
567 2267 766 2311 prioratibus
797 2278 834 2299 ac
869 2267 1059 2299 huiusmodi

305 2320 462 2364 speciales
480 2320 528 2353 vel
550 2320 620 2353 aliis
643 2320 810 2353 beneficiis
832 2320 1059 2353 ecclesiasticis·

305 2373 337 2405 in
356 2373 418 2406 illis
434 2373 578 2418 partibus
598 2373 765 2415 «generales
785 2372 889 2405 dictae
905 2373 995 2406 Sedis
1012 2374 1059 2405 vel

305 2431 483 2474 legatorum
496 2431 565 2464 eius
574 2431 694 2464 litteras
705 2430 921 2474 impetrarint,
935 2431 1059 2464 etiamsi

306 2500 364 2533 per
393 2500 446 2522 eas
475 2490 514 2522 ad
544 2488 783 2529 inhibitionem,
811 2488 1058 2521 reservationem

306 2552 336 2580 et
360 2547 528 2580 decretum
558 2547 605 2579 vel
640 2547 719 2580 alias
747 2546 994 2590 quomodolibet
1023 2546 1061 2578 sit

308 2615 510 2648 processum.
533 2605 616 2644 Quas
633 2604 765 2647 (plidem
786 2604 909 2637 litteras
934 2609 964 2636 et
984 2614 1060 2647 pro-

308 2672 416 2696 cessus
436 2661 564 2695 habitos
584 2672 643 2706 per
667 2662 808 2704 easdem,
824 2667 855 2696 et
865 2661 939 2694 inde
950 2667 1059 2694 secuta

387 2715 469 2746 Ball.
490 2715 571 2746 Rom.
596 2715 654 2746 Vol.
672 2715 723 2745 IX.
925 2716 942 2744 8

1760 268 1801 310 57

1092 347 1330 381 quaecumque,
1353 337 1392 369 ad
1429 337 1634 377 monasteria,
1668 337 1843 380 prioratus,

1092 396 1244 429 ecclesias
1265 395 1332 428 sine
1358 406 1435 428 cura
1464 405 1520 428 seu
1557 395 1710 438 capellas,
1740 395 1844 438 capel-

1093 454 1209 487 laniam
1236 459 1267 486 et
1294 453 1453 487 beneficia
1483 453 1670 486 huiusmodi
1696 454 1847 486 volumus

1093 522 1157 544 non
1195 512 1336 552 extendi,
1372 512 1427 545 sed
1460 511 1587 544 nullum
1619 522 1676 554 per
1705 511 1766 544 1100
1801 512 1847 544 eis

1093 570 1198 610 quoad
1224 569 1461 602 assecutionem
1486 570 1691 613 prioratuum
1712 580 1768 602 seu
1790 569 1846 602 he-

1093 627 1285 660 neficiorum
1294 629 1432 661 aliorum
1442 628 1847 672 praeiudiciumgenerarh

1093 695 1148 716 seu
1170 685 1194 716 si
1222 685 1385 728 aliquibus
1406 686 1624 719 communiter
1648 686 1697 719 rel
1722 686 1848 718 divisim

1094 741 1132 773 ab
1154 742 1265 774 eadem
1286 743 1327 775 sit
1351 744 1432 777 Sede
1459 744 1618 776 indultum
1640 744 1727 787 quod
1749 744 1847 776 inter-

1094 799 1180 839 dici,
1214 802 1366 844 suspendi
1396 802 1445 834 vel
1476 802 1752 835 exconinninicari
1784 812 1849 835 non

1095 857 1214 900 possint
1243 869 1301 901 per
1336 859 1458 892 litteras
1488 860 1682 903 apostolicas
1708 871 1772 893 non
1804 862 1849 893 sa-

1095 915 1216 949 0100105
1237 917 1365 960 plenam
1388 923 1418 950 et
1438 928 1620 961 expressam
1642 930 1679 951 ae
1699 919 1739 951 de
1753 919 1851 951 verbo

1096 974 1134 1006 ad
1166 975 1300 1008 verbum
1328 976 1367 1008 de
1393 975 1520 1008 indulto
1546 975 1732 1009 huiusmodi
1760 987 1850 1010 men-

1097 1032 1230 1066 tionem.
1263 1033 1298 1065 Ei
1331 1033 1529 1077 quibuslibet
1558 1034 1630 1066 aliis
1660 1034 1849 1077 privilegiis,

1096 1090 1231 1123 indultis
1252 1096 1282 1124 ct
1302 1091 1417 1124 litteris
1430 1091 1626 1135 apostolicis,
1646 1092 1852 1133 generalibus

1097 1149 1144 1181 vel
1159 1149 1370 1192 specialibus,
1392 1160 1680 1194 (piorumcumque
1702 1155 1851 1182 tenorum

1097 1207 1243 1247 existant,
1272 1218 1330 1250 per
1350 1218 1433 1250 quae
1454 1207 1679 1251 praesentibus
1707 1218 1772 1240 non
1802 1219 1853 1240 ex-

1097 1275 1205 1308 pressa
1231 1265 1278 1297 vel
1309 1265 1450 1299 totaliter
1474 1276 1539 1298 non
1570 1266 1688 1298 inserta
1718 1266 1852 1298 effectus

1097 1334 1209 1356 earum
1234 1323 1384 1368 impediri
1415 1324 1518 1357 valeat
1538 1324 1783 1367 quomodolibet
1803 1322 1851 1357 vel

1097 1382 1232 1421 differri,
1265 1387 1296 1415 et
1327 1382 1365 1415 de
1400 1381 1519 1426 quibus
1548 1393 1754 1426 quorumque
1779 1383 1852 1415 totis

1099 1440 1265 1473 tenoribus
1291 1441 1329 1473 de
1354 1441 1452 1473 verbo
1479 1440 1518 1473 ad
1548 1441 1683 1473 verbum
1704 1440 1852 1473 habenda

1098 1498 1137 1530 sit
1158 1498 1189 1530 in
1211 1498 1329 1531 nostris
1343 1498 1457 1531 litteris
1469 1498 1590 1531 mentio
1603 1498 1763 1542 specialis.
1777 1499 1853 1531 Pro—

1099 1557 1164 1589 viso
1186 1557 1274 1599 quod
1295 1562 1429 1600 propter
1458 1557 1656 1600 posteriores
1681 1557 1850 1597 unionem,

1098 1614 1333 1655 annexionem,
1388 1615 1685 1658 incorporationem
1729 1622 1854 1649 nostras

1099 1673 1301 1717 praedictas,
1332 1674 1527 1707 monasteria
1562 1674 1593 1706 in
1629 1674 1854 1718 spiritualibus

1099 1742 1163 1765 non
1183 1732 1366 1772 laedantur,
1390 1737 1421 1765 ct
1442 1732 1473 1764 in
1497 1732 1732 1776 temporalibus
1754 1733 1853 1766 detri—

1099 1795 1207 1823 menta
1226 1801 1291 1823 non
1312 1790 1501 1831 sustineant,
1515 1801 1551 1823 ac
1570 1790 1732 1833 prioratus
1743 1790 1773 1823 S.
1794 1791 1855 1824 Ma-

1100 1848 1167 1881 riae
1206 1848 1361 1881 ecelesiae
1388 1849 1457 1882 sinc
1487 1860 1578 1889 cura,
1611 1860 1666 1881 5011
1695 1849 1851 1893 capellae,

1100 1907 1278 1950 capellania
1312 1914 1343 1940 et
1371 1907 1529 1941 beneficia
1553 1907 1740 1940 huiusmodi
1767 1907 1855 1939 debi-

1101 1964 1138 1997 tis
1159 1975 1224 1998 non
1250 1965 1442 1997 fralust—ntur
1471 1965 1646 2009 obsequiis,
1677 1970 1707 1998 ct
1732 1965 1854 1997 anima-

1100 2033 1173 2055 rum
1204 2033 1282 2056 eura
1312 2023 1343 2055 111
1375 2023 1431 2061 eis,
1463 2023 1488 2055 si
1510 2034 1573 2066 qua
1591 2023 1653 2055 illis
1673 2023 1853 2063 immineat,

1101 2082 1287 2114 nullatenus
1307 2081 1506 2123 negligatur,
1520 2081 1574 2114 sed
1589 2081 1718 2114 illorum
1734 2092 1772 2114 ac
1788 2092 1856 2114 mo—

1101 2139 1315 2172 nasteriorum
1336 2139 1580 2183 praedictorum
1610 2150 1755 2182 congrue
1778 2151 1855 2183 sup-

1101 2203 1272 2241 portentur
1292 2208 1392 2231 onera
1412 2204 1579 2231 consueta.

1145 2256 1229 2288 Nulli
1255 2266 1343 2299 ergo,
1371 2261 1428 2289 etc.

1145 2313 1261 2346 Datum
1283 2314 1403 2347 Romae
1429 2314 1514 2358 apud
1535 2314 1690 2348 Sanctum
1712 2314 1855 2354 Petrum,

1102 2382 1186 2404 anno
1217 2371 1450 2405 lncarnationis
1475 2372 1657 2405 dominicae
1684 2373 1856 2405 millesimo

1102 2430 1363 2473 quingentesimo
1380 2430 1601 2473 octuagesimo
1622 2436 1746 2470 octavo,
1769 2430 1853 2463 (leci

1103 2487 1270 2530 maquinto
1292 2488 1446 2521 kalendas
1468 2488 1661 2528 decembris,
1686 2488 1854 2531 [1001111011-

1104 2551 1153 2578 tus
1174 2546 1275 2578 nostri
1298 2557 1382 2580 anno
1402 2556 1444 2579 1v.

1153 2602 1216 2633 Dat.
1234 2603 1280 2633 die
1297 2604 1332 2633 17
1356 2613 1422 2633 nov.
1442 2604 1531 2641 1588,
1550 2604 1654 2643 pontis.
1675 2613 1752 2633 anno
1771 2612 1807 2632 tv,

1863 284 1915 312 An.
1936 283 2045 312 C-1588

1898 2266 1984 2287 Sanctio
1999 2268 2053 2291 poe-

1871 2298 1933 2317 natis.
