2226 3070
148 256 199 285 An.
216 257 245 285 C.
264 255 332 285 1588

187 1168 294 1189 iudicibus
310 1171 331 1188 et

148 1203 196 1222 aliis
232 1201 330 1221 inhiben-

148 1234 166 1252 tll
176 1236 196 1253 el
208 1232 330 1252 inobedien·

148 1267 181 1284 tes
208 1263 322 1284 enei-cendi

179 2161 266 2181 Dubium
275 2164 337 2186 prae-

154 2194 266 2213 missorum
299 2196 338 2211 oc—

154 2225 242 2246 casione
270 2222 339 2243 [utura

156 2253 278 2276 declarandi
294 2258 339 2273 om-

155 2287 233 2312 uiaque
249 2285 291 2305 ntia
306 2284 340 2304 tle-

155 2322 218 2343 nuper
260 2320 341 2336 noces-

156 2349 211 2369 saria
241 2351 282 2367 etc.
309 2345 341 2366 ln-

157 2380 234 2400 ciendi.

391 246 435 279 54
985 249 1162 274 mammon
1182 247 1332 272 noitANUtti
1903 246 1956 274 An.
1973 246 2002 274 C.
2016 246 2084 275 1588

349 309 510 343 iudicibus
530 309 725 342 introdectas
740 314 767 341 ct
787 304 1098 348 imlecisaspenden-

349 369 406 403 tes,
424 363 521 396 etiam
536 363 605 395 illus
616 363 655 395 ab
669 361 743 406 ipsis
756 360 914 393 iudicibus
925 357 1098 396 avocando,

348 428 406 461 per
425 428 458 450 se
478 417 526 450 vel
544 417 613 449 eius
625 416 912 459 riceprotcctorem
928 417 983 444 aut,
999 411 1097 443 alium

349 482 403 504 seu
425 471 505 504 alios
525 481 607 513 quos
627 469 735 502 adhoc
748 464 1097 509 duxeritdeputandos,

349 524 445 557 etiam
466 523 653 562 summarie,
676 520 866 564 simpliciter
886 524 917 551 et
936 518 974 551 de
991 518 1097 561 plano,

349 589 387 612 ac
406 578 474 611 sinc
492 577 629 620 strepitu
651 581 680 608 et
702 575 805 618 figura
828 573 952 613 iudicii,
967 572 1020 606 sed
1032 572 1099 605 sola

351 631 423 664 sacti
457 631 587 663 veritate
622 629 774 671 inspecta,
800 638 837 660 ac
871 626 965 659 etiam
1001 636 1097 658 manu

351 684 448 727 regia,
478 694 551 716 cum
579 681 729 715 omnibus
753 686 783 713 et
812 679 946 723 singulis
966 679 1032 712 suis
1053 679 1098 711 in-

350 738 541 777 cidentibus,
556 734 825 779 dependentibus,
848 733 1098 776 emergentibus,

349 790 481 824 annexis
510 795 542 823 et
580 788 749 827 connexis,
786 798 822 820 ac
863 792 928 820 toto
969 787 1099 829 negotio

351 842 534 888 principali,
558 842 653 875 etiam
687 841 839 885 privative
860 840 966 884 quoad
987 850 1099 873 omncs

349 903 380 931 ct
413 896 557 939 singulos
590 895 671 928 alios
701 894 822 927 iudices
856 893 1036 926 ordinarios
1069 899 1097 926 et

348 951 522 993 delegatos,
545 959 723 992 corumque
745 947 851 981 curias
877 952 910 980 et
926 947 1099 980 tribunalia

348 1003 564 1037 ecclesiastica
598 1003 644 1035 vel
683 1000 881 1041 saecularia,
926 1000 1097 1040 audiendi,

347 1056 564 1100 cognoscendi
585 1061 614 1089 et
633 1056 695 1088 fine
717 1055 825 1088 debito
847 1054 1055 1088 terminandi.

391 1112 406 1154 ξ
432 1110 483 1143 16.
516 1110 647 1143 Necnon
686 1119 911 1152 quoscumque
947 1107 1099 1141 iuteresse

347 1165 512 1204 habentes,
534 1169 598 1196 tam
620 1163 651 1195 in
673 1163 757 1195 dicta
778 1161 868 1195 curia
889 1172 987 1205 quam
1012 1168 1099 1194 extra

347 1229 430 1258 eam,
453 1217 549 1250 etiam
573 1227 631 1260 per
655 1216 796 1249 edictum
823 1215 1002 1258 publicum,
1026 1226 1101 1248 con-

347 1272 422 1306 stito
443 1271 502 1303 sibi
523 1269 700 1303 summarie
721 1270 760 1302 de
781 1280 846 1302 non
870 1274 936 1301 tuto
953 1280 1098 1308 accessu,

347 1324 479 1364 citandi,
495 1330 522 1357 ct
545 1323 711 1367 quibusvis
724 1322 819 1355 etiam
837 1322 980 1355 ciusdem
992 1322 1100 1355 curiae

349 1378 509 1411 iudicibus
530 1383 561 1410 et
589 1376 745 1420 personis,
773 1376 892 1419 quibus
919 1382 949 1408 et
976 1375 1101 1418 quotics

347 1443 430 1476 opus
454 1431 569 1470 suerit,
593 1430 654 1463 sub
679 1429 867 1469 sententiis,
891 1429 1038 1462 censuris
1072 1435 1102 1462 ct

348 1485 462 1530 poenis
479 1483 705 1517 ecclesiasticis
726 1494 763 1515 ac
783 1482 879 1515 etiam
891 1482 1101 1525 pecuniariis,

348 1539 387 1571 dc
407 1537 525 1582 quibus
546 1537 573 1570 ci
600 1536 774 1576 videbitur,
805 1535 986 1576 inhibendi,
1015 1542 1045 1569 ct
1070 1536 1102 1568 in

348 1598 498 1626 eventum
516 1601 582 1624 non
603 1589 786 1635 paritionis,
798 1590 837 1622 ad
850 1589 1101 1622 declarationem

350 1646 500 1679 incursus
510 1649 633 1678 sentent
641 1644 756 1683 iarum,
765 1653 979 1677 censurarum
987 1648 1017 1676 et
1029 1654 1104 1686 poe-

350 1709 466 1731 narum
486 1696 671 1730 huiusmodi
694 1696 904 1740 procedendi,
917 1708 953 1730 ac
974 1702 1103 1730 sentcn-

351 1752 410 1785 tias
429 1752 569 1795 desuper
594 1749 744 1783 serendas
771 1750 897 1783 debitae
923 1750 1104 1784 executioni

350 1803 566 1839 demandandi
587 1814 643 1836 seu
664 1803 852 1836 demandari
866 1803 1016 1843 faciendi,
1030 1814 1105 1836 con-

351 1853 543 1888 tradictores
563 1852 726 1896 quoslibet
747 1857 777 1885 et
797 1853 932 1885 rebelles
950 1863 1007 1895 per
1020 1852 1105 1884 simi-

351 1906 397 1938 les
417 1903 603 1941 sententias,
627 1913 779 1935 censuras
793 1907 824 1934 et
840 1912 960 1945 poenas
977 1901 1105 1945 aliaque

352 1959 536 1997 opportuna
557 1951 636 1984 iuris
663 1957 691 1984 et
713 1950 787 1984 facti
812 1951 953 1983 remedia
974 1961 1105 1994 compe-

353 2002 474 2042 scendi,
494 2012 530 2034 ac
549 2000 646 2033 etiam
667 1999 823 2032 auxilium
845 1999 969 2032 brachii
991 2010 1105 2032 saecu-

353 2051 428 2084 laris
449 2051 488 2083 ad
510 2051 572 2083 hoc
593 2049 775 2082 invocandi.

398 2101 413 2144 g
442 2099 495 2132 17.
532 2099 662 2132 Necnon
694 2108 920 2142 quaecumque
948 2097 1047 2130 dubia
1077 2102 1107 2130 et

354 2149 572 2188 difficultates,
595 2148 620 2180 si
640 2158 723 2191 quae
744 2147 997 2191 praemissorum
1015 2156 1108 2179 occa-

355 2199 445 2232 sione
465 2196 712 2242 quomodolibet
737 2195 814 2229 oriri
845 2195 1027 2239 contigerit,
1051 2195 1106 2228 de-

355 2246 498 2281 clarandi
531 2251 561 2278 et,
590 2245 838 2289 interpretandi,
868 2244 1044 2287 omniaque
1078 2250 1108 2290 et

355 2295 482 2339 singula
500 2295 532 2327 in
549 2294 668 2328 eisdem
690 2294 876 2338 praemissis
896 2301 927 2327 et
947 2294 1034 2326 circa
1054 2303 1108 2326 eas

356 2343 601 2389 quomodolibet
639 2343 819 2376 necessaria
844 2343 888 2377 'et
925 2348 1108 2385 opportuna

356 2393 508 2433 faciendi,
536 2392 675 2432 dicendi,
706 2392 852 2434 gerendi,
879 2391 1048 2424 exercendi
1078 2395 1110 2422 et

358 2441 558 2486 exequendi,
586 2442 680 2474 etiam
711 2441 799 2473 omni
835 2447 865 2473 et.
902 2450 1108 2483 quacumque

359 2491 574 2536 appellatione
596 2495 733 2531 remota,
756 2490 896 2533 plenam,
926 2490 1059 2521 liberam
1080 2495 1110 2522 et.

358 2539 579 2575 omnimodam
590 2539 789 2578 facultatem,
807 2544 998 2581 potestatem
1012 2543 1043 2570 et
1054 2549 1109 2570 au«

1183 302 1198 345 ἓ
1230 302 1283 334 18.
1317 301 1533 333 Deccrncntes
1561 303 1745 342 praesentes
1767 299 1888 331 litteras
1982 306 2090 327 cunnus

1139 360 1169 387 et
1190 355 1220 387 in
1242 354 1285 386 eis
1307 358 1458 386 contenta
1476 362 1700 395 quaecumque
1716 352 1805 384 nullo
1820 363 1889 384 um-
1905 341 2089 389 iltissejssllssuffi

1139 418 1236 451 quam
1260 413 1415 450 tempore,
1441 406 1536 438 etiam
1566 416 1625 449 pro
1646 415 1683 437 eo
1704 404 1791 448 quod
1812 415 1888 438 cau-
1903 400 2036 426 ”³³¹¹1'⁰¹¹¹''

1139 472 1191 494 sae
1206 466 1340 505 propter
1360 470 1441 503 quas
1457 460 1537 493 hacc
1552 458 1662 492 omnia
1674 458 1757 491 sacta
1772 458 1892 491 suerint

1140 525 1248 547 coram
1264 515 1410 547 locorum
1420 513 1606 553 ordinariis,
1617 511 1712 546 etiam
1726 516 1890 555 tamquam

1139 579 1156 601 a
1177 568 1257 602 Sede
1286 567 1449 612 praedicta
1469 567 1622 611 delegatis
1647 566 1696 599 vel
1717 565 1792 598 alibi
1819 575 1892 597 exa-

1141 621 1278 654 minatae
1297 648 1304 661 ‚
1335 620 1515 654 verificatae
1550 626 1581 653 et
1607 619 1826 664 approbatae,
1855 629 1893 651 ac

1141 675 1283 717 ipsorum
1313 674 1596 714 monasteriorum,
1627 673 1831 717 prioratuum
1861 677 1893 705 et

1139 728 1295 761 Ordinum
1333 728 1518 771 superiores
1549 733 1579 760 et
1612 727 1812 771 quicumque
1836 725 1890 758 alii

1140 782 1297 814 interesse
1317 781 1473 814 habentes
1501 781 1539 814 ad
1567 780 1596 813 id
1616 780 1720 813 vocati
1741 790 1805 813 non
1826 780 1892 814 sue-

1140 835 1215 876 rint,
1238 846 1298 868 ncc
1314 835 1434 868 eisdem
1457 834 1639 878 praemissis
1655 834 1890 875 consenserint,

1140 889 1203 920 sire
1225 888 1303 920 alias
1321 899 1357 920 ex
1377 888 1639 931 quibuscumque
1660 887 1775 928 causi&
1788 898 1892 931 quan-

1141 942 1256 974 tumvis
1268 941 1418 984 legitimis
1433 947 1462 974 et
1479 941 1636 980 iuridicis,
1653 941 1692 973 de
1708 941 1892 984 subreptio-

1140 995 1189 1027 nis
1209 995 1256 1027 vel
1272 994 1472 1038 obreptionis
1488 1000 1544 1027 aut
1558 993 1716 1027 nullitatis
1730 993 1819 1034 vitio,
1835 1005 1891 1027 seu

1141 1048 1329 1081 intentionis
1350 1054 1478 1081 nostrae
1499 1048 1546 1081 vel
1575 1047 1729 1092 quopiam
1752 1047 1815 1080 alio
1836 1047 1892 1080 de·

1141 1103 1225 1134 t'cctu
1246 1101 1362 1141 notari,
1387 1100 1582 1145 impugnari,
1605 1101 1785 1141 retractari,
1800 1100 1832 1133 in
1843 1099 1893 1133 ius

1140 1156 1188 1188 vel
1209 1155 1460 1188 controversiam
1482 1155 1640 1195 revocari,
1669 1154 1707 1187 ad
1739 1154 1894 1189 terminos

1142 1208 1219 1241 iuris
1246 1209 1370 1250 reduci,
1397 1209 1444 1241 vel
1466 1209 1616 1250 adversus
1637 1208 1690 1240 illa
1710 1208 1891 1251 quodcum-

1140 1273 1204 1306 que
1224 1261 1315 1303 iuris,
1344 1262 1416 1296 sacti
1434 1262 1482 1295 vel
1502 1262 1625 1305 gratiae
1642 1261 1822 1295 remedium
1836 1262 1892 1295 im-

1142 1316 1261 1359 petrari
1283 1327 1389 1360 posse,
1413 1326 1518 1359 neque
1539 1315 1599 1348 sub
1619 1315 1785 1359 quibusvis
1804 1315 1893 1348 simi-

1142 1369 1220 1402 lium
1252 1370 1300 1402 vel
1334 1369 1540 1402 dissimilium
1569 1369 1769 1412 gratiarum,
1797 1369 1892 1402 etiam

1142 1423 1423 1466 suppressiomim,
1457 1422 1616 1455 unionum
1642 1428 1674 1455 et
1701 1422 1893 1466 applicatio-

1142 1487 1231 1516 num,
1257 1476 1408 1509 effectum
1430 1486 1523 1509 suum
1544 1475 1729 1520 plenarium
1749 1476 1894 1510 nondum

1143 1529 1343 1569 semitarum,
1369 1529 1644 1571 revocationibus,
1675 1529 1896 1574 suspensioni-

1143 1583 1221 1625 bus,
1253 1583 1499 1616 limitationibus
1536 1588 1592 1616 aut
1620 1582 1692 1616 aliis
1726 1583 1897 1617 contrariis

1144 1636 1421 1681 dispositionibus,
1449 1648 1507 1680 per
1527 1647 1586 1670 nos
1605 1637 1653 1670 vel
1679 1636 1758 1670 alios
1777 1637 1894 1670 Roma-

1144 1701 1203 1724 nos
1223 1691 1397 1724 Pontifices
1417 1701 1620 1724 successores
1635 1696 1773 1731 nostros,
1798 1691 1895 1724 etiam

1145 1743 1177 1776 in
1198 1743 1372 1776 crastinum
1395 1743 1625 1788 assumptionis
1651 1743 1796 1787 ipsorum
1823 1755 1897 1778 suc-

1146 1808 1311 1831 cessorum
1333 1798 1371 1831 ad
1393 1797 1511 1830 summi
1531 1797 1732 1840 apostolatus
1756 1797 1896 1842 apicem,

1146 1852 1205 1884 sub
1232 1852 1495 1895 quibuscumque
1520 1851 1693 1884 verborum
1719 1850 1898 1895 expressio-

1146 1905 1241 1938 nibus
1263 1910 1293 1938 et
1313 1905 1436 1945 soi-mis,
1460 1905 1555 1938 etiam
1588 1909 1689 1945 motu,
1713 1904 1850 1938 scientia
1868 1910 1901 1938 et

1147 1959 1313 2002 potestatis
1333 1959 1535 2003 plenitudine
1561 1958 1721 1992 similibus
1738 1969 1797 2003 pro
1818 1963 1899 1991 tem-

1148 2024 1226 2056 pore
1257 2013 1361 2053 sactis‚
1386 2012 1631 2056 comprehendi,
1655 2013 1709 2045 sed
1734 2017 1899 2056 tamquam

1147 2077 1205 2110 pro
1226 2066 1416 2099 fundatione
1437 2076 1493 2099 seu
1514 2066 1679 2099 dotatione
1699 2065 1776 2099 dicti
1800 2066 1899 2100 eolle-

1147 2120 1189 2162 gii
1211 2120 1324 2153 Montis
1344 2120 1408 2152 Alti
1433 2119 1473 2152 ad
1503 2119 1664 2152 bonarum
1685 2119 1803 2152 artium
1833 2119 1901 2152 cul-

1149 2180 1217 2207 tum
1243 2174 1378 2207 instituti
1404 2184 1557 2207 concessa
1588 2173 1721 2206 minime
1752 2183 1901 2216 compre-

1148 2228 1259 2268 hendi,
1282 2239 1318 2261 ac
1339 2238 1466 2271 semper
1487 2227 1526 2260 ab
1547 2227 1609 2260 illis
1631 2227 1747 2272 excipi,
1767 2232 1799 2260 et
1818 2238 1901 2271 quo-

1148 2282 1207 2314 ties
1234 2282 1306 2315 illae
1333 2281 1541 2321 emanabunt,
1562 2280 1655 2314 toties
1675 2280 1707 2313 in
1727 2280 1900 2325 pristinum

1150 2341 1181 2368 ct
1198 2346 1271 2368 eum
1294 2335 1325 2367 in
1346 2345 1412 2378 quo
1433 2339 1525 2367 antea
1546 2334 1792 2377 quomodolibet
1811 2339 1903 2366 erant

1150 2394 1266 2422 statum
1303 2388 1469 2427 restituta,
1510 2386 1653 2430 reposita
1691 2392 1722 2420 et
1757 2386 1902 2430 plenarie

1151 2438 1358 2479 reintegrata,
1377 2447 1413 2469 ac
1433 2437 1472 2469 de
1493 2446 1576 2469 novo
1597 2436 1693 2469 etiam
1714 2436 1773 2468 sub
1791 2435 1900 2468 datum

1151 2498 1208 2531 per
1228 2492 1458 2530 protectorem,
1490 2492 1648 2518 rectorem
1685 2490 1715 2518 et
1740 2484 1902 2517 scholares

1151 2548 1210 2579 pro
1231 2542 1376 2579 tempore
1397 2535 1568 2568 existentes
1582 2535 1743 2578 praefatos
1754 2533 1901 2576 quando-

359 2589 540 2623 etoritatem
563 2588 684 2632 pariter
704 2593 862 2632 perpetuo
884 2587 1058 2620 tribuimus
1079 2592 1112 2620 et
1152 2596 1292 2628 cumque
1316 2584 1476 2627 eligenda,
1502 2583 1541 2617 sle
1561 2594 1643 2617 novo
1664 2592 1815 2616 concessa
1833 2582 1902 2614 fore

359 2638 546 2683 elargimur.

1152 2640 1182 2668 et
1197 2645 1275 2675 esse,
1291 2643 1452 2677 suumque
1471 2632 1653 2676 plenarium
1670 2631 1819 2666 effectum
1835 2639 1900 2664 sor·
