2226 3070
77 324 129 351 An.
146 323 260 352 c.1590

924 316 1029 340 sxxrt's
1053 315 1071 338 V
1096 315 1144 339 PP.

320 373 438 407 *Estivo
469 378 613 416 tempore
644 372 722 403 hora
747 370 859 413 ‹piinta
885 378 1028 412 surgant,

276 435 371 471 atque
403 427 434 459 in
465 426 611 459 oratione
634 429 841 468 permaneant
870 423 1030 465 usquead

277 489 398 514 sextam
413 480 671 522 liorai‘ussiyeine
688 487 762 511 vero
779 482 864 510 sexta
885 482 1031 518 surgant,

277 540 307 567 et
327 535 364 567 ad
382 534 550 578 septimam
569 543 671 575 usque
691 532 721 564 in
739 531 884 563 oratione
907 540 1034 573 perma-

278 593 386 621 neant:
414 598 477 630 qua
498 587 635 630 expleta,
659 585 835 618 canonicae
861 584 960 616 horae
982 594 1032 614 re-

278 642 430 681 citentur,
458 646 488 673 et
508 640 532 672 si
563 639 736 683 priorissae
763 637 936 672 videbitur,
960 636 1032 668 illac

279 706 392 728 omnes
426 694 522 727 simul
547 692 745 727 recitentur,
777 691 823 724 101
850 701 947 722 unam
979 695 1032 721 aut

279 748 374 781 etiam
394 748 527 780 alteram
543 746 687 790 ipsarum
704 750 777 777 ante
791 743 964 776 missarum
985 753 1034 775 so-

279 801 399 835 lemnia
424 800 622 833 recitandam
644 798 819 841 relinquat.
852 797 897 829 lta
926 801 1033 828 tamen

278 860 314 888 ut
333 865 446 888 omnes
466 854 694 897 compleantur
714 857 789 884 ante
815 850 931 883 missae
952 849 1035 882 cele-

277 907 470 941 brationem.

321 961 441 994 Diebus
460 959 634 993 dominicis
655 965 686 992 et
704 959 775 991 aliis
794 957 912 991 festivis
933 962 1035 989 matu-

278 1016 397 1056 tinum,
419 1024 571 1059 vesperae
596 1020 626 1047 et
645 1024 756 1047 sacrae
783 1013 898 1045 missae
919 1011 1036 1044 decan-

279 1074 398 1102 tentur.
413 1067 527 1102 Primis
543 1078 618 1101 vero
635 1066 749 1100 diebus
762 1066 905 1099 Paschae
921 1070 951 1098 et
966 1065 1037 1097 aliis

279 1121 543 1162 solemnioribus,
571 1121 681 1154 laudes
702 1120 798 1153 etiam
831 1120 955 1153 cantari
982 1130 1037 1163 po-

281 1182 401 1216 terunt,
424 1176 601 1220 praecipue
621 1185 696 1208 vero
709 1174 761 1208 die
774 1174 907 1217 gloriosi
927 1174 1036 1208 Sancti

278 1230 423 1275 Josephi3
440 1235 622 1273 cantusque
638 1229 679 1262 sit
698 1239 827 1272 semper
843 1228 876 1262 in
893 1234 970 1262 tono
985 1240 1038 1262 vo-

280 1285 372 1318 cibus
391 1283 592 1328 aequalibus,
615 1283 736 1326 absque
758 1282 1038 1316 modulationibus

279 1340 325 1381 (et
352 1343 481 1382 praeter
504 1336 693 1370 huiusmodi
718 1336 787 1370 dics
807 1336 934 1380 festos),
965 1337 1038 1370 sub-

281 1392 378 1425 missa
409 1401 498 1424 voce.
537 1390 629 1423 Missa
653 1400 784 1434 quoque
816 1391 1039 1424 conventualis

280 1445 417 1489 singulis
450 1445 635 1488 quibusque
660 1443 774 1477 diebus
807 1444 1036 1484 celebrabitur,

281 1510 378 1543 quam
413 1508 526 1531 omnes
559 1498 729 1540 religiosae
765 1497 918 1538 audiant,
957 1497 981 1530 si
1007 1498 1039 1530 id

282 1552 454 1586 commode
463 1551 533 1584 fieri
543 1551 677 1595 poterit:
701 1562 738 1584 ex
753 1550 814 1584 1011
829 1551 925 1584 etiam
943 1562 1040 1584 causa

282 1618 299 1640 a
319 1607 421 1639 choro
441 1615 508 1638 non
523 1605 641 1645 absint,
659 1611 689 1638 et
711 1605 845 1649 expletis
865 1605 964 1646 horis,
983 1616 1040 1638 sua

282 1669 430 1703 quaeque
451 1659 569 1692 obeant
593 1658 711 1692 officia.

327 1713 442 1747 Octava
465 1713 547 1746 hora
576 1717 708 1753 aestate,
737 1718 766 1746 et
805 1722 891 1746 nona
926 1713 1040 1757 hyeme

283 1767 379 1800 missa
405 1766 545 1800 dicatur.

325 1821 426 1854 Paulo
456 1825 529 1853 ante
550 1819 737 1864 prandium,
757 1820 797 1852 ad
819 1830 934 1854 sonum
956 1831 1042 1854 cam-

285 1875 432 1919 panellae
453 1884 565 1908 omnes
581 1874 776 1907 conveniant
791 1874 829 1907 ad
847 1885 980 1908 examen
997 1876 1042 1909 fa-

285 1928 437 1962 ciendum
464 1937 578 1961 eorum
599 1938 683 1971 quae
704 1927 741 1960 ad
764 1938 833 1961 eam
856 1939 960 1972 usque
981 1930 1041 1963 lio-

285 1992 353 2014 ram
374 1981 609 2021 commiserint,
633 1986 663 2014 et
682 1981 715 2013 in
732 1992 797 2024 quo
818 1983 920 2025 magis
937 1984 1041 2019 delin-

284 2035 428 2079 querint,
446 2035 620 2068 emendare
640 2041 836 2079 proponant:
857 2037 944 2080 quod
970 2045 1003 2071 ut
1025 2052 1042 2073 a

283 2089 421 2123 Domino
432 2089 561 2122 facilius
577 2096 832 2133 consequantur,
851 2092 950 2124 semel
966 2092 1043 2126 Ora-

285 2143 405 2177 tionem
431 2142 631 2176 Dominicam
657 2154 693 2177 ex
723 2144 820 2177 corde
854 2146 1042 2188 genuflexae

285 2196 432 2237 recitent,
463 2201 560 2240 atquc
592 2207 687 2230 suum
717 2207 851 2231 examen
886 2205 1041 2242 peragant

288 2261 362 2284 cum
384 2250 551 2284 brevitate.

331 2304 406 2338 Post
434 2304 624 2348 prandium,
646 2305 726 2338 actis
745 2305 869 2347 gratiis,
899 2312 972 2339 eant
1003 2307 1042 2341 ad

288 2359 426 2392 chorum
450 2357 651 2391 decantando
680 2359 841 2401 psalmum
872 2359 1043 2401 luisci—ere,-

289 2413 478 2457 pariterque
507 2418 579 2456 post
604 2422 738 2445 coenam
764 2423 781 2445 a
817 2413 869 2446 die
901 2413 1043 2447 Paschae

289 2465 548 2499 Resurrectionis
576 2476 680 2509 usque
701 2465 739 2498 ad
770 2466 885 2499 festum
915 2467 1042 2500 Exalta-

289 2514 385 2548 tionis
405 2514 541 2548 Sanctae
561 2514 685 2547 Crucis.

332 2563 518 2607 Significata
538 2564 618 2596 hora
638 2563 781 2597 secunda
811 2564 1043 2607 pomeridiana,

289 2613 398 2646 dicant
408 2623 568 2656 vesperas,
582 2618 655 2656 post
673 2623 753 2656 quas
771 2613 902 2646 lectioni
915 2614 1043 2647 incum-

289 2662 397 2702 batur,
424 2662 602 2695 dummodo
623 2667 685 2694 tam
708 2661 740 2694 in
767 2662 911 2706 vesperis
932 2663 1043 2696 dicen-

289 2711 340 2745 dis
363 2721 460 2755 quam
482 2711 514 2744 in
537 2710 678 2745 lectione
699 2711 795 2745 unica
818 2717 944 2746 tantum
963 2712 1045 2747 hora

1074 367 1286 411 expendatur,
1321 366 1384 398 sive
1417 375 1567 408 vesperae
1603 364 1722 397 fuerint
1749 365 1829 396 5010-

1074 430 1176 459 1111105,
1204 419 1268 451 sire
1289 430 1367 455 noir,
1397 419 1459 451 1100
1481 424 1586 450 tamen
1618 428 1682 450 uon
1713 418 1829 450 intelli-

1074 474 1162 516 gitur
1201 474 1232 506 iu
1266 472 1534 515 Quadragcsima,
1569 482 1642 504 cum
1680 482 1830 514 vesperae

1075 533 1147 560 ante
1169 527 1382 560 refectionem
1403 526 1519 558 diebus
1540 525 1708 558 ferialibus
1723 525 1831 557 dican-

1075 586 1139 617 tur,
1162 586 1193 613 et
1214 587 1289 613 tunc
1321 580 1416 613 lectio
1437 590 1453 612 a
1474 579 1615 612 secunda
1643 579 1681 611 ad
1703 578 1829 611 tertiam

1076 634 1188 666 horam
1211 634 1380 674 habeatur,
1404 639 1434 666 et
1454 644 1511 677 per
1537 633 1695 676 integram
1717 633 1830 665 horam

1075 694 1301 730 perseveretur
1333 689 1365 720 111
1385 699 1432 721 ea.
1461 687 1551 726 Quod
1577 686 1601 719 si
1626 686 1833 730 reperiantur

1076 741 1191 784 spiritu
1219 742 1389 781 ferventes,
1413 746 1447 774 ut
1472 747 1501 774 et
1522 740 1660 773 orationi
1687 745 1761 772 tunc
1783 750 1831 772 va-

1077 805 1150 827 care
1180 795 1290 835 velint,
1314 795 1367 827 liat
1390 795 1476 838 quod
1498 794 1600 837 magis
1620 793 1658 826 ad
1689 793 1831 837 ipsarum

1078 848 1195 880 mentis
1220 848 1446 881 collectionem
1476 847 1507 880 in
1543 846 1680 879 Domino
1716 857 1834 889 cogno-

1077 901 1179 934 verint
1202 901 1367 944 expedire.

1121 954 1200 987 Cum
1229 954 1315 987 iuxta
1335 954 1492 997 Regulam
1514 960 1687 987 teneantur
1707 953 1835 996 religio-

1078 1018 1130 1041 sae
1164 1007 1329 1041 silentium
1365 1009 1536 1040 ohservare
1571 1018 1588 1040 a
1620 1007 1834 1051 completorio

1078 1072 1181 1105 usque
1201 1062 1241 1095 ad
1256 1062 1355 1094 alium
1374 1061 1458 1094 diem
1476 1066 1549 1105 post
1570 1061 1721 1105 primam,
1744 1072 1836 1105 prae-

1079 1115 1218 1159 cipimus
1238 1122 1270 1149 ut
1297 1116 1546 1160 completorium
1570 1127 1627 1159 per
1656 1120 1760 1148 totum
1781 1125 1835 1147 an-

1079 1181 1157 1203 num
1176 1170 1304 1204 dicatur
1315 1175 1387 1214 post
1404 1180 1537 1203 coenam
1553 1180 1611 1203 seu
1626 1170 1835 1203 refectionem

1079 1224 1308 1269 vespertinam,
1340 1230 1387 1264 ut,
1421 1223 1636 1268 completorio
1662 1223 1765 1263 sinito,
1798 1223 1837 1256 si-

1080 1279 1215 1312 lentium
1245 1278 1466 1317 custodiatur,
1496 1277 1675 1310 secundum
1706 1278 1838 1312 manda-

1081 1338 1147 1366 tum
1169 1333 1311 1376 Regulae
1332 1338 1361 1365 et
1384 1331 1666 1366 constitutionum.

1124 1386 1286 1419 Orationis
1306 1392 1411 1419 autern
1438 1386 1529 1425 hora,
1550 1396 1633 1428 quae
1650 1390 1723 1429 post
1741 1385 1836 1429 quin-

1083 1444 1146 1471 tam
1165 1439 1278 1472 horam
1296 1439 1471 1473 serotinam
1490 1439 1692 1479 observatur,
1712 1438 1751 1471 sit
1765 1443 1838 1471 ante

1082 1502 1216 1525 coenam
1243 1504 1299 1526 seu
1321 1493 1544 1532 refectionem,
1563 1503 1637 1525 cum
1650 1491 1838 1525 huiusmodi

1082 1553 1211 1590 tempus
1232 1547 1271 1579 ad
1286 1546 1318 1579 id
1339 1546 1442 1590 magis
1454 1545 1662 1580 commodum
1678 1545 1835 1579 videatur.

1105 1656 1150 1689 De
1170 1655 1290 1689 Sacrae
1321 1655 1554 1688 Eucharistiae
1578 1655 1815 1695 communione,

1227 1709 1393 1753 capellano
1414 1719 1469 1741 scu
1487 1708 1695 1750 confessario.

1381 1799 1455 1832 CAP.
1482 1799 1532 1831 vl.

1127 1875 1300 1909 Universae
1316 1875 1473 1908 moniales
1495 1874 1690 1918 generaliter
1704 1875 1840 1918 singulis

1084 1929 1256 1963 dominicis
1283 1935 1311 1962 et
1334 1929 1420 1962 festis
1449 1928 1566 1962 diebus
1590 1929 1717 1962 Domini
1738 1930 1840 1963 nostri

1084 1985 1155 2017 Iesu
1175 1983 1304 2023 Christi,
1329 1984 1464 2026 eiusque
1493 1983 1720 2018 Sanctissimae
1745 1985 1840 2018 Geni-

1086 2037 1173 2071 tricis
1198 2047 1327 2081 semper
1347 2036 1485 2079 Virginis
1516 2036 1647 2077 Mariae,
1669 2048 1707 2071 ac
1732 2038 1839 2071 Sancti

1084 2091 1219 2131 Alberti,
1239 2101 1368 2124 necnon
1385 2090 1492 2123 Sancti
1505 2090 1638 2134 Joseph,
1654 2096 1685 2124 et
1699 2091 1770 2124 festi
1786 2102 1842 2125 cu-

1085 2144 1198 2187 iusque
1225 2144 1353 2184 domus,
1384 2143 1517 2187 insuper
1545 2143 1659 2187 quinta
1687 2144 1767 2177 feria
1787 2145 1842 2178 he-

1085 2198 1265 2231 bdomadae
1290 2196 1434 2241 majoris,
1456 2203 1487 2230 et
1506 2197 1559 2230 die
1584 2197 1665 2230 sesto
1685 2197 1840 2233 Sacratis-

1085 2251 1157 2285 simi
1187 2249 1340 2294 Corporis
1369 2249 1500 2290 Christi,
1527 2250 1757 2286 Sanctissimae
1776 2252 1840 2286 Eu-

1086 2304 1257 2339 charistiae
1281 2308 1534 2344 sacramentum,
1560 2304 1622 2337 nisi
1652 2305 1737 2339 iusto
1757 2306 1840 2340 deti-

1085 2364 1200 2392 neatur
1220 2357 1468 2402 impedimento,
1496 2358 1667 2402 percipere
1687 2359 1838 2402 debeant,

1085 2423 1211 2447 necnon
1229 2418 1258 2445 et
1275 2411 1345 2444 aliis
1362 2411 1487 2452 11ίο11115,
1506 2412 1626 2456 quibus
1643 2413 1840 2448 confessario

1086 2478 1145 2512 pro
1166 2467 1335 2500 devotione
1356 2471 1387 2499 et
1407 2466 1522 2510 spiritu
1547 2467 1747 2501 sumentium
1767 2469 1841 2503 reli-

1085 2516 1249 2559 giosarum
1263 2515 1435 2556 videbitur,
1450 2515 1627 2549 delicentia
1637 2522 1743 2550 tamen
1754 2517 1840 2561 prio-

1086 2565 1194 2607 rissae,
1211 2565 1280 2599 sine
1295 2576 1360 2609 qua
1380 2565 1537 2599 moniales
1555 2566 1710 2610 (exceptis
1729 2578 1841 2611 supra-

1086 2614 1180 2648 dictis
1209 2614 1336 2657 diebus)
1362 2614 1494 2648 Sacram
1521 2614 1756 2648 Eucharistiam
1785 2626 1840 2648 su-

1087 2674 1174 2697 mere
1187 2668 1363 2708 nequeant,
1379 2663 1505 2697 etiamsi
1521 2664 1719 2697 confessario
1733 2663 1840 2698 videa-

1086 2718 1149 2746 tur.
1172 2712 1347 2747 priorissae
1365 2723 1441 2746 vero
1467 2711 1699 2747 conscientiam
1724 2721 1840 2746 onera-

1719 300 1782 334 -213
1841 309 1883 337 An

1890 310 1931 337 .C
1956 310 2022 337 1590
