2226 3070
180 311 233 345 An.
249 314 279 345 C.
292 315 359 344 {587

378 367 583 401 amissionem
602 367 656 400 illa
672 371 749 400 tunc
785 363 1013 404 obtinentium,
1036 362 1131 395 simili

379 421 537 464 regimine
558 421 701 459 destitui,
726 421 773 453 vel
808 419 936 451 illorum
965 427 1131 450 commen-

379 475 434 508 das
467 481 521 508 aut
554 473 870 508 administrationum
907 471 1131 504 concessiones

380 540 504 562 cessare
522 527 734 569 contingeret,
758 537 815 569 per
834 525 965 558 abbates
993 524 1131 557 trienna-

382 583 437 619 les,
459 582 489 614 in
515 581 657 624 capitulo
674 579 816 622 generali
832 578 933 622 ipsius
953 589 1130 621 congrega-

382 635 475 668 tionis
501 645 558 678 per
582 644 640 676 pro
667 639 811 676 tempore
839 632 1008 665 existentes
1032 630 1130 663 abha-

382 695 444 722 tein
480 688 663 731 generalem
694 686 951 729 nuncupandum
983 697 1019 718 ac
1053 685 1131 718 alios

382 743 524 781 abbates,
556 740 759 780 dillinitores,
793 740 972 772 visitatores
997 750 1032 771 ae
1053 738 1132 771 alios

384 795 481 837 ipsius
501 794 628 828 Ordinis
650 794 826 827 monaclios
847 800 874 826 et
891 803 1055 836 personas,
1076 792 1131 834 qui

383 849 524 892 capitulo
536 848 677 891 generali
691 848 728 880 de
748 847 816 880 iure
837 848 883 879 vel
901 847 1132 879 consuetudine

383 908 436 934 aut
458 902 557 943 alias,
585 902 671 934 iuxta
697 901 935 945 praedictarum
959 911 1133 943 congrega-

386 956 509 988 tionum
525 961 652 995 statuta,
664 955 858 988 intervenire
874 955 987 995 solent,
1012 954 1132 996 eligen—

384 1010 452 1049 dos,
480 1010 602 1054 absque
630 1009 703 1046 alia,
727 1020 822 1052 quam
851 1020 867 1041 a
889 1007 1030 1052 generali
1051 1007 1133 1040 eius-

384 1063 455 1097 dem
477 1062 736 1106 congregationis
763 1062 876 1095 abbate
910 1062 1048 1105 desuper
1081 1072 1133 1104 pe-

385 1118 479 1150 tenda
499 1117 547 1150 vel
573 1117 749 1149 obtinenda
774 1116 1034 1154 confirmatione,
1066 1114 1132 1157 regi

384 1176 411 1203 et
434 1170 607 1213 gubernari
621 1171 788 1206 deberent2
811 1181 940 1213 quoque
966 1169 1003 1202 tle
1026 1174 1133 1201 cetero

385 1224 546 1268 praedicta
567 1224 773 1267 congregatio
795 1224 848 1256 uni
870 1223 975 1256 abbati
991 1222 1133 1266 generali

385 1278 617 1321 nuneuprmdo,
637 1277 771 1320 singulis
798 1277 943 1309 trienniis
972 1276 1131 1318 eligendo,

384 1332 422 1364 ad
444 1331 545 1364 instar
564 1331 700 1364 aliarum
723 1330 1012 1372 congregationum
1040 1340 1133 1372 prae-

385 1385 558 1425 dictarum,
570 1384 703 1418 omnino
720 1385 876 1423 subesset,
898 1388 1058 1427 perpetuo
1073 1389 1135 1416 sta—

385 1439 442 1472 tuit
458 1445 487 1472 et
507 1438 678 1477 ordinavit3
701 1438 912 1471 nihilominus
932 1448 968 1470 ex
989 1443 1065 1470 time
1081 1448 1134 1470 ηο-

386 1503 458 1526 men
484 1498 515 1525 et
541 1493 669 1526 titulum
691 1492 838 1536 perpetui
860 1491 984 1525 abbatis
1012 1491 1044 1523 in
1072 1491 1135 1522 sin—

385 1547 469 1589 gulis
500 1546 701 1579 monasteriis
722 1545 908 1589 praedictis,
924 1545 966 1578 ita
988 1545 1073 1588 quod
1096 1546 1134 1578 de

385 1606 493 1633 cetero
517 1599 665 1644 perpetui
691 1599 820 1632 abbates
850 1598 1051 1632 denominari
1079 1610 1134 1632 seu

386 1654 520 1694 censeri,
557 1654 691 1698 ipsaque
716 1653 910 1687 monasteria
936 1653 1032 1686 alicui
1065 1664 1134 1696 per-

385 1719 482 1741 sonae
504 1707 536 1740 in
558 1707 700 1746 titulum,
723 1707 948 1740 commendam
970 1708 1017 1740 vel
1035 1708 1136 1740 admi-

386 1761 607 1794 nistrationem
631 1766 804 1804 perpetuas
820 1761 958 1793 ront'erri
984 1771 1134 1804 nonpos-

386 1821 468 1854 sent;
490 1825 527 1848 ac
547 1825 773 1858 quaecumque
800 1814 999 1854 collationes,
1028 1814 1134 1858 provi—

386 1869 503 1909 siones,
530 1868 740 1901 commendae
766 1868 814 1901 vel
840 1867 1135 1901 administrationes

387 1928 418 1955 et
441 1922 523 1955 aliae
547 1921 677 1965 quaevis
702 1921 929 1965 dispositiones
952 1922 990 1954 de
1018 1922 1081 1954 illis
1101 1934 1134 1955 a-

386 1975 444 2008 lias
462 1986 559 2018 quam
582 1981 616 2008 ut
632 1976 812 2020 praefertur
833 1976 946 2015 sactae,
960 1976 1080 2016 nullae,
1095 1976 1136 2008 ir-

387 2028 466 2061 ritae
492 2034 521 2061 et
550 2028 661 2062 inanes
678 2039 715 2061 eo
731 2028 800 2073 ipso
816 2034 922 2061 essent
939 2034 970 2062 et
985 2040 1052 2063 esse
1064 2041 1136 2063 ren-

386 2088 530 2122 seantur,
553 2082 649 2115 etiam
676 2088 833 2127 perpetuo
854 2083 1029 2127 suppressit
1044 2089 1071 2117 et
1087 2095 1137 2116 ex-

387 2136 490 2177 tinxit;
512 2147 639 2170 necnon
657 2137 851 2169 monasteria
877 2137 944 2180 ipsa
973 2137 1012 2169 ob
1036 2137 1136 2170 trien—

388 2189 566 2231 nalitatem,
595 2190 716 2234 absque
738 2196 846 2223 tamen
867 2190 921 2222 illa
947 2195 1024 2223 tunc
1050 2191 1081 2223 in
1102 2191 1138 2223 ti-

388 2243 505 2283 tulum,
521 2244 746 2277 commendam
775 2249 805 2276 et
825 2243 1136 2277 administrationem

388 2302 443 2329 aut
464 2296 541 2329 alias
553 2297 799 2340 quomodolibet
812 2297 1029 2330 obtinentium
1047 2309 1138 2341 prae-

389 2350 520 2391 iudicio,
541 2351 679 2391 reduxit,
704 2361 830 2384 necnon
851 2351 937 2394 quod
963 2352 1002 2384 de
1030 2357 1137 2385 cetero

389 2404 593 2437 monasteriis
628 2405 814 2448 praedictis,
848 2405 941 2437 titiam
968 2405 1052 2448 apud
1085 2407 1139 2438 Se-

389 2457 460 2489 dent
483 2457 680 2500 praedictam
699 2458 897 2498 vacantibus,
925 2463 955 2490 et
980 2464 1043 2490 tam
1065 2470 1139 2502 pro-

390 2512 498 2549 pterea
519 2506 721 2550 dispositioni
739 2518 827 2546 suae,
845 2518 941 2550 quam
959 2507 1066 2546 etiam,
1090 2519 1139 2540 ra-

391 2555 477 2587 tione
497 2566 779 2598 quarumcumque
798 2565 1021 2598 personarum,
1040 2556 1137 2588 etiam

390 2606 422 2637 S.
452 2605 487 2637 tt.
511 2605 545 2636 E.
569 2604 795 2645 cardinalium,
828 2610 882 2637 aut
901 2605 978 2637 alias
998 2616 1139 2637 reserva-

392 2655 441 2690 tis.
470 2665 533 2687 non
565 2654 624 2686 nisi
650 2665 707 2698 per
736 2654 926 2686 elswtionem
949 2655 1136 2687 huiusmodi

391 2703 523 2746 singulis
548 2704 695 2736 trienniis
717 2703 893 2736 taciendam
914 2703 1038 2746 disponi
1060 2705 1139 2736 ulla-

976 310 1154 336 BULLAmUM
1172 309 1322 334 ROMANUM

1175 368 1266 395 tenus
1283 367 1407 406 posset;
1430 367 1460 394 et
1480 360 1504 394 si
1524 361 1563 393 de
1584 360 1628 393 eis
1643 361 1736 394 aliter
1751 372 1847 405 quam
1866 372 1921 405 per

1174 414 1363 448 electionem
1396 413 1583 447 huiusmodi
1618 424 1677 458 pro
1706 420 1851 458 tempore
1875 414 1922 447 di-

1173 469 1327 513 spositum
1346 469 1437 508 soret,
1461 478 1516 500 seu
1537 467 1592 510 qui
1612 467 1650 500 ad
1671 468 1757 500 illam
1769 479 1827 512 pro
1839 472 1920 501 tein-

1174 534 1251 567 pore
1270 522 1362 556 electi
1392 521 1580 562 extitissent,
1619 521 1809 555 electionem
1830 532 1920 554 suam

1174 578 1210 609 ail
1248 576 1316 609 eius
1362 576 1456 609 vitam
1490 586 1545 609 seu
1584 576 1622 609 ad
1667 575 1754 608 aliud
1797 580 1922 619 tempus

1175 631 1257 663 ultra
1275 630 1449 663 triennium
1469 641 1486 663 a
1507 630 1755 674 praedecessore
1772 640 1828 662 seu
1841 629 1921 662 Sede

1175 684 1346 728 praedictis
1370 683 1566 723 confirmari,
1600 690 1652 716 aut
1684 682 1762 716 alias
1793 683 1830 715 de
1860 682 1923 715 illis

1175 739 1234 771 silui
1259 738 1418 782 provideri
1432 739 1479 771 vel
1500 737 1628 781 disponi
1649 737 1843 777 obtinerent,
1866 748 1921 770 seu

1175 793 1198 824 si
1221 793 1449 835 praedeeessor
1469 792 1516 825 vel
1537 791 1633 825 Sedes
1661 790 1847 823 huiusmodi
1868 796 1921 823 aut

1176 846 1261 878 illius
1281 846 1375 888 legati
1397 846 1445 879 vel
1476 845 1580 878 nuntii
1605 845 1643 877 de
1669 845 1787 877 eisdem
1811 854 1923 877 mona-

1175 900 1280 933 steriis
1312 899 1569 943 quomodolibet,
1601 898 1695 931 etiam
1727 909 1785 942 per
1805 897 1923 931 cessio-

1176 965 1248 986 nem
1272 954 1302 986 in
1324 953 1399 986 ‹jlieti
1423 952 1678 997 praedecessoris
1695 963 1750 985 seu
1771 962 1830 996 pro
1843 957 1923 984 tem-

1178 1018 1252 1050 pore
1275 1007 1436 1040 existentis
1465 1005 1599 1039 Romani
1630 1005 1795 1039 Pontificis
1825 1006 1924 1039 mani-

1176 1061 1234 1093 bus
1251 1067 1365 1105 sponte
1386 1062 1514 1101 saetam,
1528 1059 1725 1102 vacantibus,
1745 1060 1841 1093 alicui
1853 1070 1925 1104 per-

1176 1125 1272 1147 sonae
1293 1114 1407 1158 quovis
1428 1114 1523 1147 modo
1553 1113 1758 1157 provideret,
1784 1125 1838 1147 scu
1864 1114 1924 1147 ali-

1176 1180 1270 1211 quem
1293 1169 1513 1202 eoadiutorem
1535 1178 1594 1212 pro
1620 1173 1765 1212 tempore
1785 1167 1923 1201 existen-

1177 1223 1261 1255 tibus
1282 1223 1424 1266 ipsorum
1456 1221 1725 1254 monasteriorum
1754 1221 1923 1254 abbatibus

1176 1277 1208 1309 in
1240 1277 1395 1319 regimim}
1422 1283 1452 1309 et
1482 1275 1763 1309 :ulministratione
1794 1274 1924 1309 illorum

1176 1330 1356 1373 deputaret,
1390 1336 1465 1363 tunc
1498 1336 1527 1362 et
1552 1340 1590 1362 eo
1617 1324 1705 1369 casu,
1737 1329 1923 1369 electiones,

1177 1383 1670 1427 confirmationes,provisiones,
1700 1382 1924 1416 coadiutorum

1176 1437 1402 1480 deputationcs
1430 1448 1466 1470 ac
1492 1437 1656 1481 quaelibet
1678 1436 1759 1469 aliae
1779 1436 1924 1480 ipsorum

1178 1491 1448 1524 monasteriorum
1470 1490 1696 1535 dispositiones
1716 1490 1836 1531 nullae,
1855 1489 1927 1523 irri-

1178 1551 1226 1578 tae
1244 1551 1273 1578 et
1296 1545 1406 1578 inanes
1426 1544 1611 1588 nulliusque
1641 1544 1766 1577 roboris
1785 1544 1834 1577 vel
1858 1555 1926 1577 mo-

1178 1598 1275 1631 menti
1297 1604 1403 1632 essent
1423 1604 1453 1632 et
1474 1609 1541 1631 esse
1574 1604 1802 1638 censerentur;
1824 1603 1855 1631 ct
1880 1597 1927 1631 ni-

1177 1653 1363 1699 hilominus,
1385 1653 1446 1685 illis
1467 1663 1530 1685 non
1551 1652 1763 1693 obstantibus,
1791 1663 1926 1695 genera-

1178 1707 1215 1739 lis
1235 1706 1338 1740 etalii
1368 1707 1520 1745 abbates,
1556 1706 1747 1739 diffinitores
1781 1712 1809 1739 et
1845 1706 1926 1739 aliae

1178 1771 1333 1804 personae
1355 1760 1556 1799 huiusmodi,
1587 1760 1672 1793 dieto
1701 1759 1841 1793 termino
1861 1760 1927 1793 ela-

1178 1825 1247 1857 ρ5ο,
1266 1814 1303 1846 ad
1316 1814 1445 1846 illorum
1459 1813 1650 1846 electionem
1666 1813 1841 1857 procedere
1857 1824 1929 1858 pos-

1177 1872 1247 1900 sent
1262 1872 1292 1899 et
1313 1867 1487 1906 deberent·,
1511 1872 1540 1899 et
1562 1872 1596 1898 ut
1616 1866 1647 1898 id
1674 1866 1799 1899 facilins
1815 1868 1926 1900 subse-

1177 1921 1232 1964 qui
1254 1926 1371 1964 posset,
1394 1931 1506 1954 omnes
1527 1926 1557 1953 et
1574 1919 1716 1962 singulas
1730 1920 1928 1963 provisiones

1178 1980 1205 2007 et
1240 1974 1475 2018 praelectiones
1508 1974 1546 2007 de
1581 1973 1746 2017 quibusvis
1782 1974 1928 2018 personis

1179 2028 1299 2061 eisdem
1322 2028 1536 2068 monasteriis,
1559 2038 1686 2061 necnon
1705 2038 1928 2072 quascumque

1179 2082 1437 2126 suppressiones,
1460 2082 1680 2121 extinctiones,
1703 2082 1852 2124 uniones,
1876 2093 1928 2115 co-

1179 2136 1362 2169 adiutorum
1401 2135 1625 2179 deputationes
1650 2142 1680 2169 et
1706 2136 1783 2169 alias
1809 2136 1929 2180 gratias

1180 2189 1217 2222 de
1239 2189 1301 2222 illis
1315 2189 1527 2233 imposterum
1543 2200 1602 2234 per
1615 2189 1721 2233 ipsum
1739 2190 1929 2233 praedeces-

1179 2253 1285 2276 sorem
1300 2254 1354 2276 seu
1373 2254 1577 2284 successores
1590 2253 1664 2276 suos
1672 2243 1833 2277 Romanos
1849 2243 1929 2277 Pon-

1180 2297 1280 2329 titices
1312 2301 1367 2329 aut
1395 2297 1509 2330 Sedem
1546 2296 1731 2330 huiusmodi
1766 2297 1928 2330 faciendas

1180 2351 1286 2383 nullas
1315 2356 1345 2383 et
1376 2350 1529 2383 invalidas
1560 2361 1640 2393 esse,
1667 2351 1854 2394 nulliusque
1876 2362 1928 2384 ro-

1180 2404 1267 2438 boris
1291 2405 1338 2437 vel
1360 2405 1514 2437 momenti
1536 2405 1614 2445 sore,
1635 2415 1854 2449 personasque
1875 2405 1929 2438 illa

1180 2459 1211 2491 in
1240 2458 1382 2497 titulum,
1411 2459 1636 2492 conunendam
1663 2464 1695 2491 et
1723 2459 1929 2492 administra-

1181 2508 1299 2540 tionem
1322 2513 1377 2540 aut
1401 2507 1479 2540 alias
1500 2513 1576 2540 tunc
1598 2507 1779 2542 obtinentes
1799 2508 1928 2541 illorum

1181 2556 1329 2599 regimini
1356 2562 1386 2589 et
1407 2556 1690 2597 administrationi,
1714 2556 1774 2589 nisi
1792 2557 1829 2588 atl
1852 2556 1928 2589 effe-

1181 2612 1268 2639 ctum
1289 2606 1551 2649 praemissorum,
1568 2606 1682 2639 cedere
1703 2615 1766 2637 non
1781 2615 1884 2648 posse,
1900 2611 1926 2637 et

1181 2654 1204 2686 si
1231 2653 1276 2686 illi
1298 2654 1410 2697 quovis
1429 2654 1524 2686 modo
1545 2655 1708 2694 rederent,
1730 2665 1767 2687 eo
1789 2655 1856 2698 ipso
1877 2665 1930 2697 ge-

1181 2704 1322 2735 neralem
1350 2709 1377 2735 et
1405 2704 1485 2736 alios
1510 2704 1656 2745 abbates,
1683 2703 1874 2736 diffinitores
1899 2709 1928 2736 et

1935 304 1988 334 An.
2005 305 2033 334 C.
2051 303 2117 334 1587
