2226 3070
263 290 310 315 Αιι.
329 290 356 315 tl.
382 288 447 315 1592
493 278 558 311 504
1046 283 1229 308 nummum
1247 284 1400 307 noxus-nun

463 336 518 373 ria.
543 335 722 380 hospitalia.
740 334 891 368 ecclesiae
912 339 963 365 aut
977 333 1047 365 loca
1060 332 1111 376 pia
1123 342 1204 375 quo·
1238 331 1335 364 ctioni
1364 337 1485 365 vestrae
1523 343 1582 376 per
1610 340 1793 377 praesentes
1826 335 1976 367 commit-

461 400 599 433 cumque
619 387 796 433 privilegio,
821 385 1022 419 immunitate
1040 385 1087 417 vet
1101 394 1205 417 exem-
1239 385 1334 418 timus
1366 391 1395 418 et
1425 386 1616 419 mandamus
1636 392 1668 419 ut
1695 393 1758 420 tam
1791 387 1894 421 causis
1922 387 1980 420 hu-

1994 284 2042 311 Αιι.
2060 284 2088 311 C.
2112 284 2180 312 1592

461 443 569 487 ptione
590 442 718 475 suffulta
736 440 913 479 extiterint,
934 438 998 471 sire
1025 438 1120 471 etiam
1139 437 1205 470 vice.

462 507 549 530 versa
569 496 608 529 ad
629 495 770 538 ipsarum
784 492 1051 526 communitatum
1065 502 1121 524 seu
1134 491 1205 524 uni-

462 550 645 583 versitatum
665 548 847 580 instantiam
864 573 870 586 ,
894 552 1006 579 contra
1025 545 1206 589 praedictos

461 604 507 637 vel
529 603 607 636 alios
628 610 861 645 quoscumque,
878 605 930 632 aut
953 599 1035 631 inter
1054 599 1204 643 ipsasmet

461 654 707 689 communitates
728 653 875 693 invicem,
899 651 1069 685 occasione
1098 652 1223 694 cuius-¹

1240 439 1377 472 iusmodi
1410 450 1469 483 per
1499 450 1555 473 vos
1588 440 1734 482 cognitis,
1763 451 1859 484 quam
1886 441 1979 473 etiam

1239 503 1303 526 non
1340 493 1497 535 cognitis,
1531 504 1644 526 eorum
1680 499 1791 528 contra
1826 505 1906 538 quos
1942 496 1981 528 dc

1239 545 1478 589 praedictorum
1505 546 1647 579 iudicum
1675 558 1731 580 seu
1763 552 1867 580 vestro
1893 558 1982 580 nian-

1239 599 1325 639 dam,
1353 599 1522 632 occasione
1553 599 1735 643 praedictae
1755 606 1882 633 nostrae
1907 611 1983 633 con-

1239 652 1430 693 stitutionis,
1471 653 1642 697 exequutio
1687 654 1794 696 aliqua
1837 654 1981 688 facienda

461 709 504 742 vis
533 708 640 745 laudi,
667 706 908 746 arbitrameuti,
932 706 1126 746 sententiae,
1152 707 1205 739 de-
1220 699 1223 702 ⁴
1239 705 1308 745 crit,
1325 705 1410 738 bona
1431 706 1523 739 vendi
1546 713 1574 739 et
1596 706 1735 740 auctioni
1757 707 1885 747 subiici;
1909 708 1980 741 etsi

460 762 536 796 creti
557 767 609 794 aut
631 760 783 796 mandati,
807 771 865 804 per
884 760 1065 804 praedictos
1082 760 1201 802 *guber-
1220 759 1222 802 ζ
1239 758 1321 792 intra
1350 760 1479 793 brevem
1504 760 1677 793 terminum
1703 772 1819 799 nemo,
1846 761 1899 805 qui
1928 761 1982 794 illa

460 821 598 851 natores,
614 819 786 858 potestates
799 820 850 847 aut
872 813 1035 857 praesides
1055 814 1101 847 vel
1120 806 1222 856 lega-1
1239 818 1333 854 emat,
1357 819 1502 858 repertus
1526 814 1617 847 suerit
1635 841 1642 853 ,
1666 814 1921 857 consanguineos
1952 821 1981 848 et

461 875 508 902 tos
528 874 556 901 et
575 878 796 911 quoscumque
818 867 897 900 alios
910 866 1031 900 iudices
1044 877 1099 899 seu
1118 877 1205 899 com-
1238 866 1348 900 aflines
1368 867 1555 911 proximiori
1576 868 1677 909 gradu
1709 867 1897 902 coniunctos
1910 896 1917 909 ‚
1941 870 1981 902 ad

460 921 632 960 missarios‚
654 921 749 954 etiam
770 921 810 953 ad
831 921 861 953 id
882 921 1045 962 delegatos
1065 920 1113 953 vel
1131 921 1204 953 suh·
1219 906 1221 931 Ι
1238 921 1292 954 illa
1313 921 1448 954 emenda
1470 921 1562 964 cogi,
1586 927 1681 965 prout
1703 921 1734 954 iu
1756 922 1848 955 bonis
1865 932 1900 955 ex
1921 922 1982 956 cri-

460 976 633 1019 delegatos,
657 981 708 1008 aut
730 974 867 1008 arbitros
884 975 932 1007 val
954 974 1203 1007 arbitratoresiu
1238 974 1324 1008 mine
1344 981 1373 1008 et
1391 975 1507 1008 delicto
1528 975 1710 1008 confiscatis·
1736 981 1764 1008 et
1790 975 1978 1019 publicatis,

460 1030 522 1062 vim
543 1028 778 1062 constitutionis
798 1035 925 1062 nostrae
940 1028 1133 1072 praedictae,
1148 1039 1204 1062 seu
1218 1040 1221 1079 ὑ
1238 1027 1277 1059 ad
1292 1026 1474 1059 instantiam
1488 1026 1706 1070 procuratoris
1719 1027 1787 1060 fisci
1801 1027 1870 1060 sieri
1887 1028 1978 1068 solet,

459 1082 536 1115 alias
557 1081 799 1126 quomodolibet
821 1081 876 1114 lati
896 1087 950 1114 aut
970 1081 1111 1119 relaxati,
1136 1090 1220 1114 ino-1
1238 1086 1426 1124 caeteraque
1455 1080 1564 1113 onmia
1590 1080 1622 1113 in
1647 1080 1829 1124 praemissis
1849 1087 1880 1114 et
1899 1081 1982 1115 circa

460 1142 506 1169 tas
527 1141 579 1169 aut
610 1135 784 1169 movendas
799 1163 806 1176 ,
830 1146 902 1168 cum
930 1135 1059 1168 illarum
1085 1136 1204 1179 depen-
1237 1144 1273 1166 ca
1291 1134 1470 1167 necessaria
1488 1141 1517 1167 ct
1538 1134 1783 1178 quomodolibet
1799 1140 1981 1178 opportuna

461 1190 575 1223 dentiis
601 1189 862 1232 emergentibus,
886 1189 1121 1229 incidentibus,
1146 1200 1203 1222 an-

460 1243 547 1277 nexis
567 1249 597 1276 et
614 1242 779 1283 connexis,
802 1243 992 1278 summarie.
1016 1243 1204 1286 simpliciter

461 1304 489 1331 et
511 1298 550 1331 de
570 1298 678 1341 plano.
702 1297 769 1330 sine
790 1296 923 1340 strepitu
945 1303 973 1329 ct
999 1297 1101 1339 ligura
1122 1297 1204 1330 iudi-

460 1351 517 1391 cii,
541 1351 609 1384 sola
628 1350 700 1383 sacti
721 1350 851 1382 veritate
866 1350 1019 1394 inspecta,
1035 1350 1129 1383 etiam
1143 1356 1204 1383 ter-

461 1405 554 1437 minis
574 1403 835 1437 substantialilms
855 1414 919 1436 non
940 1404 1081 1443 servatis,
1106 1415 1204 1437 manu

460 1458 548 1500 regia
572 1457 740 1497 audiendi,
767 1457 981 1499 cognoscendi
1008 1463 1035 1489 et
1066 1456 1129 1490 tine
1151 1458 1204 1490 de-

460 1511 525 1544 bito
548 1510 754 1549 terminandi,
777 1521 811 1543 ac
832 1509 980 1553 superius
1000 1510 1154 1554 expressis
1175 1517 1203 1543 et

1238 1188 1421 1227 decernere,
1438 1188 1592 1221 mandare
1604 1193 1633 1220 ct
1645 1187 1770 1231 exequi,
1785 1188 1879 1221 etiam
1894 1188 1982 1222 omni

1237 1247 1266 1274 et
1289 1252 1493 1285 quacumque
1511 1242 1737 1286 appellatione,
1754 1242 1983 1276 reclamatione

1238 1301 1266 1328 et
1281 1306 1412 1328 recursu
1429 1295 1556 1339 penitus
1569 1295 1711 1335 remotis,
1727 1295 1917 1329 inhibitione
1930 1307 1982 1329 su-

1237 1349 1345 1393 perius
1366 1359 1590 1393 expressorum
1607 1350 1654 1382 vel
1670 1349 1807 1382 aliorum
1828 1361 1982 1394 quorum-

1238 1414 1386 1447 cumque,
1402 1403 1527 1436 vellitis
1547 1403 1719 1447 pendentia
1737 1414 1801 1436 non
1822 1404 1979 1443 obstante,

1238 1457 1427 1490 auctoritate
1437 1462 1547 1490 nostra
1561 1456 1689 1496 curetis,
1701 1467 1798 1500 super
1811 1467 1875 1501 quo
1887 1457 1981 1490 etiam

1237 1512 1365 1555 plenam
1387 1510 1507 1544 eisdem
1529 1510 1660 1553 legatis,
1683 1510 1900 1553 viee-legatis.
1924 1521 1982 1554 gu-

460 1565 529 1597 aliis
550 1564 713 1608 quibusvis
734 1564 893 1597 iudicibus
907 1570 937 1597 et
953 1564 1110 1608 personis,
1125 1575 1204 1608 quo-
1238 1564 1473 1604 bernatoribus,
1497 1563 1697 1608 praesidibus
1724 1569 1752 1597 ct
1773 1564 1983 1607 potestatibus

461 1618 517 1651 ties
537 1629 618 1661 opus
640 1617 754 1653 suerit,
778 1618 836 1650 sub
862 1617 1004 1650 censuris
1036 1624 1065 1650 et
1092 1618 1204 1661 poenis
1219 1614 1220 1617 '
1238 1619 1418 1651 facultatem
1442 1618 1597 1651 tribuatis.

459 1671 590 1705 arbitrio
611 1677 714 1704 vestro
735 1671 927 1713 infligendis,
951 1671 1157 1705 moderandis
1175 1653 1222 1720 eti
1284 1674 1298 1714 ξ
1325 1672 1354 1705 3.
1387 1673 1456 1705 Non
1485 1672 1684 1706 obstantibus
1714 1672 1918 1716 praemissis,
1946 1684 1983 1707 ac
1999 1678 2182 1732 mgffiffflss‘d0‘

459 1725 673 1769 applicandis,
698 1725 887 1763 inhibendi,
909 1725 972 1758 sive
998 1725 1333 1771 inhibitionesetiam
1363 1727 1432 1759 aliis
1461 1726 1622 1763 omnibus,
1654 1737 1735 1771 quae
1766 1727 1796 1760 iu
1823 1727 1979 1761 constitu-

459 1789 679 1822 ‹piascumque
699 1779 739 1811 ab
760 1778 804 1811 eis
833 1779 932 1811 editas
947 1806 954 1819 ,
978 1778 1074 1811 etiam
1096 1779 1204 1821 vigore
1219 1792 1222 1823 t
1239 1780 1325 1813 tione
1345 1786 1454 1813 nostra
1470 1780 1634 1824 praedicta
1654 1780 1814 1814 voluimus
1833 1791 1898 1814 non
1918 1781 1979 1814 ob-

281 2476 304 2496 Li
321 2482 445 2502 runsaugut-

262 2509 313 2522 neos
327 2503 445 2523 debiturum

262 2529 351 2554 eogendi
373 2529 399 2549 ad
415 2535 445 2549 re-

263 2556 381 2577 dimendum
411 2562 445 2575 et·-

263 2588 307 2602 ruui
322 2582 384 2602 buna.

460 1842 739 1876 quarumcumque
770 1831 1044 1871 commissionum,
1066 1842 1131 1865 non
1158 1838 1222 1870 tam

462 1896 534 1918 men
556 1896 655 1918 manu
671 1891 780 1918 nostra
791 1885 1000 1927 signatarum,
1016 1885 1203 1918 moderandi

459 1945 511 1971 aut
534 1939 726 1979 revocandi,
747 1944 778 1971 ct
796 1944 891 1982 prout
912 1939 1030 1971 iustum
1052 1939 1141 1971 vobis
1161 1939 1205 1970 vi-

461 1993 601 2033 debitur,
634 1993 784 2026 ntandata
811 2003 1033 2036 quaecumque
1061 1988 1221 2026 necessa-³

460 2047 506 2079 ria
528 2053 555 2079 et
577 2052 759 2090 opportuna
780 2046 990 2086 decernendi,
1014 2047 1201 2086 relaxandi,

461 2106 491 2133 et
511 2100 598 2132 omni
620 2106 648 2133 et
670 2110 874 2144 quacumque
895 2099 1129 2143 appellatione,
1154 2111 1203 2133 rc·
1221 2103 1222 2143 ᾖ

461 2153 652 2186 clamatione
673 2160 701 2186 et
724 2164 854 2186 recursu
877 2153 1010 2186 omnino
1040 2154 1205 2197 posthabi-

462 2207 509 2245 tis,
534 2206 722 2250 exequendi,
746 2207 872 2250 plenam
895 2213 923 2239 ct
946 2207 1079 2239 liberam
1100 2207 1201 2240 sacul-
1220 2208 1223 2233 1>

462 2266 557 2293 tatem
579 2266 607 2293 ct
627 2266 836 2304 potestatem.
862 2260 1049 2293 auctoritate
1078 2266 1205 2304 aposto-

462 2313 533 2353 lica,
558 2319 668 2346 tenore
688 2314 926 2357 praesentium,
947 2314 1155 2347 concedimus
1175 2320 1203 2347 et
1220 2323 1222 2327 ·

462 2368 676 2411 impartimur.
1220 2362 1221 2369 ¹

506 2421 521 2464 ἓ
542 2420 571 2453 2.
595 2421 773 2461 Praeterea,
791 2431 863 2454 cum
885 2431 1117 2465 saepenumero
1130 2431 1222 2456 con-‚

462 2474 559 2517 tingat
579 2474 700 2507 debitas
721 2474 948 2518 exequutiones
978 2475 1204 2508 mandatorum

461 2527 493 2559 in
513 2527 653 2560 savorem
674 2528 861 2561 earumdem
875 2528 1142 2561 communitatum
1156 2539 1221 2561 re-‘

462 2581 640 2614 laxatorum
661 2592 698 2614 ea
717 2581 823 2625 specie
843 2581 940 2617 cludi.
962 2582 1048 2625 quod
1068 2592 1131 2615 non
1153 2593 1203 2616 re-

462 2634 604 2677 periatur
640 2634 694 2678 qui
730 2635 814 2667 bona
846 2634 1028 2667 delatorum
1064 2635 1202 2668 auctioni

462 2688 604 2722 subiecta
632 2698 739 2722 emere
758 2688 849 2727 velit,
875 2687 978 2721 eidem
1011 2688 1223 2733 circumspe-t

1238 1839 1320 1866 stare
1336 1861 1342 1871 ,

1239 1896 1388 1929 euinque.

1282 1941 1396 1974 Datum
1422 1941 1543 1973 Romae
1569 1940 1654 1983 apud
1683 1940 1712 1973 S.
1737 1941 1877 1973 Marcum
1894 1967 1900 1980 ,
1923 1940 1983 1973 sub

1239 1996 1357 2028 annulo
1371 1993 1551 2033 Piscatoris,
1568 1993 1618 2027 die
1629 2004 1691 2027 xxx
1704 1993 1845 2027 octobris
1857 2004 1980 2033 nnxcu,

1239 2053 1443 2097 pontificatus
1465 2051 1563 2085 nostri
1585 2062 1670 2084 anno
1693 2062 1712 2084 1.

1274 2115 1331 2142 Dat.
1348 2115 1391 2142 die
1401 2115 1436 2141 30
1451 2114 1570 2142 octobris
1584 2114 1659 2148 1592,
1671 2114 1766 2150 pontis.
1778 2122 1821 2141 an.
1835 2120 1852 2141 ι.

1395 1833 1592 1877 caeterisque
1638 1834 1806 1867 contrariis
1844 1834 1979 1878 quibus-

1550 2340 1668 2373 xxxtl.

1240 2440 1465 2482 Confirmatio,
1490 2439 1666 2472 declaratio
1686 2443 1714 2471 e!
1734 2440 1875 2472 ‹zi-tensio
1896 2440 1979 2474 Con-

1283 2502 1489 2534 sle‘tetlz'fflmm
1512 2501 1775 2544 Apostolirarnm
1794 2505 1822 2533 el
1844 2501 1984 2535 Concilio·

1287 2565 1482 2603 Tridentini,
1495 2569 1605 2597 contra
1621 2568 1807 2607 pnqmrnles
1826 2564 1858 2596 in
1873 2564 1982 2596 duello

1280 2627 1408 2669 publicfe
1423 2626 1469 2658 rel
1478 2626 1647 2670 Jniralim,
1662 2626 1894 2668 mittentesque„
1904 2625 1982 2658 scri-

1283 2689 1387 2722 bentes
1406 2693 1464 2721 aut
1488 2688 1694 2731 ‹Iirnlyantes
1713 2687 1882 2720 chartulas
1899 2697 1978 2730 pro-
