2226 3070
100 261 154 290 An.
172 262 201 290 e.
218 248 287 291 1589

129 1015 242 1041 privilegia
253 1020 288 1035 au-

102 1048 191 1068 ditorum
221 1045 288 1066 Rotae

102 1078 232 1099 eanonicus.
249 1083 289 1098 au-

103 1108 206 1130 nitoribus
228 1109 288 1128 huius

103 1140 169 1161 Rotae
199 1145 287 1160 conce-

102 1173 190 1193 duntur.

135 2088 288 2115 Exemptiuque

108 2121 133 2140 ob
150 2119 244 2140 omnibu:-
257 2120 292 2139 da-

107 2152 150 2176 ntis,
165 2153 204 2171 ete.

141 2460 294 2481 Ordinationes

108 2495 164 2514 intuo
179 2494 258 2519 corrigi
274 2495 295 2513 et

110 2525 185 2545 mutari
204 2525 295 2551 possint,

109 2559 132 2576 ut
147 2556 189 2577 hie.

964 244 1070 285 'Sixrrs
1092 261 1109 284 v
1128 260 1176 284 PP.

299 315 349 348 vel
369 325 481 348 eorum
508 315 641 359 propria
669 325 780 352 manu,
813 325 869 347 seu
898 315 936 347 de
962 324 1054 347 man-

300 368 373 401 dato
399 368 447 401 vel
476 368 508 400 in
538 367 722 412 praesentia
750 368 868 401 nostris
897 367 1053 410 signatae,

300 421 360 454 nisi
373 422 413 455 de
425 422 599 466 utriusque
615 421 714 466 partis
731 432 904 461 consensu,
927 422 1054 454 avocari

300 481 475 518 nequeant.
498 475 563 508 Nec
581 480 711 518 praetor
730 475 777 507 vel
791 474 1057 517 auditoresprae-

300 528 376 561 dicti
397 528 645 561 inhibitionibus
665 539 721 560 seu
749 527 917 567 mandatis,
944 527 988 560 cis
1010 528 1055 560 vi-

299 593 377 625 gore
393 580 659 615 commissionum
684 581 777 613 aliter
795 591 892 623 quam
914 586 947 613 ut
965 592 1057 624 prae-

302 636 403 668 fertur
422 634 633 677 signatarum,
657 633 880 677 praesentatis,
899 633 994 666 etiam
1011 634 1055 666 vi-

301 698 379 731 gore
399 687 635 729 cuiuscumque
647 685 837 726 sententiae,
858 697 894 719 ac
911 687 971 719 sub
983 698 1057 720 cen-

301 741 385 774 suris
405 744 435 773 et
459 739 572 783 poenis
600 739 697 772 etiam
722 738 921 782 pecuniariis
941 750 1056 783 parere

301 798 484 833 teneantur,
512 798 543 825 et
562 793 602 825 ob
624 803 689 825 non
718 792 913 836 paritionem
935 793 1055 826 inhibi-

301 846 443 879 tionibus
461 852 491 879 et
521 846 593 879 aliis
613 846 787 890 praedictis
813 846 954 890 aliquam
977 857 1055 891 poe-

299 910 375 932 nam
396 899 529 933 minime
545 899 725 933 incurrant.

345 953 360 996 g
383 952 437 986 44.
465 953 592 986 Eisdem
609 964 738 997 quoque
764 958 983 998 protempore
994 954 1058 987 exi—

303 1007 462 1040 stentibus
482 1007 582 1040 Rotae
601 1007 789 1040 huiusmodi
805 1007 1009 1040 auditoribus
1021 1018 1057 1040 ac

304 1061 459 1105 praetori,
482 1067 517 1094 ut
542 1060 694 1094 omnibus
712 1066 741 1094 et
766 1061 902 1104 singulis
926 1061 1056 1105 privile-

303 1114 374 1157 giis,
386 1114 659 1158 exemptionibus,
669 1114 940 1154 immunitatibus,
952 1115 1058 1148 indul-

305 1167 356 1208 tis,
379 1167 644 1201 concessionibus
664 1174 693 1201 et
714 1168 837 1211 gratiis,
855 1168 950 1201 etiam
972 1170 1058 1202 circa

303 1221 531 1254 auctoritatem
558 1221 736 1262 iudicandi,
762 1222 905 1262 rotandi,
928 1228 1057 1256 senten-

304 1275 418 1316 tiandi,
450 1275 676 1318 sequestrandi
705 1280 736 1308 et
764 1276 915 1309 mandata
943 1277 1057 1310 decer-

303 1328 412 1368 nendi,
439 1329 631 1372 reponendi,
660 1329 866 1370 restituendi,
895 1331 1059 1374 apostolos

304 1381 516 1422 concedendi,
537 1382 714 1421 relaxandi,
731 1383 909 1423 inhibendi,
925 1383 1056 1424 citandi,

304 1435 399 1468 etiam
432 1436 491 1468 sub
526 1435 674 1468 censuris
702 1436 890 1469 declarandi
904 1464 911 1477 ,
944 1448 1058 1480 aggra-

304 1489 408 1529 vandi,
430 1489 675 1532 reaggravandi‚
699 1489 921 1534 auxiliumque
934 1491 1057 1524 brachii

304 1543 481 1575 saecularis
502 1542 684 1582 invocandi,
706 1543 922 1587 omnibusque
943 1545 1013 1577 aliis
1029 1550 1060 1578 et

305 1596 441 1639 singulis
452 1597 660 1629 facultatibus
672 1602 699 1629 et
713 1597 973 1639 auctoritatibus,
985 1601 1058 1643 qui-

305 1649 365 1682 bus
385 1650 507 1683 similes
526 1649 626 1683 Rotae
653 1650 867 1686 Bononiensis
892 1653 1059 1686 auditores
1078 1659 1082 1671 ¹

306 1708 460 1744 utuntur,
489 1703 653 1744 fruuntur,
679 1705 849 1747 potiuntur
869 1711 899 1738 et
919 1707 1060 1748 gaudent

306 1759 549 1801 (praeterquam
583 1757 613 1790 in
644 1758 694 1790 his
723 1769 805 1802 quae
836 1760 1060 1802 praesentibus

305 1816 361 1843 aut
381 1810 451 1843 aliis
472 1812 591 1844 nostris
612 1811 729 1844 litteris
740 1812 834 1845 aliter
847 1812 1000 1856 disposita
1013 1825 1060 1847 re-

304 1865 503 1908 periuntur),
526 1865 747 1909 pariformiter
763 1866 903 1906 uti‚frui,
916 1867 1013 1911 potiri
1031 1873 1061 1901 et

304 1918 447 1960 gaudere
468 1919 556 1952 omni
575 1925 721 1964 tempore
741 1920 880 1959 valeant,
908 1921 1061 1955 concedi-

306 1982 378 2003 mus
398 1977 430 2004 et
450 1972 670 2015 indulgemus.

350 2025 364 2068 ξ
384 2024 437 2058 45.
460 2025 497 2057 Et
522 2026 670 2067 ulterius,
694 2033 729 2059 ut.
746 2037 805 2070 pro
827 2033 973 2071 tempore
994 2029 1061 2061 exi-

305 2084 424 2112 stentes
451 2085 582 2123 praetor
602 2085 633 2112 et
651 2080 828 2119 auditores,
856 2091 969 2113 eorum
991 2082 1061 2114 offi-

306 2133 354 2166 cio
370 2133 518 2173 durante,
539 2144 556 2165 a
580 2133 746 2176 quibusvis
765 2133 898 2177 gabellis
920 2140 950 2167 et
970 2135 1064 2169 datiis

307 2193 370 2218 tam
392 2186 551 2230 impositis
565 2198 661 2231 quam
681 2187 806 2220 noviter
821 2193 851 2220 et
867 2188 899 2220 in
916 2188 1063 2222 futurum

307 2239 419 2282 quavis
439 2240 477 2272 de
503 2250 599 2272 causa
624 2239 843 2283 imponendis,
870 2241 975 2281 liberi,
1003 2242 1064 2274 im-

309 2303 423 2326 munes
455 2299 484 2325 et
515 2293 655 2336 exempti
677 2304 745 2326 esse
771 2294 920 2335 debeant,
945 2296 1066 2338 pariter

309 2346 518 2379 concedimus
539 2352 569 2379 et
590 2346 809 2389 indulgemus

353 2400 368 2443 §
389 2399 443 2433 46.
467 2400 625 2432 Praeterea
641 2400 886 2443 congregationi
909 2401 1064 2444 collegio-

309 2460 382 2482 rum
395 2449 564 2482 doctorum
578 2450 751 2482 curialium
764 2450 868 2483 dictae
882 2451 1066 2493 proi-inciae

310 2504 340 2531 et
359 2499 460 2542 ipsius
476 2498 612 2532 civitatis
627 2499 861 2539 Maceratensis,
882 2506 911 2532 et
931 2511 1004 2532 cum
1021 2501 1068 2532 in-

310 2554 455 2582 terventu
472 2548 617 2581 moderni
633 2559 670 2581 ac
688 2559 747 2592 pro
766 2555 912 2592 tempore
930 2549 1069 2582 existen-

311 2597 351 2630 tis
362 2597 506 2630 eiusdem
521 2597 655 2630 civitatis
670 2595 895 2631 Maceratensis
905 2598 1067 2641 guberna-

311 2646 401 2687 toris,
418 2656 474 2679 seu
491 2645 677 2690 provinciae
702 2647 886 2690 praedictae
900 2647 997 2691 legati
1011 2659 1068 2681 seu

392 2694 471 2725 Ball.
496 2694 573 2726 Rom.
596 2695 651 2726 Vol.
667 2695 718 2726 IX.
955 2697 989 2726 12

1767 247 1808 283 89
1868 257 1921 287 An.
1939 256 1968 285 c.
1987 258 2054 286 ¹589

1096 312 1274 355 vicelegatss
1297 322 1423 345 necnon
1452 310 1600 355 priorum
1622 310 1725 344 dictae
1746 310 1854 344 cirita-

1098 366 1137 398 tis
1154 365 1392 406 Maceratensis,
1418 365 1693 408 quandocumque
1708 375 1766 408 pro
1782 375 1854 409 per-

1097 430 1264 459 sonarum,
1283 424 1467 463 temporum
1484 425 1513 452 et
1535 419 1683 452 locorum
1700 418 1855 461 qualitate

1098 472 1251 517 expedire
1265 473 1382 506 melius
1394 472 1566 514 ridebitur,
1585 472 1772 516 supradicta
1792 477 1855 504 sta-

1099 531 1177 567 tuta,
1210 526 1458 560 constitutiones
1486 532 1515 560 et
1543 525 1765 559 ordinationes
1786 536 1856 558 mu-

1099 584 1178 619 tare,
1196 590 1346 613 revocare
1363 586 1393 613 et
1414 581 1565 620 alterare,
1584 591 1621 613 ac
1636 579 1698 612 alia
1718 579 1757 612 de
1773 589 1856 612 novo

1097 631 1198 675 (licita
1218 639 1325 666 tamen
1347 639 1376 666 et
1394 634 1529 667 honesta
1544 643 1581 666 ac
1604 633 1703 666 sacris
1721 633 1856 665 canoni-

1097 684 1158 717 bus
1173 695 1301 718 necnon
1317 686 1394 719 dicti
1413 686 1543 720 concilii
1564 686 1702 720 decretis
1723 685 1856 719 minime

1098 738 1274 778 contraria,
1304 750 1363 783 per
1389 750 1447 772 nos
1472 746 1582 773 tamen
1602 745 1633 772 et
1652 750 1857 773 successores

1098 797 1226 825 nostros
1245 793 1480 836 confirmanda)
1497 794 1630 826 illorum
1646 794 1719 827 loco
1736 794 1854 832 facere,

1098 850 1240 878 statuere
1261 852 1292 878 et
1308 846 1459 879 ordinare
1475 847 1600 890 possint
1615 853 1647 880 et
1660 847 1798 888 valeant,
1817 847 1857 879 li-

1099 898 1237 931 centiam
1259 904 1289 932 et
1309 899 1496 933 facultatem
1515 900 1724 934 concedimus
1745 906 1776 933 et
1796 900 1856 933 im-

1099 951 1272 995 partimur.

1143 1007 1158 1050 g
1177 1005 1232 1039 47.
1255 1007 1312 1047 Ac,
1334 1012 1369 1039 ut
1387 1006 1492 1039 omnis
1513 1005 1725 1039 dubitationis
1743 1012 1771 1039 et
1793 1007 1857 1039 dis·
1887 1014 2059 1042 Locumrostlo-

1099 1059 1258 1093 sensionis
1278 1060 1406 1093 occasio
1427 1060 1630 1093 interdictos
1650 1060 1815 1095 auditores
1829 1067 1859 1094 et
1872 1047 2059 1102 {ffi‘ffinffii‘ssj

1099 1113 1179 1146 alios
1194 1114 1301 1158 quoad
1320 1114 1563 1158 praecedentias
1581 1119 1612 1147 et
1626 1114 1777 1158 publicae
1796 1125 1859 1148 ses·
1874 1142 1920 1161 dem
1949 1110 2058 1162 ,uduffij

1099 1166 1198 1200 sionis
1206 1168 1254 1200 vel
1267 1167 1437 1201 incedendi
1449 1168 1520 1201 loca
1530 1167 1704 1209 adimatur,
1718 1167 1858 1201 habeant
1874 1171 1912 1192 ΜΞ
1924 1171 2056 1192 ⁰⁰¹¹·10dssus<

1100 1220 1175 1253 dicti
1201 1220 1369 1254 auditores
1395 1227 1460 1254 tam
1481 1221 1663 1255 incedendo
1690 1233 1788 1265 quam
1811 1232 1860 1255 sc·

1100 1274 1206 1307 dendo
1234 1274 1461 1308 immediatum
1492 1276 1602 1309 locum
1630 1282 1702 1318 post
1737 1276 1860 1309 locate-

1099 1333 1213 1361 nentes
1230 1329 1326 1372 legati
1349 1339 1406 1362 seu
1432 1329 1598 1372 vicelegati
1622 1334 1677 1362 aut
1695 1329 1860 1373 guberna-

1100 1381 1178 1414 toris
1203 1382 1306 1415 dictae
1332 1382 1516 1426 provinciae
1541 1389 1571 1416 et
1597 1383 1733 1416 civitatis
1756 1383 1861 1417 Mace-

1100 1435 1248 1468 ratensis.

1144 1489 1158 1531 g
1177 1488 1230 1521 48.
1249 1489 1400 1531 Demum,
1418 1500 1478 1533 pro
1495 1490 1709 1523 commodiori
1724 1489 1861 1523 exactio·
1915 1500 2060 1535 sporuuiaruqn

1100 1542 1151 1574 nis
1173 1544 1396 1586 sportularum
1411 1554 1584 1577 causarum
1617 1544 1859 1577 ordinariarum
1877 1532 2062 1590 {nfljfssfffwfi'ss'f‘}

1100 1595 1289 1629 huiusmodi
1305 1597 1536 1630 commoditate
1549 1624 1556 1637 ,
1581 1608 1684 1630 unum
1702 1598 1862 1641 deposita·
1877 1595 1954 1616 dem*

1101 1649 1185 1681 rium
1202 1649 1352 1683 incadem
1371 1650 1497 1684 civitate
1511 1651 1734 1691 Maceratensi,
1750 1651 1789 1683 ad
1808 1662 1860 1684 ar-

1099 1702 1320 1737 bitriumdieti
1334 1705 1561 1747 gubernatoris
1571 1716 1627 1738 seu
1644 1705 1740 1748 legati
1755 1706 1803 1738 vel
1820 1706 1862 1738 vi-

1102 1758 1235 1801 celegati
1262 1759 1462 1802 eligendum,
1485 1759 1541 1803 qui
1569 1760 1742 1804 sportulas,
1765 1766 1863 1804 prout

1102 1822 1212 1855 supra,
1235 1812 1363 1855 exigere
1395 1818 1425 1845 et
1445 1823 1637 1847 conservare
1664 1813 1791 1854 debeat,
1822 1814 1862 1846 ad

1102 1865 1163 1897 hoc
1193 1871 1228 1898 ut
1244 1876 1281 1898 ex
1296 1865 1360 1899 illis
1376 1877 1440 1899 una
1459 1877 1563 1900 massa
1579 1867 1763 1900 communis
1783 1877 1861 1900 con-

1102 1919 1268 1960 stituatur,
1299 1920 1392 1953 cuius
1421 1921 1577 1954 medietas
1606 1920 1640 1954 in
1666 1921 1859 1954 solutionem

1103 1972 1339 2016 stipendiorum
1356 1974 1514 2018 praetoris
1530 1980 1559 2007 et
1577 1975 1763 2008 auditorum
1784 1985 1862 2008 con-

1104 2031 1258 2067 vertatur,
1293 2028 1378 2060 ultra
1411 2028 1635 2071 supradictum
1664 2028 1862 2071 stipendium

1104 2081 1464 2124 desuperconstitutum
1477 2087 1645 2114 scutorum
1659 2081 1789 2124 triginta
1804 2091 1863 2125 pro

1104 2134 1249 2177 quolibet
1261 2134 1418 2173 auditore,
1439 2140 1470 2167 et
1487 2135 1588 2168 altera
1605 2135 1761 2168 medietas
1777 2145 1864 2168 com-

1106 2187 1255 2220 munitati
1272 2193 1301 2219 et
1317 2187 1504 2220 hominibus
1526 2188 1630 2222 dictae
1652 2187 1788 2221 civitatis
1803 2188 1866 2221 Ma-

1106 2241 1281 2274 ceratensis
1311 2241 1415 2282 cedat,
1451 2241 1600 2274 videlicet
1628 2252 1686 2285 pro
1717 2242 1866 2285 expensis

1107 2295 1224 2328 domus
1249 2295 1360 2328 rotalis
1380 2301 1410 2328 et
1431 2305 1544 2328 eorum
1565 2295 1765 2335 auditorum,
1787 2306 1865 2329 con-

1107 2349 1272 2381 stituimus
1292 2355 1322 2381 et
1344 2349 1551 2392 deputamus.

1152 2403 1166 2445 ξ
1182 2402 1234 2434 49.
1256 2402 1586 2443 Ceterum,dilectum
1599 2402 1702 2435 filium
1718 2408 1864 2435 nostrum
1881 2402 2065 2459 R0n13'10222112‘j3

1108 2452 1283 2484 Heniicum
1306 2452 1390 2484 tituli
1409 2452 1440 2485 S.
1461 2452 1681 2485 Pudentianae
1703 2452 1867 2496 presbyte-
1881 2467 1908 2485 tio

1109 2512 1180 2533 rum
1204 2501 1400 2533 cardinalem
1421 2501 1598 2534 Gaetanum
1624 2507 1863 2545 nuncupatum,

1110 2549 1303 2583 modernum
1330 2556 1359 2583 et
1380 2562 1438 2595 pro
1457 2557 1604 2595 tempore
1622 2550 1809 2583 existentem
1833 2549 1862 2581 S.

1109 2599 1146 2632 R.
1165 2599 1200 2631 Ε.
1217 2599 1445 2640 camerarium,
1467 2600 1498 2631 in
1514 2599 1618 2633 dictae
1636 2599 1735 2632 Rotae
1752 2603 1781 2631 et
1798 2597 1866 2630 eius

1111 2648 1310 2688 auditorum,
1338 2660 1519 2691 eorumque
1542 2648 1662 2682 iurium
1685 2654 1715 2680 et
1737 2646 1864 2689 privile-

1873 1109 1963 1133 nataris,
