2226 3070
823 307 968 332 CLEMENS
988 306 1046 331 vin
1065 306 1115 329 Pr.
1633 292 1696 326 567
1745 302 1793 329 An.
1813 303 1840 329 C.
1861 303 1927 330 1592

207 367 261 395 aut
281 360 434 405 suspendi
455 360 503 393 vel
534 359 578 392 eis
600 356 747 400 derogari
769 355 948 398 contigerit,
988 354 1154 386 fraudetur
1186 351 1368 395 obsequiis,
1403 351 1458 384 sed
1489 351 1556 383 eius
1588 361 1729 393 congrue

208 415 299 448 toties
332 414 364 446 in
392 413 563 457 pristinum
593 417 733 449 statum,
768 409 862 442 etiam
893 408 951 441 sub
968 435 969 447 ἶ
986 412 1217 451 supportentur
1237 416 1336 439 onera
1357 411 1520 438 consueta.

207 469 280 501 data
300 466 486 511 posteriori,
521 465 616 498 etiam
644 465 795 497 adversus
823 462 952 495 Cancel-
1030 460 1113 493 Nulli
1131 470 1219 501 ergo,
1243 463 1298 491 etc.

9 318 57 344 An.
74 317 103 343 C.
123 315 190 342 1592

1771 475 1888 494 tltausutrw.

207 521 304 554 lariae
324 520 526 564 Apostolicae
546 518 674 560 regulas
694 516 891 549 huiusmodi*
904 526 969 567 rie-A¹

967 571 969 586 '¹
986 566 1216 599 Incarnationis
1233 565 1419 599 Dominicae
1442 565 1614 597 millesimo
1633 565 1727 608 quin-

206 573 331 606 stitutas
367 579 397 606 et
426 572 569 616 plenarie
600 571 810 612 reintegratus
844 580 879 601 ac
913 569 951 600 de

206 637 289 659 novo
322 636 490 659 concessas
527 630 555 657 et
592 624 781 656 revalidatas
819 632 886 655 esse
922 627 949 653 et

206 680 341 712 censeri.

1030 514 1142 546 Datum
1164 513 1284 545 Romae
1306 513 1337 544 in
1348 513 1452 545 Monte
1464 511 1629 552 Quirinali,
1643 522 1727 544 anno

985 620 1162 660 geutesimo
1183 619 1394 661 nonagesimo
1425 619 1579 658 secundo,
1613 619 1727 662 quinto

986 673 1056 705 idus
1077 673 1167 711 iunii,
1192 673 1399 706 Pontificatus
1420 673 1520 705 nostri
1542 682 1626 705 anno
1648 683 1668 705 ι.

1022 735 1076 762 [tat.
1095 735 1137 762 die
1156 736 1172 762 9
1187 736 1253 762 iunii
1277 736 1352 768 1592,
1369 739 1443 770 pont,
1461 744 1504 762 an.
1518 742 1533 761 1.

251 735 266 774 ξ
286 732 316 765 5.
341 732 457 775 Sicque
478 742 535 775 per
552 728 908 774 quoscumqueiudices
922 734 950 760 et

206 785 457 823 commissarios,
482 785 592 828 quavis
614 784 802 817 auctoritate
817 784 951 824 fungen-

206 847 262 881 tes,
286 840 382 873 etiam
396 850 567 873 causarum
581 839 693 873 Palatii
708 837 881 882 Apostolici
896 847 951 869 au-

32 797 56 818 Et
67 797 96 817 sic
108 797 127 817 in
139 802 189 823 quo-

5 823 57 845 libet
90 823 189 844 tribunali

6 856 51 871 esse
81 850 189 870 declaran-

6 877 61 898 <lum⁴

5 1169 115 1189 Obstantta
129 1169 188 1189 tottii.

2 2643 184 2693 eccissssffisseosssslfl
199 2654 341 2695 nionem,
366 2655 579 2689 annexionem
599 2662 629 2689 et
647 2656 941 2700 incorporationem

2 2697 134 2727 ³¹¹'m1'⁸⁹¹¹¹¹³
147 2705 185 2746 ΡΗ
199 2708 407 2752 huiusmodi,
447 2710 531 2744 dicta
562 2710 697 2745 ecclesia
729 2711 845 2745 debitis
876 2722 941 2746 non

2 2723 146 2750 inquisitorem

205 893 335 933 ditores,
352 892 472 936 ubique
487 892 621 925 iudicari
636 897 664 924 et
680 890 947 929 defini1·idel)ere;

204 957 330 980 necnon
353 946 480 979 irritum
502 952 533 978 et
553 946 647 978 inane
676 944 701 977 si
733 955 824 977 secus
853 954 951 987 super

204 1001 253 1033 his
270 1011 288 1033 a
308 1010 485 1044 quoquam,
499 999 609 1043 quavis
625 998 824 1037 auctoritate,
845 997 949 1030 scien-

204 1060 251 1087 ter
275 1054 324 1087 vel
345 1054 542 1096 ignoranter,
567 1052 737 1094 contigerit
757 1051 916 1084 attentari.

251 1109 266 1151 ἓ
287 1108 317 1141 G.
342 1109 411 1141 Non
442 1107 643 1140 obstantibus
668 1105 766 1149 priori
788 1105 948 1137 voluntate

203 1168 312 1195 nostra
331 1161 506 1205 praedicta,
530 1166 561 1193 et
580 1158 800 1193 Lateranensis
817 1157 947 1191 Coneilii

203 1216 375 1249 novissime
403 1215 566 1253 celebrati,
601 1213 736 1246 uniones
764 1217 945 1256 perpetuas,

202 1270 262 1302 nisi
284 1270 315 1302 in
336 1269 462 1302 casibus
483 1280 500 1302 a
520 1269 589 1301 iure
602 1267 777 1312 permissis,
794 1266 862 1299 fieri
876 1276 949 1309 pro-

202 1323 356 1363 hibentis;
373 1333 409 1356 ac
430 1322 711 1355 constitutionibus
724 1327 754 1354 et
771 1321 948 1354 ordinatio-

203 1376 298 1409 nibus
319 1376 515 1419 apostolicis,
539 1374 708 1408 contrariis
732 1374 945 1418 quibuscum-

201 1440 274 1473 que.
296 1431 358 1462 Aut
375 1429 400 1462 si
415 1429 513 1473 aliqui
527 1439 623 1472 super
634 1427 871 1472 provisionibus
889 1427 947 1460 sibi

203 1482 358 1515 faciendis
376 1483 414 1515 de
435 1482 621 1515 huiusmodi
641 1481 689 1513 vel
703 1481 772 1514 aliis
784 1480 949 1513 beneficiis

202 1536 426 1569 ecclesiasticis
448 1536 478 1568 in
499 1536 562 1568 illis
575 1535 720 1579 partibus
733 1534 887 1578 speciales
900 1535 947 1567 vel

202 1589 368 1632 generales
391 1589 493 1621 dictae
514 1588 605 1622 Sedis
625 1588 867 1630 vellegatorum
881 1587 948 1620 eius

203 1642 323 1675 litteras
345 1642 557 1686 impetrarint,
576 1642 699 1675 etiamsi
714 1652 771 1685 per
784 1652 836 1674 eas
849 1642 888 1674 ad
902 1641 948 1673 in-

202 1695 394 1729 hibitionem
413 1701 443 1728 et
463 1695 629 1728 decretum
649 1700 703 1728 aut
723 1695 801 1728 alias
813 1705 948 1739 quomo-

202 1748 323 1781 dolibet
349 1749 389 1781 sit
410 1759 618 1792 processuum
642 1759 721 1792 quas
746 1748 876 1792 quidem
898 1748 948 1781 lit-

203 1807 284 1835 teras
303 1808 333 1835 et.
352 1813 521 1846 processus
542 1802 669 1835 habitos
689 1812 747 1845 per
768 1802 897 1835 easdem
918 1808 947 1835 et

201 1855 275 1888 inde
295 1861 431 1899 sequuta
451 1866 675 1899 quaecumque
697 1856 737 1889 ad
758 1856 875 1889 dietam
896 1867 947 1889 ec-

201 1907 331 1940 clesiam
352 1908 501 1941 volumus
521 1919 587 1942 non
613 1909 755 1949 extendi;
788 1909 843 1942 sed
873 1909 945 1942 nul-

200 1961 266 1993 lum
287 1972 345 2005 per
368 1961 430 1995 hoc
455 1962 511 2002 eis,
546 1963 653 2006 quoad
685 1962 944 2006 assequutionem

199 2014 434 2048 beneficiorum
455 2015 604 2056 aliorum,
628 2016 864 2059 praeiudicium
885 2026 942 2058 gc-

199 2068 321 2107 nerari;
345 2074 376 2101 et
395 2069 592 2112 quibuslibet
610 2069 680 2102 aliis
695 2070 880 2113 privilegiis,
896 2070 944 2102 in-

200 2121 372 2163 dulgentiis
393 2127 424 2155 et
444 2122 558 2155 litteris
578 2123 763 2166 apostolicis
778 2150 785 2163 ,
809 2134 944 2166 genera-

199 2174 282 2207 libus
302 2175 351 2208 vel
371 2175 574 2218 specialibus,
599 2186 879 2219 quorumcumque
900 2182 945 2209 te-

198 2238 316 2261 norum
342 2228 487 2269 existant,
522 2239 581 2272 per
609 2239 691 2272 quae
723 2230 944 2272 praesentibus

199 2292 263 2314 non
290 2293 438 2325 expressa
468 2282 517 2314 vel
547 2282 688 2315 totaliter
716 2293 781 2315 non
812 2283 940 2318 inserta.

199 2334 329 2367 effeetus
351 2346 461 2367 earum
480 2335 630 2378 impediri
642 2336 744 2368 valeat
765 2336 945 2379 quomodo-

200 2386 276 2420 libet
305 2388 353 2421 vcl
384 2388 516 2429 differri,
541 2394 571 2421 et
591 2389 630 2421 de
651 2388 767 2432 quibus
788 2400 943 2432 quorum-

199 2451 261 2484 que
280 2441 353 2474 totis
374 2441 539 2475 tenoribus
558 2442 596 2474 de
617 2442 715 2475 verbo
741 2443 780 2475 ad
810 2443 943 2476 verbum

198 2494 347 2527 habenda
366 2494 406 2528 sit
426 2495 458 2528 in
479 2495 719 2529 nostrislitteris
733 2496 853 2529 mentio
866 2507 940 2540 spe-

199 2546 298 2580 cialis.

244 2601 259 2645 g
281 2601 310 2634 7.
335 2602 489 2635 Volumus
510 2608 618 2636 autem
637 2603 735 2646 quod,
752 2609 885 2647 propter
904 2615 942 2636 u—

1299 897 1404 930 XXIII.

984 994 1108 1027 Erectio
1127 995 1302 1027 seminarii
1316 995 1451 1028 Ordinis
1462 995 1625 1029 Mlnorttm
1645 997 1727 1030 San-

1028 1049 1071 1080 cti
1091 1048 1121 1080 F
1121 1048 1260 1080 mmcisci
1279 1048 1317 1080 de
1338 1047 1549 1081 observantia
1577 1050 1609 1081 in
1643 1051 1723 1082 civi-

1029 1106 1092 1133 tate
1109 1101 1303 1134 Tornacensi
1312 1112 1371 1144 pro
1384 1103 1593 1134 »missionibus
1605 1104 1637 1135 ιἰι
1652 1104 1728 1136 Ger-

1027 1155 1140 1187 mania
1166 1159 1194 1187 el
1216 1155 1329 1198 Belqio
1349 1155 1532 1187 erercendix
1550 1156 1568 1188 ¹.

1197 1245 1331 1273 Clemens
1351 1247 1430 1281 Papa
1450 1247 1528 1281 VIII,

1107 1299 1143 1326 ad
1163 1302 1340 1334 perpetuam
1359 1301 1402 1327 rei
1419 1300 1602 1328 memoriam.

1027 1372 1191 1405 Romanus
1211 1372 1355 1406 Pontifex
1373 1372 1458 1406 circa
1474 1373 1632 1406 Dominici
1654 1384 1725 1416 gre-
1769 1381 1888 1402 Exordium.

983 1425 1030 1467 gis
1048 1436 1157 1458 curam
1179 1425 1239 1458 sibi
1266 1426 1418 1459 divinitus
1449 1427 1654 1459 commissam
1681 1427 1726 1460 sic

984 1479 1149 1521 invigilare
1167 1479 1282 1517 debet,
1307 1485 1341 1512 ut
1366 1480 1419 1523 qui
1441 1480 1549 1512 onmia
1570 1481 1609 1513 ad
1628 1480 1726 1524 ipsius

983 1533 1088 1574 gregis
1108 1533 1247 1565 universi
1279 1533 1414 1566 salutem
1445 1534 1637 1577 pertinentia
1669 1545 1726 1578 per

983 1597 1015 1618 se
1028 1586 1132 1629 ipsum
1151 1592 1181 1619 et
1200 1587 1400 1619 venerabiles
1418 1588 1530 1620 fratres
1543 1587 1722 1631 episcopos,

983 1639 1015 1672 in
1036 1646 1142 1683 partes
1162 1650 1238 1673 suae
1263 1640 1487 1674 sollicitudinis
1510 1647 1648 1681 vocatos,
1672 1653 1725 1683 ge-

982 1703 1053 1725 rere
1073 1703 1138 1725 non
1166 1693 1260 1733 valet,
1280 1693 1384 1726 bonos
1413 1694 1453 1726 ad
1485 1694 1516 1727 id
1544 1694 1721 1738 operarios,

982 1747 1149 1789 religiosos
1162 1747 1317 1780 nimirum
1332 1747 1427 1787 viros,
1444 1748 1606 1785 adhibeat,
1626 1754 1725 1792 utque

983 1801 1002 1832 ii
1025 1801 1055 1833 iu
1082 1801 1234 1845 operibus
1260 1811 1326 1834 non
1358 1801 1521 1841 deficiant,
1553 1802 1725 1835 seminaria

982 1854 1153 1897 quaedam,
1169 1854 1267 1894 unde,
1282 1854 1371 1898 quasi
1385 1865 1466 1887 nova
1478 1855 1635 1897 germina,
1652 1855 1725 1888 novi

981 1908 1125 1951 quotidie
1145 1909 1286 1953 operarii
1312 1909 1343 1941 in
1371 1909 1596 1942 decedentium
1617 1910 1724 1943 locum

980 1961 1165 2001 succedant,
1189 1962 1386 2006 defessisque
1416 1972 1510 2006 opem
1539 1963 1653 2003 ferant,
1677 1963 1725 1995 in-

980 2020 1098 2048 stituat.

1026 2069 1041 2110 ξ
1060 2067 1090 2100 Χ1.
1115 2067 1206 2107 Quod
1227 2068 1358 2111 quidem
1373 2079 1442 2109 nos,
1458 2069 1497 2101 ad
1515 2074 1619 2102 tantae
1637 2069 1724 2102 solli·
1766 2073 1880 2103 &Uettium
1898 2073 1924 2093 ὼ·

1739 2106 1780 2126 quo
1804 2107 1823 2120 ιιι
1839 2101 1922 2121 rubi-tm

980 2121 1130 2154 citudinis
1148 2121 1311 2163 fastigium
1332 2122 1465 2161 evocati,
1480 2128 1636 2166 quantum
1649 2133 1722 2155 cum
1739 2127 1833 2152 uisitur-

979 2174 1115 2207 Domino
1135 2175 1324 2219 poterimus,
1346 2175 1470 2219 exequi,
1495 2181 1526 2209 et
1550 2177 1723 2220 provinciis

979 2228 1115 2270 Belgicis
1136 2234 1166 2261 et
1186 2228 1395 2268 Germanicis,
1416 2229 1447 2261 in
1461 2224 1578 2273 quibus
1590 2230 1652 2263 lioe
1664 2241 1722 2274 po-

981 2281 1137 2314 tissimum
1155 2287 1301 2325 tempore
1325 2282 1478 2315 similium
1500 2283 1722 2327 operariorum

979 2335 1159 2369 ministerio
1184 2336 1224 2368 ad
1248 2336 1463 2379 reparandam
1492 2343 1522 2369 et
1550 2337 1722 2370 restituen-

979 2389 1052 2422 dam
1081 2389 1201 2422 ibidem
1224 2390 1438 2423 collabentem
1468 2390 1658 2424 catholicam
1687 2391 1724 2423 fi-

979 2443 1051 2476 dem
1066 2448 1095 2476 et
1106 2443 1296 2486 religionem
1311 2445 1449 2478 maxime
1463 2455 1544 2489 opus
1557 2456 1635 2483 esse.
1657 2456 1722 2478 non

978 2496 1046 2529 sine
1073 2496 1173 2529 animi
1203 2497 1303 2530 nostri
1327 2498 1439 2531 dolore
1470 2498 1719 2539 remffliscinmr,

977 2549 1081 2582 simile
1110 2550 1242 2594 aliquod
1271 2551 1451 2585 subsidium
1479 2552 1721 2596 quamprimum

977 2604 1092 2638 afferre
1124 2605 1304 2648 cupientes,
1336 2611 1426 2639 motu
1461 2606 1610 2650 proprio,
1634 2612 1721 2639 etex

977 2663 1064 2691 certa
1093 2664 1202 2698 nostra
1232 2659 1366 2692 scientia
1394 2670 1431 2693 ac
1460 2660 1499 2693 de
1526 2659 1720 2704 apostolicae

1014 2723 1023 2747 t
1043 2721 1080 2749 Ex
1096 2721 1203 2759 Regest.
1221 2722 1248 2749 in
1259 2722 1360 2750 Secret.
1378 2722 1512 2750 Brevium.
