2226 3070
80 298 127 323 An.
144 295 172 323 C.
197 295 260 322 1591

102 567 190 586 Dubium
206 572 265 586 exm—

81 595 123 613 lum
139 599 165 613 au
177 593 265 613 (lamera

81 620 202 645 Apustiilit'tn
219 626 265 639 eol]-

81 646 170 666 curdaro
201 646 267 671 possit

81 678 128 693 cum
151 672 266 692 baronibus

80 699 138 719 circa
151 699 249 719 novatur..
260 710 267 714 -

82 732 128 746 nem
151 725 266 746 senatorum.

158 2429 285 2449 concordari

102 2461 163 2480 posse
192 2456 284 2475 ‹tw-tamt

103 2482 215 2506 Gregorius*
224 2483 243 2502 in
252 2489 286 2502 ca-

101 2508 159 2529 sibus
194 2509 227 2529 hic
253 2515 286 2529 ex-

103 2536 186 2562 pressis.

880 295 1059 319 GREGORIUS
1079 296 1131 318 Xtv
1153 295 1201 318 ΙΨ.

1701 280 1764 312 477

281 343 362 376 trahi
381 343 610 386 comperimus,
631 355 714 386 quae
735 355 752 376 a
771 350 877 376 mente
898 343 1025 385 legisla-
1059 354 1137 385 quas
1157 342 1337 374 recedendo
1358 352 1374 371 a
1395 340 1447 371 lite
1466 351 1522 382 per
1543 349 1596 371 eos
1614 338 1802 370 auctoritate

281 396 358 429 toris
391 407 487 440 quam
524 396 709 438 longissime
740 397 906 436 recedunt,
939 397 1025 439 quod

280 449 477 493 experientia
489 449 557 493 ipsa
568 449 711 493 quotidie
724 449 851 482 evenire
867 449 1022 482 videmus.

325 504 341 544 ξ
364 502 393 535 ’1.
411 503 488 536 Cum
509 503 595 535 enim
618 504 737 535 multae
756 503 826 535 lites
847 508 875 535 et
895 509 1025 535 contro-

281 555 403 589 versiae
423 566 532 589 coram
551 556 676 588 dilectis
694 556 767 588 filiis
786 556 901 588 nostris
917 556 1026 588 Came-

282 620 335 642 rae
356 609 558 652 Apostolicae
579 609 702 642 clericis
727 609 862 652 aliisque
883 608 1025 641 eiusdem

282 663 433 695 Gamerae
459 662 649 695 officialibus
682 663 837 695 haetenus
867 661 1026 696 indecisae

282 717 454 760 pendeant,
472 716 568 749 iidem
583 716 734 749 officiales
751 726 848 758 super
865 714 1028 747 nonnullis

283 769 535 809 difficultatibus,
550 780 633 812 quae
647 780 743 812 saepe
756 769 831 801 etin
846 768 912 801 dies
927 779 1029 801 emer-

282 829 361 865 gunt
398 823 482 855 circa
517 822 783 856 constitutionum
819 822 1027 855 Summorum

283 876 477 910 Pontificum
517 877 803 920 praedecessorum
842 881 1028 908 nostrorum

284 929 596 973 interpretationem,
631 939 689 962 nos
714 929 882 961 consulere
913 928 1026 966 solent,

284 988 319 1015 ut
345 988 528 1026 opportuna
557 982 785 1021 declaratione,
809 992 938 1014 omnem
972 981 1031 1013 tol-

285 1037 385 1069 lentes
401 1036 645 1078 ambiguitatem
663 1035 873 1079 pendentium
887 1046 923 1067 ac
935 1035 1029 1067 etiam

285 1091 466 1123 futurorum
487 1090 710 1132 negociorum,
732 1089 884 1122 decisioni
906 1088 1031 1132 prospi-

286 1144 428 1183 ciamus3
460 1149 557 1187 atque
593 1143 676 1175 inter
707 1142 785 1175 alias
815 1141 1032 1175 dubitationes

286 1197 442 1240 quasdam
461 1207 526 1230 non
544 1196 691 1239 indignas
712 1201 821 1229 nostra
838 1195 1032 1228 determina-

287 1251 374 1284 tione
393 1261 491 1294 super
511 1250 739 1283 constitutione
757 1249 858 1282 felicis
884 1249 1034 1282 recorda-

287 1303 383 1337 tionis
403 1303 449 1336 Pii
469 1304 504 1343 V,
527 1303 783 1347 praedecessoris
804 1302 916 1341 nostri,
952 1312 1033 1345 quae

288 1357 400 1401 incipit.
419 1357 581 1390 Admonet
601 1367 669 1396 nos,
693 1357 751 1389 sub
778 1356 841 1389 dat.
874 1366 904 1389 1v
926 1356 1035 1388 kalen-

289 1411 345 1443 das
366 1410 487 1454 aprilis,
511 1410 718 1454 pontificatus
737 1410 786 1443 sui
808 1419 892 1442 anno
920 1419 954 1447 11,
979 1419 1035 1441 no-

289 1464 337 1497 his
358 1464 572 1504 insinuarunt,
596 1474 636 1497 au
656 1463 788 1503 scilicet,
813 1468 916 1496 stante
936 1474 1032 1506 prae-

290 1517 374 1550 dicta
394 1517 634 1555 constitutione,
659 1516 751 1549 liceat
769 1516 800 1548 in
819 1516 933 1555 causis,
955 1526 1036 1559 quae

290 1581 388 1615 super
408 1571 668 1604 devolutionilms
690 1570 772 1603 inter
792 1570 909 1603 dictam
928 1570 1037 1603 Came-

292 1635 361 1657 ram
381 1630 413 1657 et
432 1625 569 1657 barones
590 1635 625 1657 ex
647 1635 851 1668 quacumque
873 1634 968 1656 causa
989 1623 1035 1655 rel

293 1678 472 1718 occasione,
496 1678 561 1711 sive
581 1678 685 1711 lineae
706 1677 826 1717 finitae,
847 1677 871 1710 si
890 1677 929 1710 de
950 1677 1037 1709 inve-

293 1732 407 1765 stitura
434 1742 498 1765 non
527 1737 692 1775 appareat,
724 1732 789 1764 sive
810 1731 941 1764 canonis
973 1741 1036 1763 non

293 1785 411 1826 soluti,
443 1785 508 1819 sive
538 1785 643 1818 delicti
679 1785 841 1818 commissi
879 1785 1038 1817 indecisae

294 1839 446 1883 pendent,
470 1839 564 1872 liceat
584 1838 762 1881 transigere
783 1844 814 1872 et
838 1839 877 1871 ad
898 1838 1037 1881 aliquam

295 1892 501 1925 concordiam
532 1892 694 1932 devenire,
726 1892 791 1925 sive
811 1892 971 1936 possessio
1000 1891 1036 1924 sit

295 1955 393 1989 penes
412 1945 551 1979 barones
581 1945 645 1978 sive
676 1945 772 1978 etiam
804 1955 902 1988 penes
929 1945 1039 1978 Came-

297 2009 377 2039 ram,
401 1999 496 2032 etiam
518 1999 627 2041 vigore
647 1998 880 2032 sententiarum
903 1998 934 2030 in
967 2009 1040 2042 pos-

295 2052 433 2086 sessorio
454 2053 604 2091 latarum,
628 2052 693 2085 sive
725 2052 827 2095 ipsam
852 2062 980 2084 causam
1002 2051 1041 2083 ab

297 2107 368 2139 aliis
388 2106 500 2140 Curiae
519 2106 735 2139 tribunalibus
756 2106 838 2139 iuter
862 2105 1039 2149 particula-

298 2171 349 2193 res
369 2170 525 2203 personas
546 2159 761 2192 introductam
790 2160 830 2192 ad
857 2169 889 2192 se
917 2158 1042 2191 avocari

298 2212 468 2252 curaverit,
502 2218 532 2245 et
561 2212 796 2256 possessionem
828 2221 887 2255 pro
919 2211 1044 2243 iuribus

297 2267 363 2300 suis
383 2267 432 2299 vel
453 2277 489 2299 ex
510 2265 654 2299 cessione
678 2265 809 2298 alterius
829 2275 864 2298 ex
893 2264 1044 2306 litiganti-

299 2320 358 2353 bus
375 2320 510 2363 adeptae
530 2319 658 2352 suerint.

345 2375 361 2415 ἕ
390 2372 420 2406 ⁹2.
444 2374 517 2412 Nos,
541 2371 726 2405 huiusmodi
760 2371 994 2404 controversias
1014 2377 1043 2403 et

302 2426 529 2460 haesitationes
548 2426 659 2458 tollere
680 2425 833 2463 volentes,
857 2424 917 2457 hac
937 2430 1045 2457 nostra

302 2481 333 2514 in
354 2485 546 2525 perpetuum
568 2479 701 2512 valitura
723 2478 967 2518 constitutione,
992 2478 1046 2510 de-

302 2537 462 2569 claramus
483 2535 514 2567 in
547 2534 698 2567 omnibus
728 2533 900 2577 praedictis
921 2533 1046 2566 casibus

302 2590 388 2623 licite
408 2600 501 2634 posse
532 2600 590 2633 per
615 2588 716 2621 dictos
747 2593 874 2621 nostros
895 2587 1047 2620 officiales

304 2655 377 2677 eum
395 2643 571 2676 baronibus
596 2652 693 2686 super
720 2641 811 2675 dictis
841 2641 942 2674 feudis
963 2647 1048 2674 tran-

305 2698 364 2741 sigi
385 2704 415 2731 et
433 2696 634 2738 concordari,
658 2706 776 2740 easque
800 2695 1044 2735 infeudationes,

1060 403 1167 429 nostra
1191 394 1257 427 lieri
1280 393 1461 433 contigerit,
1485 393 1544 425 sub
1576 391 1737 435 praedicta
1759 391 1803 424 Pii

1060 450 1288 483 constitutione
1321 459 1384 481 non
1415 445 1666 490 compraehendi
1699 445 1804 477 decla-

1061 514 1168 535 ramus
1186 508 1213 534 et
1237 501 1453 534 decerniuuis.

1105 558 1121 597 ξ
1143 556 1172 588 3.
1190 556 1223 588 ΕΙ
1246 555 1376 598 insuper
1396 564 1468 586 cuin
1491 552 1590 585 felicis
1608 551 1803 585 recordatio-

1061 609 1108 640 nis
1125 609 1298 649 Gregorius
1319 609 1395 646 Xlll,
1420 613 1450 640 et
1470 607 1585 646 Sinus,
1616 606 1804 649 praedeces-

1061 673 1148 695 sores
1181 663 1298 701 nostri,
1336 663 1365 694 in
1397 660 1694 699 constitutionibus,
1728 670 1806 702 quas

1061 716 1212 748 adversus
1230 716 1390 755 bannitos,
1415 715 1593 748 homicidas
1615 719 1642 747 et
1667 714 1807 746 latrones

1062 779 1239 811 eorumfpie
1258 769 1443 812 complices,
1465 769 1604 800 fautores
1618 773 1645 799 et
1666 771 1808 809 recepta-

1064 827 1146 853 tores
1167 822 1348 861 ‹cuthtei-uni,
1373 822 1518 859 ducatus,
1543 820 1701 859 dominia,
1725 819 1809 851 rica-

1063 874 1172 913 riatus,
1198 875 1365 917 gulwrnia,
1387 874 1492 911 l‘euda,
1516 874 1668 911 civitates,
1695 879 1805 911 terras,

1063 927 1193 970 oppida,
1215 934 1316 960 castra
1338 932 1529 969 caeteraque
1551 926 1646 962 bona,
1671 936 1752 968 quae
1773 937 1809 957 ex

1064 982 1166 1015 causis
1180 982 1211 1014 in
1230 981 1321 1014 dictis
1338 979 1619 1013 constitutionibus
1636 978 1806 1015 contentis,

1064 1035 1215 1068 Gamerae
1247 1033 1449 1077 Apostolicae
1480 1038 1606 1076 aperta,
1643 1033 1806 1068 devoluta,

1066 1088 1251 1127 confiscata,
1275 1087 1434 1131 applicata
1467 1093 1494 1119 et
1528 1087 1731 1129 incorporata
1753 1085 1810 1117 sut·

1066 1142 1230 1186 praedicta
1245 1141 1472 1174 constitutione
1484 1140 1529 1173 Pii
1542 1140 1564 1172 V
1578 1139 1709 1171 minime
1723 1149 1812 1172 com-

1067 1195 1243 1239 praehendi
1276 1193 1521 1232 declaraverint,
1555 1193 1610 1225 sed
1642 1203 1706 1225 non
1738 1192 1814 1224 satis

1067 1255 1176 1293 aperte
1197 1259 1310 1282 eorum
1329 1247 1541 1280 intentionem
1560 1245 1757 1290 aperuerint,
1775 1255 1814 1277 an

1068 1303 1232 1347 praedicta
1270 1301 1483 1335 declaratoria
1519 1300 1815 1343 coiiiln·aelu·ntle1·e

1069 1354 1224 1387 voluerint
1246 1365 1282 1386 ea
1295 1354 1391 1389 bona,
1408 1362 1546 1395 quorum
1566 1357 1637 1395 post
1658 1350 1814 1383 confisca-

1069 1408 1188 1440 tionem
1210 1407 1341 1440 Camera
1371 1405 1554 1449 Apostolica
1579 1403 1814 1448 possessionem

1073 1461 1216 1503 coepisse
1237 1459 1445 1503 reperiretur,
1465 1469 1504 1491 an
1527 1457 1690 1501 praedicta
1711 1467 1815 1500 poena

1069 1514 1307 1547 confiscationis
1343 1513 1470 1545 afficere
1509 1511 1669 1545 voluerint
1704 1521 1816 1543 omnes

1070 1568 1252 1612 praedictos
1270 1567 1448 1600 homicidas
1466 1572 1494 1599 ct
1517 1566 1657 1598 latrones
1677 1575 1735 1608 per
1755 1569 1817 1597 ter-

1070 1633 1120 1655 ras
1146 1627 1176 1654 et
1205 1622 1328 1655 Statum
1361 1620 1520 1653 Ecclesiae
1553 1624 1744 1659 grassantes,
1768 1618 1816 1650 vel

1071 1675 1295 1708 tantummodo
1316 1674 1432 1706 horum
1455 1674 1595 1705 fautores
1616 1677 1645 1704 et
1671 1677 1817 1714 recepta-

1073 1734 1167 1765 tores,
1199 1738 1281 1771 quae
1305 1738 1355 1759 res
1376 1737 1486 1759 ansam
1512 1725 1659 1769 praebuit
1684 1730 1815 1757 contro—

1072 1782 1227 1821 vertendi,
1249 1780 1380 1814 diversis
1401 1780 1524 1813 diversa
1545 1778 1766 1811 sentientibus.

1118 1840 1133 1877 ξ
1152 1835 1182 1867 4.
1196 1835 1269 1874 Nos,
1285 1844 1415 1867 omnem
1437 1832 1680 1875 ambiguitatem
1702 1832 1820 1864 deme-

1074 1890 1126 1923 dio
1145 1889 1258 1922 tollere
1278 1889 1432 1927 volentes,
1448 1888 1649 1920 declaramus
1668 1886 1819 1918 intentio-

1074 1943 1121 1975 nis
1142 1943 1360 1986 prael'atorum
1382 1941 1666 1984 praedecessorum
1693 1944 1819 1972 nostro-

1074 2007 1145 2029 rum
1165 1996 1261 2028 fuisse
1280 1995 1310 2027 in
1325 1994 1489 2038 praedicta
1507 1993 1719 2026 declaratoria
1733 2003 1821 2025 com-

1075 2050 1297 2094 praehendere
1314 2049 1409 2082 etiam
1432 2059 1469 2081 ea
1486 2048 1582 2086 bona,
1597 2057 1736 2090 (piorum
1749 2053 1818 2089 post

1076 2103 1338 2137 confiscationem
1368 2103 1498 2135 Camera
1529 2101 1712 2144 Apostolica
1740 2111 1817 2143 pos—

1076 2157 1250 2191 sessionem
1273 2156 1458 2200 accepisset,
1475 2165 1533 2187 nec
1551 2165 1615 2188 non
1635 2164 1746 2187 omnes
1767 2165 1820 2186 su-

1077 2211 1238 2255 pradictas
1258 2219 1411 2253 personas
1431 2219 1495 2241 una
1525 2214 1556 2241 et
1584 2208 1697 2240 eadem
1718 2217 1820 2250 poena

1078 2268 1195 2308 (prout
1231 2263 1308 2296 iuris
1338 2262 1538 2306 dispositioni
1570 2266 1822 2294 consentaneum

1078 2329 1145 2351 esse
1163 2327 1227 2349 non
1246 2316 1445 2359 ignoramus)
1460 2307 1767 2358 compraebe'mlere,
1783 2313 1824 2346 ita

1078 2378 1110 2405 ut
1142 2382 1206 2404 non
1238 2371 1342 2403 solum
1376 2374 1591 2412 receptatores
1612 2374 1643 2401 et
1671 2369 1821 2404 lautores,

1079 2426 1133 2458 scd
1155 2425 1250 2457 etiam
1270 2423 1453 2457 homicidae
1473 2429 1504 2455 et
1521 2423 1672 2461 latrones,
1693 2421 1748 2465 qui
1768 2432 1826 2464 per

1079 2480 1201 2513 Statum
1220 2478 1478 2511 Ecclesiastieum
1494 2487 1592 2509 manu
1604 2481 1727 2508 armata
1739 2485 1825 2515 :aras-

1079 2539 1200 2573 santur,
1217 2532 1275 2564 sub
1294 2531 1406 2564 eadem
1425 2531 1494 2573 lege
1512 2528 1749 2563 confiscationis
1762 2528 1822 2560 bo-

1080 2597 1196 2619 norum
1217 2585 1374 2623 omnium,
1391 2590 1453 2617 tam
1472 2583 1658 2622 feudalium,
1675 2582 1733 2615 sub
1748 2592 1826 2624 qua-

1081 2650 1219 2683 cumque
1241 2640 1343 2672 l'orma
1364 2638 1569 2671 investiturae
1582 2645 1821 2673 concessorum,

1081 2693 1205 2727 etiamsi
1241 2692 1272 2725 in
1306 2692 1432 2725 casibus
1464 2689 1627 2735 permissis
1659 2699 1695 2722 ex
1723 2690 1826 2722 fornia

1813 290 1860 315 An.
1882 290 1907 314 tl.
1931 289 1991 314 lffltl

1847 563 1901 582 &liud
1919 562 2004 581 dubium

1821 595 1883 613 *ui-ri·
1904 591 2004 612 inteipic-

1821 618 1899 635 litioni-
1933 616 2005 634 bitini.

1822 642 1968 665 titi-eortinll
1987 645 2004 660 il

1822 669 1874 688 ⁴<ixii
1899 669 1912 687 V
1949 674 2004 687 circa

1822 696 1891 714 ‹tu-tn·
1906 696 2006 714 ‹lanu-121⁴·

1822 722 1994 747 apptii‘aiulastci

1823 756 1863 770 inis,
1884 749 1918 768 nbi
1942 748 2006 767 hoini—

1823 776 1883 795 Phliu·
1913 780 2008 799 massan-

1823 805 1862 822 tur,

1858 1840 1970 1863 nrt-purum
1985 1838 2019 1857 «liu

1835 1868 1898 1885 vltra!
1924 1872 1948 1884 tis
1964 1871 2018 1883 ιἰνιικΑ

1835 1892 1937 1919 prehendi
1980 1898 2020 1911 nun

1836 1921 1901 1939 su'nni
1929 1919 1968 1937 tssiu¹
1989 1924 2020 1937 rc»

1836 1935 1871 1966 {cest
1898 1948 1962 1966 ettam
1985 1945 2019 1964 lt=>

1836 1973 1931 1993 luivid-in
