2226 3070
207 229 260 257 An.
279 229 307 258 C.
324 229 392 257 1589

276 884 385 905 clausulae

204 916 376 940 praesen-vatius

202 942 261 961 liuius
269 943 386 963 erectionis

201 972 273 994 Rotae.

225 1412 336 1433 Decretum
351 1414 383 1433 ir-

197 1445 262 1465 ritant

221 2165 326 2186 Officinles
338 2165 358 2184 St

195 2196 380 2217 iusEcclesiastici

196 2228 292 2248 mandata
311 2228 380 2248 dietae

196 2258 261 2279 Rotae
304 2260 380 2285 exequi

195 2289 278 2309 iaciantv

451 218 494 252 90

404 281 533 324 giorum
572 291 609 314 ac
638 281 840 314 indultorum
873 289 1159 323 quorumcumque

405 341 635 379 protectorem,
660 346 734 367 cuni
753 334 939 368 omnimoda
960 333 1110 365 facultate
1129 337 1159 364 et

403 388 596 421 auctoritate
608 389 716 421 omnia
728 393 756 420 ct
769 387 894 429 singula
915 397 997 428 quae
1009 386 1048 418 ad
1070 396 1160 428 prae-

404 441 483 474 toris
503 441 645 474 officium
677 439 921 484 quomodolibet
952 439 991 471 de
1020 439 1090 471 iure
1111 439 1158 471 vel

403 495 639 527 consuetudine
652 499 797 536 spectant
808 498 838 525 et
849 492 1023 535 pertinent,
1038 496 1158 536 etquae

402 548 456 581 alii
477 548 599 581 similes
618 547 649 580 S.
672 547 708 579 R.
733 546 766 578 E.
792 545 974 578 cardinales
994 551 1157 589 protecto-

401 613 452 635 res
469 602 574 634 facere
596 607 626 633 et
646 610 796 633 exercere
815 604 950 642 possunt
969 604 1000 632 et
1020 609 1157 632 consue-

400 661 525 695 verunt,
547 653 698 693 faciendi,
715 653 845 686 dicendi
861 658 891 686 et
910 653 1092 693 exercendi,
1109 653 1157 685 di-

400 715 451 742 cta
475 708 680 747 auctoritate,
702 714 861 751 perpetuo
875 707 971 741 etiam
988 707 1157 741 constitui-

400 773 471 794 mus
492 768 519 795 et
543 762 747 805 deputamus.

442 816 457 857 g
477 816 530 849 50.
549 815 764 848 Decernentes
776 820 963 859 praesentes
979 814 1102 847 litteras
1120 825 1156 847 ex

399 880 608 913 quacumque
623 880 719 903 causa
735 870 825 902 nullo
838 880 994 912 umquam
1010 875 1156 912 tempore

400 923 438 955 de
469 922 687 967 subreptionis
707 923 755 956 vel
774 923 974 966 obreptionis·
1006 928 1059 955 1111
1082 923 1156 954 11111-

399 976 499 1009 litatis
528 976 619 1017 vitio,
650 987 707 1010 seu
732 976 918 1009 intentionis
950 1000 958 1009 i
1025 987 1077 1009 rae
1108 976 1157 1008 vel

399 1029 553 1073 quopiam
574 1029 637 1062 alio
657 1029 785 1063 defectu
806 1029 922 1069 notari,
948 1030 1009 1062 5111·
1032 1039 1085 1061 eas
1108 1030 1156 1061 111-

398 1083 507 1125 fringi,
531 1082 699 1116 invalidari
721 1094 777 1116 seu
799 1083 942 1116 revocari
970 1093 1074 1126 posse,
1101 1082 1155 1115 sed

398 1136 469 1169 illas
484 1147 613 1180 semper
630 1142 659 1170 et
679 1143 838 1180 perpetuo
854 1136 975 1169 validas
996 1142 1025 1169 et
1047 1136 1155 1169 effica-

398 1201 451 1223 ces
472 1191 608 1224 existere
624 1197 654 1224 et
675 1191 755 1231 fore,
778 1201 919 1234 suosque
942 1190 1104 1233 plenarios
1126 1195 1156 1223 et

398 1243 540 1286 integros
558 1244 692 1277 effectus
714 1243 823 1277 sortiri
844 1249 875 1276 ct
902 1243 1061 1283 obtinere,
1082 1254 1155 1276 nec-

397 1306 462 1329 non
489 1297 720 1330 inviolabiliter
740 1302 899 1340 perpetuo
920 1297 1096 1330 observari.

441 1350 455 1393 ἓ
477 1350 530 1383 51.
558 1350 675 1394 Sicque
696 1361 754 1394 per
780 1361 1007 1394 quoscumque
1031 1350 1155 1382 iudices

396 1409 426 1436 et
456 1404 709 1441 commissarios.
742 1404 837 1437 etiam
870 1404 1015 1436 eiusdem
1042 1403 1154 1436 Palatii

396 1457 496 1490 nostri
514 1458 688 1501 Apostolici
715 1469 887 1491 causarum
917 1458 1094 1497 auditores,
1126 1463 1155 1490 et

395 1511 541 1544 eiusdem
571 1511 736 1544 Romanae
764 1511 928 1544 Ecclesiae
959 1511 1152 1550 cardinales,

394 1565 490 1597 etiam
506 1565 544 1597 de
561 1565 660 1598 latere
673 1566 794 1607 legatos
808 1576 863 1597 seu
876 1565 1080 1607 vicelegatos,
1100 1571 1155 1596 aut

394 1618 548 1651 Gamerae
568 1619 772 1661 Apostolicae
792 1618 1016 1662 praesidentes
1045 1619 1155 1651 01010-

395 1671 491 1712 ricos,
510 1673 558 1704 vel
583 1672 712 1715 quosvis
727 1672 818 1711 alios,
839 1671 964 1704 sublata
985 1671 1031 1704 eis
1049 1677 1075 1703 et
1099 1682 1153 1704 eo-

395 1736 465 1757 rum
501 1725 634 1758 cuilibet
663 1725 775 1768 quavis
803 1725 897 1758 aliter
927 1724 1093 1757 iudicandi
1124 1729 1152 1756 et

395 1779 630 1822 interpretandi
647 1779 797 1811 facultate
814 1783 844 1811 et
859 1778 1064 1818 auctoritate,
1084 1778 1154 1810 ubi-

394 1843 457 1876 que
472 1833 618 1865 locornm
640 1832 791 1871 iudicari,
804 1832 931 1864 definiri
945 1837 975 1865 et
992 1832 1153 1875 interpre-

395 1886 454 1918 tari
471 1886 601 1924 debere3
621 1886 751 1918 irritum
763 1896 893 1928 qnoque
906 1890 936 1918 et
952 1885 1046 1918 inane
1061 1885 1153 1928 quid-

394 1939 473 1982 quid
500 1950 593 1972 secus
621 1950 719 1983 super
740 1940 789 1972 1115
806 1950 823 1972 a
840 1950 1019 1983 quoquam,
1042 1939 1154 1981 quavis

394 1993 599 2033 anctoritate,
622 1994 761 2026 scienter
781 1993 827 2026 vel
850 1993 1049 2035 ignoranter,
1073 2003 1152 2026 con-

396 2046 505 2088 tigerit
525 2047 687 2079 attentari.

439 2101 454 2141 §
474 2099 526 2133 5⁶2.
551 2100 593 2132 Ac
615 2100 805 2133 mandantes
821 2100 973 2133 omnibus
990 2105 1020 2132 et
1040 2100 1152 2142 singu-

362 2172 381 2184 a>
396 2154 432 2185 lis
453 2154 551 2186 totius
572 2154 679 2186 Status
701 2153 801 2187 nostri
824 2153 1038 2187 Ecclesiastici
1063 2165 1153 2197 prae-

395 2207 470 2239 dis-ti
492 2207 777 2249 gubernatoribus,
801 2207 1023 2250 potestatibus,
1051 2212 1079 2239 et
1097 2218 1151 2240 00-

395 2271 466 2292 rum
499 2260 767 2299 1001110110111111115,
801 2261 923 2303 legatis,
954 2260 1150 2303 vicelegatis,

394 2324 522 2347 necnon
535 2313 775 2347 venerabilibus
791 2314 1079 2346 11111111111511051115
1099 2325 1150 2346 ar-

394 2366 611 2411 chiepiscopis
631 2372 659 2399 et
677 2367 850 2410 episcopis,
873 2378 910 2399 ac
931 2367 1057 2400 dilectis
1077 2367 1151 2399 111115

394 2426 507 2449 00111111
529 2415 655 2448 vicariis
680 2416 712 2447 in
738 2415 962 2459 spiritualibus
988 2416 1150 2458 generali-

392 2465 464 2504 bus,
488 2469 516 2496 et
538 2464 665 2507 quoties
685 2475 782 2507 super
808 2465 868 2497 1100
895 2464 1015 2497 suerint
1036 2464 1148 2507 requi-

393 2513 456 2553 siti,
469 2513 654 2553 sententias,
671 2513 811 2552 decreta,
826 2518 956 2552 statuta,
970 2518 1147 2556 sequestra,

394 2562 554 2601 mandata,
584 2561 815 2594 executoriales
841 2562 973 2600 litteras,
1002 2561 1150 2594 remisso-

392 2612 498 2653 nates,
526 2611 694 2646 citationes
723 2616 754 2645 et
774 2610 835 2645 alia
864 2622 880 2643 a
907 2611 991 2645 dicta
1019 2610 1099 2644 Rota
1120 2616 1150 2645 et

1004 225 1185 250 BULLARIUM
1208 225 1361 250 ROMANUM

1201 277 1271 310 eius
1291 277 1495 311 auditoribus
1517 279 1697 311 emananda
1717 289 1775 322 pro
1796 285 1953 323 tempore,

1200 331 1353 364 omnibus
1375 330 1569 374 opportunis
1599 331 1749 364 remediis
1775 332 1956 366 executioni

1200 384 1389 417 demandari
1402 385 1520 417 faciant
1538 384 1670 418 realiter
1690 391 1808 418 etcum
1825 386 1954 425 effectu,

1200 443 1297 480 prout
1313 448 1394 482 opus
1413 438 1524 479 fuerit,
1543 443 1573 471 et
1589 438 1635 471 eis
1652 438 1860 472 commissum
1879 440 1956 473 exti-

1202 491 1285 524 terit.

1243 544 1258 587 g
1278 544 1331 578 53.
1356 545 1425 578 Non
1451 544 1654 577 obstantibus
1670 544 1956 578 constitutionibus

1199 603 1230 630 et
1245 598 1504 631 ordinationibus
1519 598 1714 642 apostolicis,
1737 609 1773 631 ac
1794 598 1890 631 etiam
1906 598 1955 632 di-

1973 223 2026 252 An.
2042 224 2072 251 C.
2089 224 2158 253 1589

1998 550 2109 571 clausulae
2119 550 2156 572 de·

1971 582 2102 607 ragnariae.

1199 657 1268 685 ctae
1289 652 1474 696 provinciae
1506 657 1537 685 et
1561 651 1750 685 huiusmodi
1772 651 1952 693 civitatum,
1996 669 2004 680 -·

1198 705 1408 749 oppidorum,
1437 712 1611 746 terrarum,
1639 711 1834 746 castrorum,
1865 705 1953 739 villa-

1198 769 1269 791 rum
1292 765 1321 792 et
1350 760 1510 799 locorum,
1538 759 1634 792 etiam
1660 759 1856 800 iuramento,
1879 769 1955 793 con-

1198 812 1381 845 firmatione
1403 813 1580 856 apostolica
1601 814 1649 845 vel
1670 812 1781 856 quavis
1800 812 1954 845 firmitate

1198 865 1260 897 alia
1276 865 1446 906 roboratis,
1464 866 1589 899 statutis
1606 872 1636 899 et
1652 866 1953 907 consuetudinibus,

1198 918 1334 961 legibus,
1363 919 1458 952 etiam
1490 918 1756 963 municipalibus,
1786 920 1898 953 usibus
1922 925 1953 952 et

1197 973 1341 1013 naturis;
1365 973 1540 1016 privilegiis
1551 983 1694 1016 quoque,
1710 972 1843 1005 indultis
1854 978 1885 1006 et
1904 973 1954 1005 lit-

1197 1026 1274 1058 teris
1284 1026 1481 1069 apostolicis,
1496 1027 1593 1059 etiam
1610 1026 1755 1059 eiusdem
1769 1026 1956 1069 provinciae

1197 1078 1391 1120 civitatibus,
1417 1080 1556 1124 oppidis,
1588 1079 1694 1120 terris,
1727 1079 1848 1120 castris,
1874 1079 1957 1113 villis

1197 1138 1229 1165 et
1248 1133 1340 1173 locis,
1360 1144 1541 1178 eorumque
1562 1133 1864 1174 communitatibus,
1885 1133 1957 1166 uni-

1195 1187 1413 1229 versitatibus,
1440 1187 1730 1228 iurisdictionibus,
1761 1187 1957 1230 gubernato-

1196 1240 1299 1281 ribus,
1323 1241 1546 1284 potestatibus,
1570 1241 1766 1274 officialibus
1788 1247 1822 1274 et
1840 1240 1956 1274 incolis

1196 1300 1227 1326 01
1248 1294 1406 1337 personis,
1425 1295 1484 1328 sub
1506 1295 1771 1338 quibuscumque
1788 1294 1956 1328 tenoribus

1196 1353 1228 1380 et
1248 1348 1371 1389 formis,
1395 1360 1432 1381 ac
1457 1359 1531 1381 cum
1553 1348 1720 1392 quibusvis
1741 1348 1895 1381 clausulis
1925 1353 1955 1381 et

1196 1401 1343 1441 decretis,
1366 1402 1396 1434 111
1418 1402 1618 1435 contrarium
1644 1402 1752 1435 forsan
1776 1402 1956 1445 quomodo-

1196 1453 1273 1487 libet
1298 1456 1469 1495 concessis,
1493 1455 1693 1488 confirmatis
1727 1461 1757 1488 et
1782 1455 1952 1496 innovatis,

1195 1509 1315 1553 quibus
1336 1510 1500 1550 omnibus,
1524 1509 1620 1543 etiam
1643 1509 1668 1542 si
1687 1509 1725 1542 de
1745 1509 1809 1542 illis
1825 1519 1956 1542 eorum-

1196 1574 1259 1606 que
1281 1563 1355 1596 totis
1379 1563 1547 1596 tenoribus
1568 1563 1729 1607 specialis,
1752 1562 1905 1606 specifica
1925 1568 1956 1595 et

1196 1627 1357 1659 expressa,
1381 1627 1445 1649 non
1467 1622 1575 1649 autem
1598 1627 1656 1660 per
1676 1616 1836 1649 clausulas
1856 1626 1954 1658 gene-

1196 1670 1278 1703 rales
1290 1670 1375 1702 idem
1389 1670 1612 1714 importantes,
1624 1669 1745 1703 mentio
1756 1680 1811 1702 seu
1824 1669 1955 1713 quaevis

1195 1723 1257 1755 alia
1279 1723 1441 1767 expressio
1462 1723 1501 1756 ad
1518 1724 1581 1757 hoc
1595 1724 1751 1757 servanda
1771 1723 1867 1765 soret,
1899 1734 1953 1757 eo-

1195 1788 1267 1809 rum
1288 1777 1435 1810 omnium
1453 1783 1485 1810 et
1505 1777 1707 1820 singulorum
1724 1783 1861 1817 tenores,
1875 1788 1912 1810 ac
1925 1777 1951 1810 si

1195 1831 1234 1863 de
1256 1831 1353 1864 verbo
1370 1832 1408 1863 ad
1427 1831 1560 1864 verbum
1578 1831 1839 1874 exprimerentur
1853 1836 1886 1863 et
1905 1831 1951 1863 in-

1194 1890 1392 1924 sererentur,
1418 1885 1642 1928 praesentibus
1666 1896 1726 1929 pro
1751 1884 1952 1918 sufficienter

1195 1939 1352 1982 expressis
1367 1944 1399 1971 et
1411 1939 1541 1972 insertis
1554 1939 1723 1978 habentes,
1740 1938 1802 1971 illis
1818 1938 1897 1971 alias
1918 1938 1950 1970 in

1194 2002 1252 2024 suo
1280 1992 1398 2025 robore
1418 1992 1652 2036 permansuris,
1683 1992 1743 2024 hac
1773 1991 1840 2025 vice
1860 1991 1951 2024 dum-

1195 2050 1292 2085 taxat,
1316 2045 1431 2078 barum
1446 2046 1528 2078 serie
1543 2046 1726 2089 specialiter
1745 2051 1775 2078 et
1791 2055 1950 2089 expresse,

1195 2104 1297 2138 motu,
1330 2098 1462 2131 scientia
1497 2105 1528 2131 et
1556 2099 1723 2142 potestatis
1748 2099 1949 2142 plenitudine

1194 2151 1338 2194 paribus,
1354 2152 1551 2195 derogamus
1567 2158 1597 2184 et
1617 2152 1807 2195 derogatum
1818 2162 1886 2185 esse
1899 2161 1950 2184 vo-

1193 2206 1313 2245 lumus,
1341 2206 1521 2249 ceterisque
1543 2206 1714 2240 contrariis
1739 2205 1950 2249 quibuscum-

1192 2270 1268 2302 que.

1237 2312 1322 2345 Nulli
1343 2323 1432 2355 ergo,
1456 2318 1514 2346 etc.

1237 2375 1350 2408 Datum
1379 2376 1499 2409 Romae
1526 2377 1613 2420 apud
1638 2377 1668 2409 S.
1690 2377 1832 2418 Petrum,
1863 2387 1948 2409 anno

1192 2434 1428 2467 incarnationis
1453 2435 1636 2468 dominicae
1664 2435 1836 2468 millesimo
1855 2434 1948 2478 quin—

1192 2493 1369 2536 gentesimo
1385 2493 1606 2535 octuagesimo
1620 2504 1718 2534 nono,
1736 2493 1843 2526 idibus
1860 2502 1946 2526 mar-

1193 2552 1241 2589 tii,
1264 2551 1472 2595 pontificatus
1492 2551 1592 2584 nostri
1618 2562 1703 2585 anno
1723 2561 1765 2584 iv.

1224 2614 1286 2644 Dat.
1304 2614 1350 2644 die
1368 2614 1404 2644 15
1420 2614 1518 2643 martii
1541 2614 1624 2652 1589,
1645 2613 1749 2653 pontif.
1772 2622 1849 2644 anno
1869 2621 1909 2643 iv.

1991 2307 2077 2329 sineno
2083 2314 2147 2336 poen.
