2226 3070
42 246 95 275 An.
111 247 138 275 C.
159 246 225 274 1588

240 298 375 339 vicariis,
414 299 614 339 officialibus,
653 298 813 331 indicibus
852 305 882 331 et
920 298 990 331 aliis

241 353 404 397 praefatis,
428 353 636 396 eiusdemque
657 353 688 385 S.
705 353 867 385 Romanae
884 353 990 385 Eccle-

241 406 305 439 siae
327 406 517 446 camerario,
544 417 581 439 ac
610 406 712 439 dictae
741 406 892 439 Camerae
921 406 991 438 the-

241 459 398 499 saurario,
422 458 558 499 clericis,
582 459 838 502 praesidentibus
855 464 885 491 et
905 469 992 492 com-

242 513 402 554 missario,
429 523 555 546 necnon
581 522 727 545 annonae
756 512 925 555 praefectis
955 524 992 547 ac

243 566 466 610 pedagiorum,
497 565 673 605 datiorum,
695 565 912 607 vectigalium,
935 577 991 607 ga-

243 620 413 659 bellarum,
435 618 653 661 angariarum,
676 618 920 658 bollctinorum,
935 620 990 652 de-

243 673 411 712 cimarum,
437 672 618 711 tallearum,
641 676 785 704 taxarum
802 677 833 704 et
852 672 990 705 aliorum

243 737 378 759 onerum
399 736 436 758 ac
452 724 669 758 subsidiorum
687 725 927 769 praedictorum
939 737 992 770 ap-

243 778 463 823 paltatoribus,
484 778 681 818 dohaneriis,
705 779 920 818 exactoribus,
935 780 991 812 da-

242 831 342 865 tiariis
362 843 398 865 ac
418 831 584 876 quibusvis
602 831 671 865 aliis
698 833 856 876 personis,
883 832 991 866 cuius-

241 896 382 929 cumque
412 890 523 925 status,
557 886 688 928 gradus,
715 885 849 926 ordinis,
878 886 991 919 condi-

242 939 338 973 tionis
364 946 392 973 ct
426 939 692 984 praeeminentiae
707 939 928 981 existentibus,
956 951 992 973 ae

241 1004 448 1038 quacumque
468 994 662 1027 auctoritate
683 999 713 1026 ct
738 998 897 1037 potestate
918 993 992 1026 sun-

240 1048 402 1092 gentibus,
426 1058 465 1080 nc
496 1057 779 1091 quorumcumque
809 1047 992 1091 privilegio-

242 1113 326 1143 rum,
352 1101 553 1135 indultorum
582 1107 613 1134 et
643 1101 826 1133 litterarum
861 1100 906 1134 eis
933 1101 992 1133 sub

242 1155 406 1200 quibusvis
426 1154 594 1188 tenoribus
626 1160 657 1187 et
684 1154 795 1188 formis
825 1165 993 1188 concesso-

241 1220 313 1242 rum
331 1214 364 1242 et
383 1208 678 1249 concedendorum,
699 1219 756 1241 scu
777 1209 872 1241 etiam
893 1219 994 1241 anno-

240 1273 300 1296 nae
319 1263 367 1295 vel
389 1262 617 1303 abundantiae,
636 1267 691 1295 aut
704 1261 992 1295 cuiusvisnecessi-

241 1316 322 1357 tatis,
350 1317 399 1349 vel
419 1317 531 1360 quovis
540 1317 603 1350 alio
620 1322 801 1360 praetextu,
820 1317 993 1360 collegium

240 1369 353 1403 Montis
372 1370 444 1409 Alii,
463 1370 614 1413 illiusque
630 1375 802 1411 rectorem,
816 1371 991 1411 scholares,

241 1425 437 1468 capellanos,
463 1435 678 1464 oeconomos,
699 1424 874 1465 officiales,
898 1424 990 1457 mini-

241 1483 322 1511 stros
347 1483 377 1511 et
397 1488 550 1521 personas
579 1477 777 1518 huiusmodi,
803 1489 859 1511 seu
880 1489 993 1511 eorum

241 1531 395 1575 aliquem,
422 1542 520 1575 super
540 1531 725 1576 praemissis
749 1532 990 1575 quomodolibet

243 1585 425 1627 molestare,
451 1585 644 1629 perturbare
665 1586 713 1618 vel
733 1585 917 1630 inquietare
935 1597 993 1619 au-

241 1639 338 1672 deant
353 1650 409 1672 seu
430 1645 650 1683 praesumant.

285 1691 373 1735 31⁶2.
403 1693 440 1725 Ut
460 1698 568 1725 autem
594 1692 695 1736 ipsius
724 1692 853 1735 collegii
882 1692 995 1725 Montis

80 1753 226 1790 paterini-esu
242 1745 304 1778 Alti
324 1746 411 1778 bono
431 1745 593 1789 regimini,
619 1745 777 1788 gubernio
803 1752 834 1779 et
862 1757 993 1779 conser-

41 1786 226 1842 &3333ssssss-
243 1799 363 1832 vationi
392 1805 576 1843 opportune
606 1800 808 1841 consulatur,
836 1801 992 1834 dilectum

41 1846 226 1868 ⁶⁵⁰⁸¹0mde⁵¹⁰¹b
241 1853 342 1886 tilium
361 1859 512 1886 nostrum
534 1853 751 1886 Alexandrum
772 1854 804 1887 S.
828 1854 993 1888 Eustachii

42 1881 63 1899 te
78 1878 132 1902 Ano,
149 1881 170 1899 et
193 1881 226 1899 ost

41 1916 95 1934 ²⁰¹¹·-
117 1885 224 1930 fllinmpde
240 1907 412 1940 diaconum
432 1907 630 1941 cardinalem
653 1907 692 1941 de
706 1907 811 1941 Monte
827 1908 898 1941 Alto
913 1919 993 1941 nun-

41 1944 225 1998 igjuiinpaiiiitneiii,
239 1966 404 2005 Gupahlssh
431 1972 467 1994 CX
488 1972 599 1995 SOPOFC
624 1972 779 2004 gffl'lssff‘lllss
812 1963 992 1996 secundum

62 2004 202 2031 antiquiorem

41 2035 98 2055 md,
122 2040 146 2054 ρ,
168 2041 223 2061 ω,
239 2025 369 2048 carnem
390 2020 603 2059 pronepotem
624 2020 771 2049 nostruin
787 2042 794 2056 ,
817 2021 847 2049 et
867 2027 905 2049 eo
930 2018 993 2050 vita

42 2065 223 2087 '5¹¹⁰⁶³’¹³‘⁰¹¹³¹”·
240 2069 362 2109 functo,
384 2069 484 2102 alium
506 2069 649 2102 eiusdem
671 2069 703 2103 S.
724 2069 760 2102 R.
784 2069 820 2103 E.
843 2070 991 2103 cardina-

43 2097 76 2117 vel
111 2098 128 2117 si
154 2097 223 2118 nullus

42 2128 112 2154 tuerit
159 2129 223 2150 anum
239 2123 302 2155 lem
322 2133 359 2155 ex
379 2128 489 2156 nostra
509 2123 629 2156 familia
646 2128 674 2156 et
697 2124 876 2167 parentela,
896 2125 943 2157 vel
960 2125 992 2158 in

42 2160 99 2179 eard.
116 2166 126 2179 a
150 2160 223 2181 colle—

42 2192 86 2217 m,
111 2176 309 2212 „omium-cius
328 2177 502 2217 desectum,
536 2188 572 2210 ex
601 2177 686 2211 dicta
718 2177 884 2222 provincia
913 2179 992 2212 Mar-

41 2222 223 2274 {lssffm‘JJn-''u'w
240 2230 331 2264 chiae
352 2231 570 2265 Anconitanae
587 2232 762 2264 oriundum
774 2232 991 2275 antiquiorem

240 2284 451 2325 cardinalem,
474 2296 530 2318 seu
548 2285 573 2317 si
595 2285 705 2318 nullus
722 2286 830 2327 suerit,
842 2286 941 2319 alium
955 2298 991 2320 ex

240 2337 384 2371 eiusdem
417 2338 448 2371 S.
482 2338 518 2371 R.
556 2339 590 2372 E.
622 2338 840 2372 cardinalibus
855 2366 862 2380 ,
894 2351 991 2384 quem

240 2397 349 2425 rector
368 2397 399 2425 ct
429 2392 594 2426 scholares
620 2392 768 2437 praefati,
799 2402 856 2426 seu
877 2404 990 2427 eorum

240 2440 343 2474 maior
354 2452 440 2484 pars,
454 2441 607 2475 duxerint
627 2442 812 2485 eligendum
823 2469 830 2482 ,
846 2442 990 2475 eiusdem

240 2490 367 2533 collegii
388 2491 501 2524 Montis
521 2491 583 2524 Alii
599 2492 751 2536 illiusque
764 2502 990 2535 personarum,

240 2550 364 2581 rerum,
386 2541 558 2581 honorum,
574 2540 694 2574 iurium
707 2546 737 2575 et
748 2541 990 2585 privilegiorum

241 2594 468 2631 protectorem,
479 2589 680 2623 defensorem
693 2595 723 2624 et
734 2595 990 2624 conservatorem

240 2648 277 2671 ac
301 2637 441 2672 iudicem
466 2638 679 2681 ordinarium,
703 2639 795 2674 cuius
815 2640 949 2674 consilio
962 2646 992 2674 et

895 245 998 269 swrus
1017 246 1036 269 V
1056 246 1103 270 1²1³.

1697 237 1739 269 53

1033 309 1093 342 ope
1108 300 1215 331 onmia
1237 300 1422 342 stqnadirta
1440 306 1465 332 et
1485 311 1708 343 quaecumque
1721 301 1782 333 alia

1034 352 1064 383 in
1088 352 1124 384 iis
1144 358 1174 384 et
1194 352 1279 385 circa
1297 365 1333 384 ea
1354 353 1533 385 necessaria
1555 358 1581 385 et
1600 360 1783 396 oppijntnna

1034 410 1217 438 statuantur
1237 412 1267 439 et
1287 406 1494 446 ordinentur,
1518 406 1743 439 constituimus
1754 412 1784 440 et

1034 459 1240 502 deputamus.

1078 513 1092 554 ξ
1117 512 1169 545 13.
1197 513 1328 546 Necnon
1354 512 1535 546 Alexandro
1557 512 1727 552 cardinali,
1748 524 1785 546 ac

1035 576 1092 608 pro
1114 571 1258 609 tempore
1283 567 1428 600 existenti
1460 566 1634 610 protectori
1658 567 1785 609 collegii

1034 619 1148 652 Montis
1173 620 1232 652 Alti
1256 620 1455 660 huiusmodi,
1488 620 1575 653 illius
1611 626 1783 660 rectorem,

1034 673 1231 715 capellanos,
1254 684 1468 714 oeconomos,
1496 674 1668 714 officiales,
1691 675 1786 707 advo-

1035 730 1134 766 catos,
1162 733 1388 769 procuratores
1413 734 1603 772 ceterosque
1623 728 1787 761 ministros

1034 778 1213 822 deputandi
1235 785 1265 813 et
1284 782 1466 822 amovendi,
1490 794 1527 815 ac
1546 782 1618 816 loco
1639 792 1787 816 amoven-

1035 832 1149 865 dorum
1176 833 1255 866 alios
1281 835 1473 868 sufficiendi.

1079 886 1094 928 ξ
1120 885 1173 918 Μ.
1200 887 1333 920 Necnon
1363 899 1589 932 quaecumque.
1618 895 1737 923 statuta
1758 896 1788 923 et

1035 939 1267 980 ordinationes,
1290 940 1433 985 capitula
1451 947 1479 974 et
1502 943 1630 975 decreta
1651 943 1787 977 adeius-

1035 993 1107 1025 dem
1129 994 1259 1037 collegii
1277 995 1392 1028 Montis
1413 996 1488 1036 Alli,
1506 996 1655 1040 illiusque
1676 1009 1787 1041 perso-

1035 1057 1163 1088 narum,
1191 1059 1300 1081 rerum
1327 1055 1359 1082 et
1387 1050 1548 1083 bonorum
1571 1050 1787 1095 spiritualium

1036 1107 1062 1134 et
1087 1103 1314 1146 temporalium
1337 1114 1462 1144 curam,
1484 1105 1641 1148 regimen,
1668 1106 1787 1148 guber-

1036 1154 1138 1195 nium,
1167 1156 1381 1190 directionem
1403 1163 1434 1190 et
1459 1157 1786 1200 administrationem,

1035 1220 1072 1241 ac
1085 1209 1283 1243 scholarium
1295 1211 1539 1254 praedictorum
1553 1213 1786 1257 receptionem,

1036 1262 1278 1305 admissionem,
1297 1270 1445 1306 aetatem,
1457 1266 1641 1309 qualitates,
1655 1267 1787 1307 victum,

1036 1316 1203 1357 amictum,
1236 1317 1497 1359 instructionem,
1525 1320 1729 1364 disciplinam
1759 1328 1789 1354 et

1036 1371 1134 1403 studii
1155 1372 1510 1415 cursumpertinentia,
1529 1373 1615 1406 licita
1637 1380 1744 1408 tamen
1758 1381 1790 1408 et

1036 1424 1170 1457 honesta
1190 1436 1227 1458 ac
1252 1426 1351 1458 sacris
1372 1427 1552 1460 canonibus
1574 1434 1605 1461 et
1625 1428 1790 1462 dicticon-

1037 1478 1100 1510 eilii
1119 1479 1257 1512 decretis
1278 1490 1343 1513 non
1364 1481 1538 1521 contraria,
1562 1492 1644 1524 quae
1665 1493 1702 1515 co
1719 1482 1789 1527 ipso

1036 1532 1214 1575 apostoliea
1223 1533 1415 1567 auctoritate
1426 1534 1591 1578 praedieta
1600 1535 1789 1569 confirmata

1037 1590 1067 1617 et
1087 1586 1265 1628 approbata
1286 1587 1349 1619 sint
1362 1592 1389 1620 et
1405 1598 1473 1620 csse
1491 1594 1696 1628 censeantur,
1711 1590 1789 1622 etab

1037 1639 1187 1672 omnibus
1208 1640 1247 1672 ad
1268 1651 1350 1684 quos
1371 1652 1429 1684 pro
1450 1646 1597 1686 tempore
1617 1642 1787 1686 spectabit,

1036 1692 1132 1725 etiam
1154 1694 1213 1726 sub
1235 1694 1346 1737 poenis
1371 1694 1403 1727 in
1425 1695 1705 1729 contravenientes
1729 1702 1788 1730 sta—

1037 1746 1176 1787 tuendis,
1212 1747 1374 1781 observari
1409 1748 1556 1789 dcimam,
1586 1749 1723 1782 faciendi
1758 1757 1786 1783 et

1036 1800 1172 1841 edendi,
1204 1812 1240 1833 ac
1270 1801 1340 1841 illa,
1370 1802 1498 1845 quoties
1527 1792 1587 1846 pro
1614 1814 1728 1836 eorum
1758 1810 1786 1837 et

1037 1859 1219 1898 temporum
1245 1855 1399 1899 qualitate
1427 1867 1483 1889 seu
1514 1856 1592 1889 alias
1616 1857 1789 1900 expediens

1035 1908 1207 1949 videbitur,
1235 1909 1441 1950 imrnntaiuli,
1469 1910 1663 1954 corrigendi,
1680 1912 1789 1944 mode—

1035 1962 1139 2003 randi,
1161 1964 1358 1997 reformandi
1377 1970 1405 1997 et
1425 1964 1520 1997 etiam
1537 1965 1598 1998 alia
1614 1977 1650 1999 ex
1663 1966 1788 2009 integro

1036 2017 1209 2050 condendi.

1079 2073 1093 2114 ξ
1119 2071 1172 2104 15.
1201 2071 1383 2115 Omnesque
1404 2077 1434 2105 et
1455 2072 1596 2116 singulas
1616 2073 1697 2114 lites,
1715 2084 1788 2107 cau-
1830 2081 1887 2118 Lites
1902 2083 1920 2119 ‹t-
1940 2083 1986 2103 00¹-

1035 2135 1084 2157 sas
1104 2130 1136 2158 et
1160 2124 1372 2166 differentias,
1396 2132 1459 2158 tam
1481 2126 1590 2160 civiles
1609 2138 1704 2171 quam
1727 2128 1788 2161 cri-
1802 2114 1987 2173 {ffiffiaffiiffiff

1035 2177 1170 2211 minalcs
1180 2190 1216 2211 ae.
1238 2179 1363 2220 mixtas,
1377 2180 1501 2213 dictum
1515 2181 1687 2224 collegium
1702 2182 1788 2215 lllon-
1802 2182 1829 2196 ¹¹⁸
1850 2182 1985 2198 “⁰⁰⁰⁸‘nen‘

1802 2210 1845 2234 tes,
1861 2212 1902 2229 lam
1918 2210 1986 2229 active

1036 2233 1075 2265 tis
1098 2233 1173 2274 Atti,
1197 2233 1349 2277 illiusque
1374 2245 1436 2274 res,
1459 2234 1542 2268 bona
1574 2241 1604 2269 ct
1633 2247 1787 2279 personas
1803 2245 1863 2274 ‘mam
1892 2242 1984 2266 amin?-

1802 2274 1864 2291 enam
1880 2274 1953 2292 eontra
1961 2278 1986 2291 a-

1035 2287 1279 2330 ‹piomodolibct
1310 2295 1554 2330 concernentes,
1588 2295 1650 2323 tam
1685 2290 1828 2336 activein
1852 2302 1942 2328 :naga
1965 2306 1986 2337 {a

1034 2351 1130 2384 quam
1152 2341 1286 2385 passive,
1314 2342 1409 2375 etiarn
1436 2349 1547 2376 contra
1568 2344 1629 2376 alia
1650 2344 1786 2387 collegia
1801 2334 1984 2392 {1}J,‚¹.⁴{,⁰g“,„¹{,¹f,ff¹c⁵

1034 2400 1065 2427 et
1087 2395 1137 2438 pia
1159 2395 1240 2435 loca,
1263 2395 1361 2428 etiam
1382 2407 1485 2440 aeque
1504 2397 1553 2430 vel
1574 2397 1674 2441 magis
1687 2398 1784 2442 privi-
1800 2397 1952 2422 ⁰⁰g¹¹⁰⁸⁰0¹¹⁶l

1034 2444 1163 2486 legiata,
1186 2455 1366 2489 eorumque
1386 2457 1448 2487 res,
1471 2447 1555 2479 bona
1572 2451 1603 2479 et
1618 2457 1783 2490 personas,

1034 2493 1081 2525 vel
1103 2504 1119 2525 e
1140 2504 1295 2527 converso
1315 2505 1350 2527 ae
1372 2496 1458 2528 ultro
1479 2496 1625 2539 citroque
1645 2497 1684 2528 ad
1705 2496 1784 2528 invi-

1035 2553 1103 2575 cem
1125 2543 1173 2575 vel
1190 2543 1268 2575 alias
1288 2544 1535 2587 quomodolibet
1553 2551 1655 2578 motas
1669 2550 1701 2577 et
1720 2556 1785 2577 mo-

1033 2591 1163 2631 vendas,
1191 2602 1228 2625 ac
1258 2592 1354 2625 etiam
1383 2604 1442 2637 per
1461 2593 1726 2638 appellationem,
1754 2599 1785 2627 et

1034 2640 1065 2673 in
1085 2652 1291 2686 quacumque
1310 2642 1475 2685 instantia,
1498 2653 1606 2676 coram
1618 2642 1784 2687 quibusvis

1797 246 1849 274 An.
1868 248 1896 275 C.
1913 248 1979 275 1588

1853 527 1985 547 protectoris

1800 558 1887 579 tacunas
1908 558 1985 578 offic-ia-

1801 590 1833 611 tes
1848 591 1970 616 deputandi.

1829 893 1909 913 Statum
1933 899 1985 913 von-

1803 924 1872 945 dendi.
