2226 3070
297 277 344 304 An.
362 279 390 304 C.
413 278 473 305 159t

331 550 438 575 Ewmptw
452 550 479 569 al»

298 577 420 596 ordinat-mr.
445 577 479 595 ‹Iv-

297 603 409 628 1wnnlculla
425 603 479 622 iuxta

299 630 385 649 Consilii
397 629 479 649 Trnlcn.

298 659 354 676 torm:
357 663 389 675 ιιιιι

523 269 586 302 48ss

495 328 630 365 lcbrarc,
646 340 681 361 ac
700 328 910 361 ecclesiastica
932 333 1130 360 sacramenta
1152 327 1230 360 reci-

494 392 570 424 pere
579 381 677 414 libere
688 388 717 414 et
728 381 811 414 licite
823 380 942 424 possint
952 387 982 413 et.
993 380 1115 413 valeant
1125 391 1231 424 respe-

495 434 585 472 ctive,
610 435 703 467 etiam
734 433 938 467 concedimus
965 439 995 466 et
1015 433 1226 475 indulgemus.

539 490 553 531 g*
576 488 627 520 38.
651 489 817 531 lpsamque
835 486 1119 529 Congregationem
1140 486 1230 520 Mini-

496 541 697 574 nistrantium
718 540 870 578 lufirmis,
898 546 927 573 et
955 539 1118 573 universos
1148 539 1231 572 illius

494 595 596 627 socios
608 600 635 626 et
648 605 799 637 personas
811 594 961 636 singulas,
977 605 1012 627 ac
1026 605 1137 627 eorum
1148 594 1231 629 bona

496 655 522 681 et
544 659 593 681 res
614 659 831 692 quascumque
844 648 882 681 ab
896 649 982 681 omni
994 649 1228 692 superioritate,

497 702 735 742 iurisdictione,
769 703 966 736 correctione
996 709 1022 736 et
1056 704 1231 738 visitatione

495 766 773 799 quorumcumque
811 757 956 789 locorum
990 757 1230 790 Ordinariorum

495 814 522 840 ct
541 808 777 852 episcoporum,
800 810 885 842 salva
904 816 1010 843 tamen
1029 811 1230 844 decretorum

495 861 570 894 dicti
591 862 720 895 Concilii
747 863 974 907 dispositione,
1007 864 1173 897 eximimus
1203 870 1233 898 et

447 930 450 933 ·
497 915 622 958 penitus
643 916 825 950 liberamus.

370 1028 480 1051 l'mulcgm

297 1055 387 1075 ninnium
420 1058 480 1077 (tnti-

296 1087 343 1101 num
367 1087 479 1109 cetimum,-

297 1114 336 1135 cat,

340 1837 481 1863 ludulgentms

299 1866 364 1885 all-lit.

540 968 623 1012 §aa
652 970 782 1003 Necnon
811 971 976 1015 privilegia
1006 972 1228 1015 indulgentias,

496 1023 741 1066 praerogativas,
759 1024 986 1068 exemptiones,
1003 1025 1228 1063 immunitates,

495 1076 612 1117 gratias
633 1082 663 1109 et
683 1077 816 1118 indulta,
840 1078 1006 1111 monacbis
1027 1084 1056 1111 et
1084 1079 1232 1112 tratribus

496 1140 531 1161 ac
559 1129 723 1163 Societatis
751 1131 820 1164 Iesu
845 1137 873 1164 et
909 1132 1070 1165 canonicis
1099 1132 1232 1176 aliisque

495 1184 639 1227 personis
658 1185 859 1228 supradictis,
884 1191 946 1219 tam
969 1185 999 1218 in
1015 1186 1232 1230 spiritualibus

496 1249 592 1281 quam
621 1238 652 1271 in
682 1239 930 1283 temporalibus,
965 1246 1028 1273 tam
1059 1240 1090 1272 in
1126 1241 1231 1284 specie

495 1303 591 1335 quam
613 1292 642 1325 in
669 1304 795 1335 genere,
826 1294 921 1326 etiam
952 1294 1227 1335 communicative,

495 1356 656 1385 concessa,
682 1352 713 1380 ut
746 1348 934 1390 praefertur,
966 1349 1005 1381 ad
1036 1349 1230 1392 praefectum

495 1400 688 1441 generalem,
713 1401 807 1433 etiam
837 1412 895 1445 pro
924 1408 1068 1446 tempore
1098 1402 1232 1435 existen-

497 1459 571 1493 tem,
587 1453 729 1497 aliosque
741 1455 843 1488 socios
863 1461 891 1488 et
911 1455 1005 1489 etiam
1024 1456 1232 1500 particulares

496 1508 751 1550 congregationis
778 1509 961 1542 huiusmodi
989 1510 1231 1543 Ministrantium

496 1560 633 1594 Inlirmis
658 1568 813 1606 perpetuo
834 1563 1032 1596 extendimus
1049 1569 1077 1596 et
1099 1564 1232 1608 amplia-

497 1625 577 1654 mus,
602 1615 689 1648 acin
720 1615 764 1649 eis
793 1617 898 1649 locum
928 1617 1046 1650 habere
1082 1622 1111 1650 et
1140 1629 1232 1650 suum

496 1668 674 1711 plenarium
696 1669 843 1702 effectum
865 1670 970 1703 sortiri
991 1671 1107 1704 debere
1124 1672 1233 1705 decer-

497 1722 602 1755 nimus
622 1729 650 1756 et
672 1724 880 1757 declaramus.

542 1779 558 1819 ξ
580 1777 632 1810 ΛΟ.
654 1778 689 1811 Et
711 1778 842 1822 insuper
867 1778 1048 1812 animarum
1078 1780 1234 1823 profectui

497 1830 663 1874 providere
684 1831 835 1869 volentes,
859 1832 897 1865 de
926 1832 1153 1875 omnipotentis
1181 1833 1234 1865 Dei

499 1883 716 1917 misericordia
737 1895 773 1917 ac
793 1885 960 1917 beatorum
980 1885 1063 1918 Petri
1092 1891 1122 1918 ct
1148 1885 1235 1918 Pauli

497 1939 714 1981 apostolorum
725 1939 798 1972 Eius
808 1939 994 1972 auctoritate
1004 1939 1236 1979 contisi,omni-

498 1992 555 2024 bus
569 1997 598 2024 et
615 1992 747 2033 singulis
761 1992 1019 2026 christifidelibus
1039 2004 1112 2025 vere.
1126 1993 1235 2036 poeni-

499 2045 635 2078 tentibus
649 2052 677 2079 et
693 2046 843 2079 confessis
859 2057 893 2079 ac
906 2057 995 2079 sacra
1005 2046 1236 2080 Communione

498 2099 632 2137 resectis,
656 2099 709 2143 qui
729 2100 845 2132 dictam
868 2099 1149 2142 congregationem
1178 2110 1236 2143 pro

499 2159 642 2196 tempore
663 2153 894 2196 ingredientur,
918 2153 968 2186 die
989 2153 1083 2197 primi
1108 2153 1235 2186 illorum

500 2206 658 2248 ingressus
693 2213 721 2239 et
760 2207 950 2251 receptionis
986 2218 1021 2239 ac
1060 2206 1237 2239 emissionis

499 2261 714 2304 protes—sionis,
738 2272 874 2299 necnon,
899 2261 952 2305 qui
970 2261 1116 2294 similiter
1127 2261 1237 2304 poeni-

501 2319 599 2347 tentes
620 2320 649 2347 et
670 2315 824 2355 confessi,
856 2315 881 2348 si
914 2315 945 2348 id
974 2315 1143 2348 commode
1168 2314 1236 2347 ticri

500 2367 626 2411 poterit,
651 2379 685 2401 ac
704 2368 787 2401 dicta
807 2368 1038 2401 Connnunione
1060 2367 1179 2407 resecti,
1205 2367 1236 2400 in

501 2422 584 2454 dicta
605 2422 850 2464 congregatione
871 2433 928 2466 pro
953 2428 1098 2465 tempore
1127 2422 1236 2455 deces-

500 2474 608 2513 serint,
633 2475 663 2507 in
686 2486 796 2507 eorum
824 2475 935 2508 mortis
965 2475 1110 2516 articulo,
1145 2486 1237 2519 prae-

500 2529 608 2563 sertim
630 2528 660 2561 in
682 2529 818 2572 proximi
838 2529 1091 2569 suln'entionem,
1115 2529 1237 2562 ratione

501 2582 597 2626 pestis
627 2593 682 2615 seu
712 2582 941 2626 cuiuscumque
972 2583 1102 2615 alterius
1132 2582 1236 2615 morbi

502 2636 687 2679 contagiosi,
712 2636 741 2668 in
763 2637 864 2668 torma
885 2636 1014 2669 Iubilaei
1038 2636 1111 2668 anni
1138 2635 1236 2668 sancti

502 2692 621 2727 Romae
642 2689 774 2724 concedi
795 2689 889 2730 soliti,
914 2700 1039 2724 necnon
1058 2689 1153 2723 etiam
1165 2700 1238 2723 vere

1071 279 1252 303 BULLARIUM
1272 278 1424 303 ROMANUM

1265 326 1502 369 poenitentibus
1523 332 1553 359 et
1573 327 1724 359 confessis
1743 338 1780 360 ac
1796 327 2001 361 Sanctissimo

1265 380 1480 414 Eucharistiae
1497 380 1702 427 Sacramento
1722 381 1859 421 refectis,
1882 381 1913 414 in
1931 381 2001 425 pio-

1265 445 1336 467 rum
1357 445 1492 478 opcrum
1514 434 1751 467 misericordiae
1780 439 1811 467 et
1840 435 2002 468 charitatis

1266 487 1415 520 exercitio
1444 487 1748 531 perserverantibus,
1776 487 1908 530 singulis
1938 488 2003 532 pri-

1266 541 1325 574 mis
1346 541 1457 574 diebus
1475 540 1644 574 dominiciS
1675 541 1844 574 cuiuslibet
1872 541 2000 581 mensis,

1265 595 1442 639 plenariam
1468 595 1611 628 omnium
1640 600 1845 638 peccatorum
1871 605 2003 628 suorum

1266 648 1497 691 indulgentiam
1519 654 1547 681 et
1575 647 1797 681 remissionem
1822 647 2003 682 misericor-

1266 701 1347 735 diter
1358 702 1389 734 in
1402 702 1538 735 Domino
1552 701 1759 735 concedimus
1771 707 1801 734 et
1815 701 2000 743 elargimur.

1266 757 1309 789 Ac
1329 756 1448 789 eisdem
1469 755 1563 789 sociis
1583 761 1614 789 et
1632 755 1788 797 religiosis
1808 755 1910 789 dictae
1930 766 2005 789 con-

1266 809 1459 852 gregationis
1479 815 1509 842 et
1529 809 1561 842 in
1582 820 1618 842 ea
1637 808 1831 851 aggregatis,
1851 815 1886 843 ut
1909 809 2004 842 etiam

1267 863 1427 903 omnibus,
1448 869 1482 896 ut
1498 864 1688 906 praefertur,
1705 868 1735 895 et
1747 862 1880 905 singulis
1898 863 2004 896 indul-

1266 916 1390 958 gentiis,
1414 916 1530 960 quibus
1549 916 1676 960 ipsimet
1694 915 1834 958 religiosi
1852 917 2001 959 gaudent,

1267 976 1297 1003 et
1314 980 1368 1003 cos
1384 970 1524 1012 gaudere
1535 980 1571 1002 ac
1582 969 1678 1013 potiri
1691 969 1849 1009 volumus,
1864 969 2004 1012 quoties-

1267 1035 1404 1068 cumque
1422 1023 1557 1056 infirmis
1572 1028 1699 1067 praesto
1721 1022 1839 1056 suerint
1851 1050 1858 1063 ,
1875 1034 1911 1056 ac
1934 1023 2005 1057 illos

1267 1083 1362 1111 noctu
1369 1077 1562 1110 visitaverint
1574 1082 1604 1110 et
1617 1076 1806 1117 curaverint,
1827 1087 2005 1121 eorumque

1268 1133 1364 1165 lectos
1384 1132 1541 1172 faciendo,
1565 1142 1601 1164 ac
1615 1131 1677 1164 illis
1690 1131 2003 1165 admanducandum

1266 1185 1460 1229 porrigendo
1481 1191 1511 1218 et
1531 1184 1725 1223 auxiliando,
1748 1195 1785 1217 ac
1805 1184 2005 1228 disponendo

1266 1239 1304 1271 ad
1325 1239 1406 1271 bene
1426 1238 1641 1275 moriendum,
1664 1243 1695 1271 et
1713 1237 1796 1270 viam
1824 1237 1934 1271 salutis
1968 1249 2006 1271 ac

1267 1293 1444 1326 doctrinam
1466 1292 1671 1326 christianam
1692 1292 1763 1326 illos
1783 1292 1940 1333 docendo,
1969 1303 2006 1326 ac

1267 1346 1404 1390 denique
1422 1346 1530 1379 omnia
1550 1346 1654 1379 officia
1674 1345 1848 1385 charitatis,
1872 1346 1920 1379 vel
1940 1345 2004 1390 spi-

1266 1399 1392 1433 ritualia
1412 1400 1459 1432 vel
1489 1399 1680 1443 corporalia,
1703 1410 1786 1443 quae
1813 1399 1854 1432 ad
1882 1399 2006 1432 anima-

1267 1464 1337 1486 rum
1352 1453 1608 1486 aedificationem
1626 1452 1796 1496 pertinent,
1814 1454 2003 1494 exercendo,

1267 1514 1294 1541 et
1309 1513 1508 1541 sacramenta
1519 1507 2003 1548 ecclesiasticaadministrando,

1268 1567 1436 1605 ceteraque
1456 1561 1572 1595 similia
1591 1560 1818 1605 praestiterint,
1841 1571 1902 1604 pro
1925 1571 2006 1605 quo-

1268 1615 1342 1648 libet
1361 1615 1612 1659 praemissorum
1630 1614 1758 1659 piorum
1773 1624 1919 1658 operum,
1933 1625 2007 1648 nec-

1268 1680 1332 1703 non
1358 1670 1507 1703 omnibus
1537 1675 1567 1702 et
1594 1668 1726 1711 singulis
1755 1667 1946 1702 officialibus
1977 1674 2008 1702 et

1269 1722 1421 1755 ministris
1439 1733 1475 1756 ac
1494 1722 1563 1755 aliis
1582 1721 1728 1766 personis
1749 1722 1852 1756 dictae
1871 1732 2007 1765 congre-

1269 1776 1404 1819 gationis
1425 1776 1465 1809 ol)
1486 1776 1706 1809 infirmitatem
1726 1776 1775 1808 vel
1785 1781 1918 1820 propter
1929 1776 2007 1809 obe-

1270 1830 1420 1863 dientiam
1442 1841 1497 1862 seu
1517 1829 1579 1862 alia
1598 1829 1637 1862 de
1668 1840 1763 1862 causa
1784 1829 1872 1862 domi
1901 1839 2007 1863 rema-

1270 1883 1429 1923 nentibus,
1453 1883 1477 1916 si
1498 1882 1669 1926 quinquies
1688 1881 1871 1916 Orationem
1900 1883 2008 1916 Domi-

1271 1938 1386 1977 nicam,
1411 1943 1441 1970 et
1461 1937 1552 1970 toties
1572 1936 1802 1970 Salutationem
1822 1936 2006 1979 Angelicam

1271 1992 1381 2024 devote
1402 1990 1614 2030 recitaverint,
1638 1989 1733 2023 etiam
1771 1989 1882 2032 viginti
1908 2000 2008 2024 annos

1271 2050 1299 2078 et
1323 2044 1453 2077 totidem
1474 2044 1694 2087 quadragenas
1715 2043 1754 2076 de
1785 2042 1830 2076 eis
1858 2042 2008 2077 iniunctis

1271 2104 1299 2131 et
1318 2098 1394 2131 alias
1414 2097 1658 2141 quomodolibet
1677 2096 1790 2130 debitis
1805 2096 2009 2140 poenitentiis

1271 2152 1520 2186 misericorditer
1539 2152 1571 2184 in
1590 2151 1727 2185 Domino
1746 2151 1936 2184 relaxamus.
1963 2152 2009 2184 Ac

1271 2207 1355 2250 quod
1387 2216 1497 2239 omnes
1528 2211 1557 2238 et
1585 2204 1700 2247 singuli
1726 2204 1894 2248 utriusque
1916 2214 2009 2237 sexus

1271 2260 1491 2293 benefactores
1508 2259 1601 2292 liuius
1613 2257 1871 2301 congregationis
1887 2257 2009 2302 possint

1272 2324 1338 2346 esse
1359 2313 1530 2357 participes
1551 2312 1695 2345 omnium
1716 2322 1851 2355 operum
1871 2311 2006 2344 merito-

1272 2367 1405 2405 riorum,
1429 2377 1510 2410 quae
1523 2366 1554 2399 in
1567 2365 1813 2409 congregatione
1825 2364 2010 2398 huiusmodi

1272 2432 1329 2464 pro
1351 2427 1495 2464 tempore
1514 2420 1601 2459 fient,
1626 2419 1721 2452 etiam
1743 2417 1949 2452 concedimus
1979 2423 2011 2452 et

1272 2475 1486 2516 indulgemus.

1316 2530 1332 2570 ξ
1354 2528 1406 2561 41.
1430 2529 1641 2561 Decernentes
1671 2527 1799 2560 easdem
1827 2530 2009 2570 praesentes

1272 2582 1392 2614 litteras
1412 2581 1470 2614 sub
1491 2581 1748 2624 quibuscumque
1777 2579 1929 2612 similium
1960 2579 2009 2611 vel

1273 2634 1476 2668 dissimilium
1497 2633 1768 2675 indulgentiarum
1796 2633 1844 2666 vel
1872 2631 2007 2665 aliarum

1272 2688 1448 2732 gratiarum
1456 2686 1722 2727 revocationibus,
1735 2684 2006 2731 suspensionibus,

2013 278 2061 305 An.
2080 278 2109 305 C.
2130 278 2194 306 1591

2041 2528 2139 2558 Clansula
2148 2532 2208 2554 prae-

2023 2557 2136 2577 servativa.
