2226 3070
249 289 296 316 An.
314 289 342 316 C.
364 289 428 317 ¹592

475 279 539 313 646

492 339 508 380 ξ
529 336 560 370 3
581 338 670 371 Hanc
690 344 797 371 autem
818 338 903 382 piam
931 338 1109 370 mationem
1131 347 1189 370 nos

292 400 348 420 Haec
365 399 456 423 orauoi
448 391 507 434 ipsi
528 391 670 434 piimum
691 391 723 424 in
740 396 848 424 nostio
866 390 1042 434 apostolico
1056 390 1186 434 palatio,

249 428 342 447 minatur
358 427 377 446 in
397 431 432 450 pa·

247 455 275 474 tat
279 459 297 473 io
316 455 387 498 apost
387 452 426 472 »rili

250 486 268 499 ιη
284 485 372 504 prium
382 478 431 498 =i-m

248 508 280 527 ni·
284 513 294 526 a
307 505 346 526 Ad
341 479 386 525 wit
389 511 410 525 us

301 983 430 1007 lndulcsntia

248 1015 285 1035 pro
295 1008 409 1030 ominbus.

427 445 545 488 piim
536 456 553 477 1
567 444 727 477 dominica
748 444 829 477 sami
847 444 1007 476 Adventus
1027 450 1097 486 post
1116 443 1190 475 mis-

448 508 499 530 sat
502 507 553 530 11111
576 497 729 530 solemnia
751 496 983 532 inchoabimus
1001 507 1073 529 eum
1095 507 1129 529 x·
1135 507 1208 528 ne-

1027 290 1211 314 BULLARIUM
1231 290 1385 315 ROMANUM

1254 338 1387 365 Clemens
1403 338 1572 373 episeopus,
1587 345 1692 366 servus
1709 346 1861 367 servorum
1872 340 1934 372 Dei.

1352 391 1496 420 Echehari
1518 392 1581 426 regi
1602 392 1702 427 Moqor
1716 392 1840 421 illustri.

1267 444 1358 478 Chai
1352 451 1409 477 itas
1420 444 1474 478 Dei
1489 451 1517 478 et
1534 445 1662 478 Domini
1682 445 1783 478 nostri
1796 446 1866 479 Iesu
1879 446 1992 511 (31111-ἓ

1207 497 1273 535 sti,
1288 497 1558 537 Cuimseiximus,
1571 498 1691 531 1111111111
1704 498 1822 531 nullius
1834 491 1992 532 omninoa

449 550 602 583 labilibus
623 551 651 582 11
654 549 775 582 auibus
798 549 912 582 nostris
934 550 962 581 S.
977 550 1011 582 R
1033 550 1065 582 E.
1088 550 1189 583 caidi-
1207 539 1364 583 lliominis
1384 551 1519 583 salutem
1538 562 1554 583 a
1572 557 1680 584 nostra
1701 562 1778 584 cura
1807 558 1837 585 et
1860 552 1966 586 studio

448 603 572 636 nalibus
592 609 632 642 et,
653 602 707 645 qui
728 602 759 634 in
780 602 863 634 Urbe
884 602 1010 641 adsunt,
1033 602 1190 645 episcopis

448 663 478 689 et
506 656 665 700 praelatis,
690 662 721 688 ut
752 655 902 698 deinceps
931 666 988 688 suo
1020 655 1132 688 ordine.
1159 656 1189 688 in

448 709 579 742 cacteris
603 709 695 741 Urbis
715 708 857 741 ecclesiis
888 709 927 741 ad
959 708 1188 752 praescriptam

447 763 581 795 sormam
603 762 801 801 celebretur,

448 815 524 848 tudo
545 815 611 847 sine
633 815 869 848 intermissione
884 815 996 847 orandi
1012 815 1071 847 rite
1085 826 1120 847 ae
1136 816 1189 848 (le-

448 875 517 901 vote
538 868 716 901 inducatur.

492 923 506 965 g
527 922 556 954 4.
582 923 739 958 Ceterum,
765 928 797 956 ut
819 934 855 955 eo
877 923 1068 967 propensius
1083 923 1114 955 in
1130 924 1189 955 1100

447 975 500 1019 pio
521 975 664 1008 instituto
683 977 901 1019 perseveretis,
927 977 965 1010 de
983 976 1188 1020 omnipoten-

449 1029 486 1061 tis
506 1029 559 1062 Dei
581 1029 801 1062 misericordia
822 1037 851 1063 et
873 1031 1041 1063 beatorum
1063 1036 1190 1073 aposto-

448 1082 552 1115 lorum
574 1083 655 1116 Petri
678 1089 705 1116 et
730 1083 818 1116 Pauli
845 1083 1034 1116 auctoritate
1055 1083 1186 1121 conlisi,

447 1136 596 1169 omnibus
617 1143 645 1169 ct
666 1137 799 1179 singulis
816 1137 984 1180 utriusque
998 1148 1090 1170 sexus
1104 1137 1190 1169 cliri-

447 1189 638 1223 stiiidelibus
660 1201 730 1223 rere
752 1191 990 1233 poenitentibus
1011 1197 1042 1223 et
1061 1191 1186 1223 confes-

447 1243 504 1283 sis,
525 1253 560 1276 ac
589 1243 794 1276 Sanctissimo
827 1244 1044 1276 Eucharistiae
1079 1244 1190 1276 Sacra-

448 1303 556 1329 mento
576 1296 712 1332 refectis,
738 1296 790 1339 qui
813 1297 842 1329 in
865 1308 1068 1340 (placumque
1089 1297 1190 1329 ecele-

448 1349 504 1389 sia,
528 1349 582 1382 ubi
604 1349 706 1382 oratio
733 1350 916 1383 liuiusmocli
941 1350 1058 1383 indicta
1081 1350 1187 1389 suerit,

449 1403 561 1435 devote
573 1403 695 1436 orando
709 1414 804 1435 unam
820 1404 931 1435 saltem
947 1404 1058 1436 boram
1078 1414 1187 1446 perse-

447 1456 635 1496 veraverint,
650 1456 826 1500 plenariam
840 1462 1045 1500 peccatorum
1059 1468 1190 1490 suorum

448 1510 680 1552 indulgentiam
703 1510 909 1543 concedimus
939 1516 966 1543 ct
997 1511 1187 1553 elargimurf.

449 1562 486 1595 iis
506 1573 593 1602 vero,
614 1563 668 1606 qui
690 1563 767 1595 inibi
789 1564 856 1607 pias
881 1564 920 1596 ad
952 1564 1050 1596 Deum
1082 1575 1191 1607 preces

449 1615 587 1648 breviori
617 1617 771 1660 temporis
802 1617 903 1660 spatio
935 1617 1116 1653 effuderint.
1144 1628 1192 1650 se-

449 1675 535 1712 ptem
559 1680 658 1702 annos
686 1676 714 1702 et
748 1670 878 1703 totidem
911 1671 1132 1714 quadragenas
1153 1672 1191 1704 de

451 1723 600 1756 iniunctis
631 1724 690 1756 sibi
722 1730 775 1757 aut
807 1725 883 1757 alias
924 1725 1037 1758 debitis
1076 1725 1188 1768 poeni-

451 1777 557 1810 tentiis
597 1778 847 1811 miserieorditer
890 1779 920 1811 in
959 1779 1094 1811 Domino
1137 1790 1189 1812 re-

451 1832 603 1864 laxamus.

494 1884 607 1917 Datum
640 1885 758 1918 Romae
789 1887 873 1929 apud
905 1887 934 1919 S.
968 1886 1118 1925 Petrum,
1142 1886 1192 1919 die

451 1948 511 1971 xxv
531 1938 713 1970 novembris
734 1948 853 1977 noxcn,
874 1939 1078 1982 pontificatus
1092 1940 1191 1972 nostri

453 2001 536 2024 anno
558 2001 577 2024 1.

488 2071 543 2098 Dat.
561 2071 602 2098 dic
622 2072 656 2099 25
673 2072 811 2099 novembr.
832 2073 906 2105 1592,
925 2074 1020 2108 pontis.
1043 2083 1086 2100 au.
1104 2080 1119 2100 t.

772 2317 871 2349 XLIX.

453 2423 645 2456 Echebczrem
684 2433 787 2464 reqem
822 2423 932 2465 Jloslor
969 2424 1119 2457 hortatur
1152 2425 1195 2458 acl

497 2483 730 2527 aynoscenclam
757 2488 785 2515 et
815 2485 1011 2528 sequendam
1043 2486 1194 2518 christia-

497 2557 575 2579 nam
593 2546 708 2588 fidem,
733 2550 761 2578 e!
790 2546 968 2579 audiendos
994 2548 1194 2591 presbyteros

498 2609 664 2642 Societatis
689 2608 760 2641 Iesu
775 2608 794 2640 ¹.

493 2698 501 2723 1
525 2697 561 2724 Ex
579 2696 685 2733 Regest.
702 2697 728 2724 in
748 2697 849 2725 Secret.
871 2697 1003 2725 Breriuni.

1206 752 1208 754 μ
1224 710 1373 754 propriae
1389 738 1395 750 ,

827 767 857 794 et
881 762 1030 795 salutaris
1055 755 1208 814 consue-f

1224 603 1362 637 alienam
1389 604 1556 637 ducamus:
1583 604 1612 637 in
1636 610 1664 638 te
1689 610 1816 645 autem,
1841 610 1968 649 praeter

1225 657 1305 690 lianc
1335 667 1541 690 communem
1574 668 1725 698 causam,
1750 658 1869 691 multae
1895 664 1969 692 sunt

1425 711 1541 754 quibus
1572 717 1600 743 te
1631 711 1820 754 diligamus,
1844 711 1968 755 tibique

1223 774 1381 795 summam
1404 774 1440 796 ac
1471 764 1702 807 sempiternam
1734 765 1967 799 beatitudinem

1223 817 1412 861 cupiamus,
1441 818 1598 851 excellens
1628 820 1787 862 quaedam
1817 819 1964 860 bonitas,

1224 877 1357 904 naturae
1378 871 1571 909 humanitas,
1596 872 1776 914 benignitas
1802 883 1875 905 eum
1893 883 1969 916 erga

1224 935 1346 965 omnes,
1373 932 1439 957 tum
1471 925 1601 969 propria
1633 926 1792 969 quaedam
1818 936 1894 969 erga
1918 937 1968 959 sa-

1225 979 1368 1011 cerdotes
1393 984 1519 1011 nostros
1544 978 1709 1012 Societatis
1734 980 1815 1019 Iesu,
1843 979 1970 1012 animus

1225 1032 1363 1075 denique
1383 1044 1399 1064 a
1426 1032 1616 1064 christianae
1641 1031 1716 1064 fidei
1737 1032 1915 1076 praeceptis
1940 1039 1970 1066 et

1226 1085 1354 1118 monitis
1383 1085 1550 1118 audiendis
1581 1095 1646 1117 non
1678 1085 1864 1119 abhorrens.
1886 1087 1970 1120 Haec

1225 1138 1310 1170 0111111
1341 1137 1448 1171 onmia
1479 1144 1693 1171 narraverunt
1722 1138 1904 1172 sacerdotes
1924 1139 1969 1172 illi

1226 1192 1269 1224 tui
1291 1191 1499 1235 cupidissimi.
1524 1192 1589 1224 Hae
1608 1191 1705 1233 igitur
1724 1202 1838 1225 causae
1858 1191 1970 1225 effece-

1226 1253 1299 1279 runt
1319 1252 1352 1279 ut
1373 1247 1411 1278 ad
1440 1252 1468 1278 te
1496 1245 1730 1285 scriberemus,
1751 1247 1970 1291 vellemusque

1226 1300 1281 1333 lias
1299 1300 1430 1337 litteras,
1449 1306 1536 1332 tanto
1556 1300 1702 1333 locorum
1729 1300 1908 1342 intervallo,
1923 1306 1970 1334 te-

1225 1360 1287 1386 stes
1308 1366 1374 1386 esse
1394 1359 1520 1386 nostrae
1538 1364 1614 1396 erga
1634 1359 1663 1386 te
1685 1353 1859 1394 eharitatis,
1876 1365 1970 1398 prae-

1226 1418 1437 1450 carcmurque
1450 1406 1505 1439 tibi
1518 1407 1679 1439 aDomino
1688 1417 1781 1439 verae
1794 1406 1869 1440 fidei
1883 1407 1971 1450 agni-

1226 1460 1344 1493 tionem
1367 1467 1395 1493 01
1417 1461 1553 1499 cultum,
1575 1459 1643 1493 sine
1664 1470 1728 1503 quo
1757 1460 1867 1493 salutis
1899 1471 1971 1504 spes

1226 1515 1313 1547 nulla
1335 1525 1402 1547 esse
1423 1519 1536 1557 potest.

1271 1569 1285 1611 ξ
1310 1568 1335 1600 l.
1360 1569 1448 1601 Hanc
1466 1568 1563 1601 tidem
1584 1568 1670 1601 lesus
1690 1567 1832 1601 Christus
1851 1567 1906 1601 Dei
1919 1567 1970 1601 Fi-

1227 1622 1286 1654 lius
1307 1632 1364 1654 suo
1385 1632 1440 1654 ore
1459 1621 1579 1661 docuit,
1604 1621 1836 1664 discipulorum
1864 1621 1971 1654 eordi-

1227 1677 1284 1709 bus
1305 1676 1449 1716 inseruit,
1474 1675 1636 1708 miraculis
1662 1675 1840 1708 innumeris
1861 1675 1970 1708 sirma-

1227 1730 1279 1767 111,
1304 1740 1361 1762 suo
1383 1730 1482 1773 ipsius
1503 1729 1664 1771 Sanguine
1682 1739 1740 1772 pro
1767 1729 1869 1762 salute
1887 1738 1973 1762 mor-

1229 1783 1338 1815 talium
1364 1783 1509 1816 omnium
1540 1788 1654 1826 sponte
1684 1782 1816 1826 profuso
1846 1782 1970 1822 sanxit·,

1227 1838 1453 1880 Apostolorum
1469 1836 1709 1880 praedieatione
1730 1841 1797 1869 toto
1815 1842 1973 1870 terrarum

1227 1890 1304 1922 orbe
1326 1889 1530 1933 propagavit,
1552 1889 1763 1932 quotidieque
1784 1899 1842 1933 per
1867 1900 1974 1923 servos

1227 1954 1300 1976 suos
1323 1942 1481 1976 diffundit.
1500 1942 1590 1982 Nam,
1608 1942 1685 1985 quid
1699 1942 1796 1981 aliud,
1814 1948 1877 1975 tarn
1892 1942 1974 1975 mul-

1229 1996 1266 2029 tis
1283 1997 1315 2029 in
1336 1996 1425 2036 locis,
1443 2003 1505 2029 tam
1527 2007 1544 2028 a
1564 1995 1668 2034 nobis,
1683 2002 1748 2028 tam
1764 1995 1848 2028 inter
1865 2006 1898 2029 se
1912 1995 1975 2029 dis-

1228 2050 1353 2087 iunctis,
1379 2050 1523 2083 laborant
1557 2050 1738 2082 sacerdotes
1770 2049 1882 2090 nostri,
1913 2049 1973 2083 nisi

1228 2110 1259 2137 ut
1282 2102 1539 2147 quainljdui‘imos
1560 2102 1682 2146 possint
1697 2102 1737 2135 ad
1750 2101 1973 2136 Christifidem

1227 2164 1322 2201 atque
1354 2158 1393 2189 ad
1418 2156 1617 2190 sanctitatem
1639 2158 1776 2190 vocare?
1797 2157 1864 2196 Qua
1891 2167 1974 2190 mer-

1228 2212 1325 2244 cede‘?
1354 2211 1441 2243 nulla
1470 2210 1551 2250 alia,
1586 2210 1645 2243 nisi
1676 2210 1820 2254 ipsorum
1849 2210 1970 2244 salutis.

1228 2266 1317 2298 llane
1338 2264 1423 2296 enim
1446 2274 1540 2296 suum
1562 2263 1738 2296 maximum
1759 2264 1886 2297 lucrum
1906 2275 1974 2298 esse

1229 2320 1364 2354 ducunt,
1385 2317 1465 2349 nihil
1488 2317 1623 2350 mortale
1654 2323 1683 2350 et
1716 2318 1875 2350 caducum
1901 2329 1972 2362 spe-

1229 2378 1359 2407 ctantes,
1373 2372 1427 2404 sed
1441 2381 1552 2403 omnes
1570 2371 1608 2403 ad
1632 2369 1719 2403 illam
1741 2370 1877 2412 gloriam
1891 2370 1974 2415 aspi-

1229 2436 1299 2457 rare
1320 2430 1348 2457 et
1367 2424 1534 2468 pervenire
1555 2424 1731 2467 cupientes,
1753 2434 1849 2467 quam
1870 2424 1975 2457 omni-

1230 2479 1288 2510 bus
1305 2477 1356 2521 pie
1381 2483 1409 2509 et
1432 2488 1504 2509 011111
1530 2477 1646 2509 virtute
1678 2476 1874 2517 viventibus,
1897 2488 1973 2521 pro-

1229 2531 1365 2575 positam
1400 2541 1482 2569 esse,
1516 2530 1595 2563 fides
1627 2536 1735 2563 nostra
1769 2530 1913 2573 agnoscit
1942 2538 1974 2564 et

1229 2585 1402 2628 praedicat.
1431 2585 1494 2618 'Nos
1507 2595 1583 2617 vero
1598 2585 1636 2617 de
1651 2585 1828 2628 praeceptis
1848 2595 1885 2618 ae
1905 2595 1973 2629 my-

1229 2638 1319 2671 steris
1344 2645 1471 2671 nostrae
1492 2638 1657 2681 religionis
1677 2638 1814 2672 libenter
1834 2650 1852 2671 a
1872 2644 1901 2672 te
1919 2649 1972 2672 au-

1229 2691 1290 2724 diri
1311 2691 1507 2735 accepimus:
1534 2702 1598 2734 quo
1619 2691 1750 2725 nomine
1776 2691 1832 2724 tibi
1854 2691 1973 2734 gratias

1980 292 2032 319 An.
2051 292 2080 319 C.
2097 291 2165 321 1592

2008 458 2037 479 Ει,
2027 458 2124 487 chobal-is
2134 464 2167 480 ro-

2004 486 2147 511 qualitates.

2008 1577 2061 1598 Eum
2074 1577 2172 1599 hortatur

1987 1603 2082 1625 cluimus
2094 1606 2117 1625 ut
2131 1604 2170 1625 Pr.

1987 1631 2102 1652 Societatis
2125 1631 2172 1652 lesu

1987 1657 2060 1678 audiat
2076 1657 2172 1683 Evange-

1987 1684 2036 1705 tium
2047 1684 2171 1710 praedican-

1988 1713 2026 1731 1135.
