2226 3070
31 251 82 283 Au.
96 251 125 282 C.
147 251 214 282 1588

73 634 116 661 Cap
123 635 177 655 ethin
183 636 214 656 iae

30 666 53 685 ml
61 667 213 692 praesentatio-

31 702 78 717 nem
117 698 214 717 admini-

29 730 215 749 fllralm'nmdet'e-

31 763 76 780 toro
99 759 213 781 conteran-

31 794 73 811 tur.

29 1374 138 1396 Ctausutae
153 1381 202 1401 prae

28 1408 149 1427 servaturae
167 1407 211 1427 tiu-

29 1439 60 1458 ius
80 1440 211 1458 eoncessio—

29 1470 62 1490 nis

40 2344 150 2365 (ilausutao
160 2350 209 2365 ron-

28 2377 138 2397 trau-torum
150 2377 210 2396 dero-

28 2408 129 2432 galeria&

874 255 978 280 Stx'rus
1002 256 1020 280 V
1044 257 1092 281 PP.

228 311 292 347 tur,
319 317 354 339 ex
376 306 471 340 dietis
485 306 643 340 fructibus
662 306 905 341 beneficiorum
924 309 983 341 liu-

230 360 369 393 iusmodi
391 361 615 404 persolvenda3
638 361 745 405 siquid
769 373 842 394 vero
868 373 902 395 ex
925 362 983 395 eis-

229 414 302 446 dem
329 414 489 447 fructibus
508 414 682 457 supererit,
710 414 741 447 id
766 425 862 447 omne
887 415 985 447 sacri-

230 466 311 499 stiae
333 467 476 500 eiusdem
499 468 641 510 capellae
657 472 815 510 perpetuo
841 468 983 511 applica-

229 530 302 553 mus
322 526 353 553 et
372 520 634 564 appropi-ianuis.

274 574 288 616 ξ
313 573 366 607 16.
393 573 428 605 In
456 579 621 616 posterum
647 583 732 613 vero,
760 573 887 616 quoties
910 585 982 616 per-

230 627 335 671 petuis
354 626 471 659 suturis
491 626 693 670 temporibus
713 626 853 669 aliquam
871 637 906 659 ex
921 627 982 659 liu-

230 680 367 712 iusmodi
390 678 578 722 capellaniis
605 679 653 711 rel
674 679 857 719 beneficiis,
887 680 981 712 cleri-

229 733 354 765 catibus
388 731 605 774 nuncupatis,
653 742 690 764 ex
738 732 980 775 capellanorum

228 786 356 818 easdem
378 785 573 828 capellanias
593 785 632 817 ad
657 795 810 828 praesens
831 785 980 818 obtinen-

227 839 320 879 tium,
351 839 397 872 vel
429 849 542 872 eorum
569 849 792 871 successorum
823 850 981 882 quorum-

227 903 367 936 cumque
388 892 537 936 personis
557 892 687 935 quando
709 898 739 925 et
766 892 899 926 ubilibet
927 904 981 925 va-

227 957 300 979 care
330 945 501 988 contigerit
515 972 523 985 ‚
546 951 621 978 tunc
642 956 707 978 non
732 946 771 977 ad
792 951 907 978 nutum
929 946 983 978 ad-

227 999 504 1039 ministratorum,
535 999 590 1031 sed
620 998 652 1030 in
673 999 805 1031 titulum
832 1000 980 1043 perpetui

226 1052 375 1085 beneficii
397 1052 606 1085 ecclesiastici
625 1052 827 1095 personalem
841 1053 982 1086 residen-

228 1105 303 1138 tiam
324 1105 533 1149 requirentis,
552 1105 591 1138 ad
613 1105 907 1148 praesentationem
929 1107 983 1139 ad-

227 1159 484 1192 ministratorum
520 1159 778 1203 praedictorum,
813 1170 873 1192 nec
903 1160 982 1193 alias

227 1224 284 1256 per
303 1213 417 1247 Sedem
440 1213 658 1257 Apostolicam
680 1214 846 1247 dumtaxat
870 1214 980 1247 consc-

226 1271 351 1300 rantur.

271 1320 286 1363 ξ
312 1319 365 1353 17.
393 1320 609 1355 Decernentes
643 1327 829 1364 praesentes
858 1321 982 1355 litteras

227 1373 286 1406 sub
311 1374 476 1417 quibusvis
503 1374 658 1407 similium
694 1375 740 1407 vel
772 1375 980 1408 dissimilium

228 1427 473 1461 concessionum
499 1433 530 1461 ct
558 1428 734 1471 gratiarum
765 1429 980 1462 revocationi-

227 1480 299 1522 bus,
322 1482 592 1526 suspensionibus
603 1488 631 1514 et
643 1482 909 1525 derogationibus
921 1482 980 1515 mi-

227 1533 314 1567 nime
343 1534 589 1578 comprehendi,
617 1535 672 1567 sed
704 1546 833 1578 semper
853 1535 891 1568 ab
920 1535 982 1567 illis

227 1593 388 1632 exceptas,
412 1593 442 1621 et
461 1589 589 1631 quoties
609 1589 819 1629 emanalmnt,
839 1588 931 1621 toties
949 1589 980 1621 in

227 1641 400 1685 pristinum
429 1647 546 1675 statum
579 1642 741 1675 restitutas
772 1648 803 1675 et
836 1643 980 1685 plenarie

227 1696 439 1738 reintegratas
458 1706 526 1729 esse
553 1701 585 1728 et
614 1696 750 1728 censeri.
779 1696 896 1740 Siequc
923 1707 981 1740 per

225 1758 451 1791 quoscumque
479 1748 604 1781 indices
624 1754 654 1781 et
675 1749 926 1790 commissarios,
950 1760 981 1782 e-

227 1801 302 1834 tiam
324 1812 496 1834 causarum
523 1802 635 1835 Palatii
657 1801 832 1846 Apostolici
855 1803 981 1835 audito—

227 1866 287 1895 res,
306 1868 342 1890 ac
363 1855 394 1889 S.
418 1856 454 1888 R.
472 1856 505 1889 E.
527 1856 718 1897 cardinales,
739 1857 865 1889 sublata
887 1857 933 1889 eis
951 1863 981 1889 et.

226 1920 339 1942 eorum
371 1910 506 1943 cuilibet.
544 1910 655 1954 quavis
688 1911 781 1943 aliter
816 1911 979 1944 iudicandi

225 1969 256 1996 et
295 1963 528 2008 interpretandi
569 1964 720 1997 facultate
739 1991 746 2005 ,
793 1964 824 1996 in
870 1965 981 2008 quavis

225 2028 321 2050 causa
355 2023 386 2050 ct
419 2018 581 2059 instantia,
618 2018 756 2051 iudicari
785 2024 814 2051 et
850 2018 979 2051 deliniri

224 2071 364 2111 debere;
386 2082 514 2105 necnon
545 2072 674 2105 irritum
702 2078 733 2105 et
763 2072 858 2105 inane
880 2072 904 2105 si
930 2083 980 2105 se-

224 2135 281 2157 cus
305 2135 403 2168 super
427 2125 478 2158 liis
498 2136 515 2158 a
540 2136 720 2169 quoquam,
742 2125 853 2169 quavis
873 2131 982 2159 aucto-

224 2178 330 2218 ritate,
355 2179 494 2212 scienter
520 2180 569 2212 vel
593 2179 782 2222 ignoranter
810 2179 982 2222 contigerit,

224 2232 390 2265 attentari.

269 2287 284 2329 ἓ
310 2286 362 2320 18.
391 2286 459 2320 Non
477 2286 679 2320 obstantibus
696 2286 981 2319 constitutioniluis

226 2345 256 2372 et
276 2340 538 2373 ordinationibus
552 2340 737 2384 apostolicis
754 2341 981 2384 praefataeque

225 2394 391 2434 Canu—rae,
414 2393 598 2427 iuramento
622 2394 671 2426 vel
692 2393 804 2437 quavis
830 2394 981 2427 firmitate

225 2444 287 2476 alia
308 2444 480 2484 roboratis,
498 2443 624 2476 statutis
635 2443 979 2482 etconsuetudiuibus3

226 2492 400 2536 privilegiis
421 2493 524 2525 eidem
542 2493 694 2526 Gamerae
709 2503 833 2525 necnon
847 2492 981 2535 quibus-

226 2542 271 2574 vis
292 2541 453 2574 iudicibus
474 2546 505 2574 et
526 2541 753 2582 tribunalibus,
774 2541 870 2574 etiam
892 2541 982 2573 audi-

227 2591 286 2624 tori
310 2602 480 2624 causarum
503 2591 647 2624 eiusdem
669 2591 821 2624 Gamerae
843 2602 981 2634 quomo-

226 2640 343 2674 dolibet
371 2641 542 2674 concessis.
563 2640 688 2679 Quibus
705 2641 857 2673 omuibus
877 2640 982 2673 etsin-

1023 309 1117 351 gulis,
1145 308 1270 342 etiamsi
1291 309 1331 342 de
1351 309 1413 343 illis
1434 309 1595 354 specialis,
1623 311 1776 354 specifica

1024 367 1054 395 et
1074 372 1224 406 expressa
1244 362 1365 396 mentio
1387 362 1548 403 facienda,
1570 374 1625 396 seu
1647 365 1778 407 quaevis

1024 415 1187 458 expressio
1208 416 1246 449 ad
1264 416 1327 450 hoc
1349 417 1505 449 servanda
1530 417 1621 457 soret,
1647 417 1778 450 illorum

1026 474 1164 508 tenores,
1179 480 1215 502 ac
1232 470 1256 501 si
1270 470 1308 502 de
1325 470 1422 503 verbo
1443 470 1481 502 ad
1500 471 1632 503 verbum
1656 471 1778 504 insere-

1024 528 1148 562 rentur,
1173 523 1396 566 praesentibus
1423 534 1481 567 pro
1508 524 1705 557 sufficienter
1725 536 1778 557 ex-

1025 576 1142 618 pressis
1164 576 1330 616 babentes,
1354 577 1416 610 illis
1436 577 1516 610 alias
1537 577 1569 610 in
1585 589 1643 611 suo
1662 578 1778 611 robore

1024 629 1255 670 peruu‘msuris,
1276 629 1336 663 bae
1357 630 1425 663 vice
1451 631 1628 671 dumtaxat,
1656 631 1779 674 specia-

1024 681 1096 713 liter
1123 688 1151 713 et
1178 692 1327 726 expresse
1356 684 1562 727 derogamuS,
1596 684 1778 728 ceterisque

1023 735 1192 768 contrariis
1208 736 1480 780 ‹plilmseumque.

1067 788 1081 830 ξ
1107 788 1159 821 19.
1189 789 1344 823 Volumus
1369 797 1477 824 autem
1509 793 1596 835 quod
1624 803 1777 836 praesen-

1023 841 1102 874 tium
1129 843 1349 886 transumptis,
1363 849 1420 877 etc.

1066 894 1151 927 Nulli
1173 906 1248 939 ergo
1274 901 1331 929 ete.

1065 947 1180 980 Datum
1203 949 1324 982 Romae
1345 951 1431 993 apud
1454 950 1607 984 Sanctum
1621 953 1776 993 Mari-um,

1022 1012 1107 1034 anuo
1138 1002 1373 1036 lucarnationis
1393 1003 1577 1037 dominicae
1607 1006 1779 1039 millesimo

1022 1055 1286 1098 quingentesimo
1317 1058 1538 1101 octuagesimo
1568 1065 1692 1099 octavo,
1723 1069 1775 1093 viu

1023 1110 1095 1143 idus
1115 1112 1320 1154 septembris,
1344 1112 1553 1156 pontificatus
1579 1114 1678 1147 nostri
1695 1125 1780 1147 anno

1022 1170 1150 1206 quarto.

1072 1222 1134 1252 bat.
1153 1223 1199 1253 die
1216 1223 1234 1253 G
1252 1228 1329 1263 sept.
1345 1224 1433 1263 1588,
1453 1225 1557 1265 pontis.
1575 1235 1652 1256 anuo
1675 1235 1713 1255 iv.

1318 1383 1474 1418 CXXXIV.

1023 1457 1146 1491 Contra
1166 1460 1315 1492 abortum
1341 1462 1451 1503 quovis
1475 1461 1567 1494 modo
1599 1472 1778 1505 procuran—

1068 1516 1123 1551 tes,
1150 1518 1206 1545 aa!
1230 1514 1417 1547 sterilitatis
1440 1515 1713 1557 potionesdwntes
1733 1517 1780 1549 vel

1065 1571 1238 1607 sumentes,
1261 1568 1367 1611 eisque
1400 1569 1577 1609 auritium„
1608 1570 1780 1602 consiliam

1065 1621 1130 1652 sive
1148 1620 1294 1661 statorem
1306 1625 1522 1664 praestantes.

1092 1714 1189 1743 Sixtus
1209 1715 1361 1750 episcopm,
1382 1722 1479 1744 servus
1499 1723 1640 1745 servorum
1653 1716 1713 1753 Det,

1154 1768 1187 1795 ad
1211 1770 1376 1804 perpetuam
1393 1770 1435 1797 rei
1457 1770 1628 1798 memoriam.

1065 1853 1280 1887 Ess'raenatam
1302 1854 1595 1898 perditissimorum
1609 1854 1777 1888 bominum

1021 1912 1133 1940 contra
1143 1907 1270 1941 divinae
1281 1908 1360 1950 legis
1373 1914 1583 1952 praeceptum
1597 1909 1713 1942 deuon
1727 1921 1779 1943 oc-

1021 1961 1159 1994 cidendo
1183 1962 1340 2005 peccandi
1362 1962 1532 1995 audaciam
1558 1967 1654 2007 atque
1680 1963 1779 1996 licen-

1022 2015 1110 2055 tiam,
1124 2015 1335 2048 sanctissimis
1347 2015 1475 2058 legibus
1486 2016 1647 2060 variisque
1661 2018 1780 2049 cousti-

1022 2069 1201 2102 tutionibus
1223 2069 1351 2114 saepius
1369 2081 1550 2114 repressam
1575 2071 1777 2104 animadver-

1023 2128 1140 2161 tentes2
1164 2124 1314 2166 cogimur
1334 2134 1393 2157 nos
1412 2135 1556 2168 quoque,
1580 2125 1611 2157 in
1626 2136 1779 2169 supremo

1022 2177 1161 2210 iustitiae
1173 2177 1291 2210 throno
1301 2188 1318 2210 a
1329 2178 1466 2211 Domino
1479 2178 1658 2217 constituti,
1672 2179 1779 2211 iustis·-

1022 2230 1102 2264 sima
1115 2231 1239 2264 ratione
1259 2231 1428 2272 suadente,
1443 2238 1551 2265 vetera
1570 2232 1640 2265 iura
1660 2232 1778 2275 partim

1022 2284 1218 2325 innovando,
1240 2284 1357 2329 partim
1379 2286 1578 2329 ampliando,
1606 2296 1719 2318 eorum
1746 2297 1779 2317 e-

1023 2339 1099 2371 tiam
1116 2338 1364 2379 immanitatem,
1388 2339 1457 2383 pari
1478 2350 1581 2383 poena
1602 2339 1778 2383 proposita,

1022 2403 1186 2433 coercere,
1202 2392 1258 2435 qui
1278 2391 1469 2426 immaturos
1490 2393 1594 2426 foetus
1613 2392 1696 2425 intra
1714 2404 1780 2425 ma-

1023 2448 1113 2475 terna
1134 2442 1256 2474 viscera
1272 2441 1378 2474 adbuc
1403 2442 1538 2474 latentes
1555 2441 1779 2474 crudelissime

1023 2501 1139 2524 necare
1155 2501 1219 2523 non
1237 2496 1400 2524 verentur.
1420 2491 1498 2530 Quis
1514 2492 1599 2524 enim
1614 2502 1678 2524 non
1690 2490 1777 2523 dete-

1023 2545 1200 2572 steturtam
1223 2540 1441 2572 execrandum
1456 2540 1592 2581 facinus,
1614 2551 1672 2584 per
1691 2539 1778 2582 quod

1023 2590 1141 2622 nedum
1164 2599 1352 2632 corporum,
1376 2590 1441 2630 sed,
1462 2590 1548 2633 quod
1570 2590 1697 2632 gravius
1719 2595 1776 2627 est,

1023 2639 1117 2672 etiam
1139 2639 1321 2673 animarum
1343 2646 1429 2674 certa
1459 2640 1582 2673 iactura
1605 2638 1779 2682 sequitur?

1794 257 1846 286 Au.
1864 257 1892 286 C.
1908 258 1975 287 1588

1842 795 1902 816 Fides
1918 798 1978 814 tian-

1793 830 1930 853 sumpturum.

1824 893 1910 913 Sunt-iio
1927 897 1977 919 pae-

1794 925 1856 944 natis.

1804 1844 1923 1866 notemus)
1933 1851 1976 1865 cn<

1794 1878 1856 1897 minis
1870 1877 1962 1897 abortus.
