2226 3070
254 324 303 349 An.
321 323 349 349 C.
371 322 436 350 1592

309 538 436 563 lippasitarn

483 313 546 345 546

454 371 502 403 nis
523 376 550 403 et
573 370 786 414 perceptionis
818 369 1016 412 possessione
1042 374 1197 411 perpetuo

454 424 653 456 manuteneri
675 427 703 455 et
723 422 905 456 conservari
924 421 1071 454 debeant.

498 479 513 518 ξ
539 477 583 508 13.
608 476 778 518 Dictnsque
804 474 916 507 Montis
947 474 1114 506 Charitatis
1142 474 1197 506 de-

1035 321 1218 344 BULLARIUM
1239 321 1391 344 ROMANUM

1233 368 1462 400 camerariatus
1482 373 1513 399 et
1532 368 1670 400 aliorum
1690 367 1837 410 superius
1850 379 1977 412 expres-

1232 431 1340 453 sorum
1355 421 1512 453 montium
1526 420 1691 464 percipere
1705 426 1732 453 et
1746 420 1888 453 dividere
1899 432 1975 454 eon-

1232 480 1414 506 sueverunt.

1277 528 1292 568 ξ
1316 527 1366 559 lli.
1391 527 1557 560 Praeterea
1577 527 1794 570 praecipimus
1825 533 1852 560 et
1880 538 1972 560 man-

1989 321 2039 347 An.
2059 321 2087 347 C.
2105 321 2174 348 1592

2043 540 2122 560 'saxam
2137 545 2176 565 per

453 529 642 572 positar-ins„
668 528 784 560 dietam
813 533 915 565 tamin
944 537 961 559 a
992 526 1197 559 thesaurariis

452 588 478 613 et
502 581 723 625 quaestoribus<
744 580 995 622 uniuscuiusque
1015 579 1197 623 provinciae

452 635 582 667 ditionis
603 640 729 666 nostrae
753 633 948 676 temporalis,
966 638 993 665 et
1013 632 1197 665 ratamuni·

253 571 264 582 a
269 565 345 585 fficium
353 571 356 586 2
1492 579 1497 584 .
1671 579 1676 584 .
1895 580 1900 585 .
1990 566 2175 586 confraternitates

1232 580 1356 618 damus,
1380 580 1550 620 Marelnae,
1567 579 1729 619 Umbriae,
1744 580 1975 613 Romandiolae
1990 592 2119 622 sonandam,
2131 594 2173 622 era

1231 633 1422 676 Campaniae
1443 639 1471 666 et
1492 633 1679 666 Patrimonii
1701 633 1830 665 ditionis
1848 639 1975 666 nostrae
1990 619 2175 692 ἓξῐῗῖῗιᾌᾞὲᾏῖῗῖ

1990 678 2010 697 gi
2022 688 2025 692 .

289 1064 432 1092 Connuttistae

251 1094 269 1109 et
285 1093 401 1110 secu-tarn.

288 2437 386 2458 Eiusdem
402 2443 433 2458 se-

250 2465 335 2485 cretarii
357 2465 434 2485 emolu-

250 2493 325 2512 mentiti

452 687 565 729 cuique
599 687 751 730 ipsorum,
784 692 819 718 ut
849 685 945 722 inl'ra,
971 685 1195 727 assignandam

450 740 593 782 exigere.
615 751 650 772 ac
673 740 701 772 in
724 749 878 783 personas
893 767 900 777 ,
922 750 1004 782 quae
1032 750 1104 771 suas
1135 750 1191 782 pe-

450 794 559 825 cunias
572 794 602 825 in
616 794 699 826 dicto
714 795 817 827 Monte
835 793 1001 826 Charitatis
1014 793 1191 836 posuerint,

450 857 507 889 pro
525 852 592 878 rata
613 847 760 879 locorum
775 852 801 879 et
819 846 1005 889 portionum
1026 845 1196 878 cuiuslibet

449 899 590 942 quolibet
618 899 762 932 bimestri
795 900 824 931 in
857 899 918 931 tine
949 898 1139 931 distribuere
1165 904 1193 930 et

450 952 602 985 dividere.

494 1008 509 1047 ξ
534 1006 579 1038 lli.
604 1006 799 1049 Compntista
821 1016 894 1038 vero
916 1006 1133 1037 emolumenta
1165 1011 1193 1037 et

450 1058 598 1091 introitus
627 1058 813 1091 huiusmodi
843 1064 1009 1097 annotare,
1034 1069 1068 1091 ac
1097 1058 1195 1090 libros

451 1112 609 1144 rationum
642 1118 670 1144 et
705 1112 1019 1144 administi·atioinnn
1052 1111 1194 1143 eiusdem

448 1166 562 1198 Montis
589 1166 756 1199 Charitatis
777 1167 886 1201 edere:
911 1165 1100 1198 secretarius
1121 1176 1194 1198 vero

449 1219 593 1262 personis
623 1220 775 1263 pecunias
806 1230 878 1252 suas
912 1220 941 1251 in
970 1219 1054 1252 dicto
1087 1225 1194 1252 monte

451 1279 514 1304 tam
541 1284 558 1305 a
588 1273 750 1316 primaeva
779 1273 863 1305 illius
895 1273 1055 1305 erectione
1086 1272 1195 1305 huius—

449 1326 535 1358 modi
558 1336 654 1368 quani
682 1326 759 1358 alias
788 1325 982 1369 ponentibus
1002 1336 1060 1369 pro
1083 1336 1193 1358 carum

448 1378 616 1411 securitate
638 1379 759 1412 litteras
780 1384 924 1422 patentes
950 1379 1192 1411 concessionum

448 1437 476 1463 et
497 1431 748 1473 resignationuin
770 1432 915 1465 locorum
933 1443 988 1465 sen
1008 1432 1193 1475 portionum

449 1484 632 1516 huiusmodi
648 1485 706 1517 snb
726 1484 869 1517 eiusdem
888 1485 1038 1518 Cainerae
1060 1486 1195 1528 Aposto-

450 1537 527 1569 licae
560 1537 747 1570 thesaurarii
774 1549 833 1581 pro
861 1544 1005 1581 tempore
1033 1537 1194 1570 existentis

450 1589 592 1625 nomine,
617 1595 644 1622 et
667 1601 748 1632 quae
770 1590 854 1622 illins
878 1601 974 1622 manu
996 1590 1194 1633 subscriptae

449 1648 477 1674 et
491 1642 594 1684 sigillo
607 1643 749 1675 eiusdem
761 1643 949 1675 thesaurarii
964 1642 1104 1675 munitae
1118 1642 1190 1679 sint„

450 1701 513 1727 tam
536 1695 593 1727 hac
619 1695 722 1738 prima
749 1695 832 1733 vice,
853 1706 950 1738 quani
973 1695 1097 1739 quoties
1126 1696 1194 1728 loca

448 1758 503 1779 seu
524 1747 687 1790 portiones
708 1748 892 1781 huiusmodi
924 1759 980 1791 per
1000 1748 1191 1790 resignatio-

449 1810 520 1832 nem
545 1801 591 1832 vel
613 1800 735 1832 obitum
763 1806 816 1832 aut
846 1801 923 1833 alias
949 1800 1194 1843 quomodolibet

450 1864 560 1886 vacare
590 1854 768 1895 contigerit,
794 1854 929 1886 durante
960 1853 1044 1886 dicto
1070 1853 1194 1886 indulto

450 1916 514 1938 non
532 1907 676 1943 vacandi,
701 1906 804 1939 eidem
827 1906 926 1939 monti
954 1912 986 1939 ut
1017 1907 1195 1949 praefertur

452 1971 619 1997 concesso,
650 1972 735 1998 nain,
761 1961 815 1993 illo
841 1961 1017 2004 completo,
1053 1966 1192 1994 montem

449 2014 635 2048 huiusmodi
658 2016 806 2059 illiusque
824 2016 895 2048 loca
916 2021 943 2048 et
966 2015 1140 2059 portiones,
1162 2021 1195 2048 ut

451 2068 481 2100 in
503 2069 569 2101 dIes
589 2069 758 2108 vacabunt,
774 2068 924 2111 extingui,
940 2075 967 2101 et
990 2068 1193 2101 indictarum

450 2122 747 2155 confraternitatum
780 2122 988 2154 commodum
1020 2122 1134 2154 cedere
1165 2127 1192 2154 et

449 2174 627 2211 utilitatem,
642 2181 675 2207 ut
692 2185 729 2207 eo
750 2174 900 2207 libentius
919 2174 1082 2207 charitatis
1096 2185 1194 2217 opera

449 2238 524 2269 erga
545 2238 701 2270 pauperes
732 2233 912 2260 carceratos
939 2232 1116 2263 exerceant,
1140 2238 1194 2259 vo-

450 2280 554 2313 lumus
566 2287 592 2313 et
610 2281 822 2321 decernimus,
845 2281 1003 2314 conficere
1020 2287 1048 2313 ct
1068 2281 1193 2313 tradere

451 2339 630 2366 teneantur.

494 2385 580 2429 gis).
611 2387 762 2429 Idemque
790 2387 978 2419 secretarius
1007 2393 1035 2420 et
1066 2388 1133 2421 eius
1161 2388 1191 2420 in

450 2439 556 2472 officio
577 2440 798 2473 secretariams
827 2441 1010 2473 huiusmodi
1032 2451 1090 2484 pro
1112 2447 1192 2474 tem-

448 2502 528 2535 pore
550 2491 686 2524 existens
717 2503 902 2533 successor,
926 2504 984 2536 pro
1005 2493 1193 2535 resignatio-

449 2544 543 2577 nibus
563 2550 590 2577 et
613 2544 867 2587 expeditionibus
882 2545 1061 2577 litterarum
1083 2551 1193 2588 paten-

449 2597 528 2630 tium
549 2597 733 2629 hniusmodi
754 2598 864 2629 eaden]
884 2598 1101 2631 emolumenta
1121 2609 1192 2641 per-

449 2650 556 2693 cipere
576 2650 686 2693 possit,
708 2649 825 2693 illaque
835 2660 918 2697 ‘cum
951 2651 1035 2684 dicto
1059 2662 1191 2695 eompu-

450 2703 520 2736 tista
554 2703 695 2736 dividere
729 2703 864 2743 debeat,
899 2711 995 2747 prout
1027 2705 1189 2738 secretarii

1233 686 1417 729 temporalis
1438 686 1675 729 provinciarum
1694 685 1900 718 thesaurariis
1920 697 1975 719 seu

1230 738 1464 781 quaestoribus,
1488 739 1709 782 praesentibus
1729 744 1759 771 et
1790 738 1916 778 suturis,
1941 744 1974 771 ut

1231 797 1333 824 taxant
1356 792 1460 825 dictae
1477 803 1602 826 annuae
1631 803 1776 826 summae
1796 803 1840 826 MD
1870 797 1976 825 scuto-

1230 856 1301 877 rum
1314 856 1332 878 a
1346 846 1672 883 consraternhafihus,
1686 846 1802 889 quibus
1813 846 1852 878 ab
1865 856 1976 878 earum

1233 897 1409 932 Ordinariis
1429 910 1547 932 munus
1566 899 1762 939 huiusmodi,
1779 905 1813 931 ut
1832 899 1975 942 praeser-

1231 957 1290 989 tur,
1313 951 1491 985 iniunctum
1513 952 1627 990 suerit,
1652 963 1803 985 earumve
1832 951 1976 985 officiali*-

1229 1005 1298 1041 bus,
1321 1005 1548 1038 rommissariis
1575 1011 1605 1038 et
1635 1005 1790 1037 ministris
1820 1004 1904 1037 iuxta
1930 1003 1976 1037 di-

1229 1057 1453 1091 stributionem
1467 1068 1524 1102 per
1537 1058 1667 1091 eosdem
1679 1057 1851 1091 llenricum
1872 1067 1977 1091 came-

1230 1111 1349 1143 rarium
1380 1116 1407 1144 et
1434 1111 1716 1144 Bartholoniaeum
1741 1110 1975 1144 thesaurarium

1230 1164 1354 1203 factam,
1379 1174 1495 1207 nempe
1519 1163 1737 1196 thesaurarius
1766 1163 1924 1197 Marchiae
1944 1164 1976 1196 in

1229 1217 1440 1254 Anconhana,
1464 1216 1647 1258 octuaginta
1669 1216 1766 1249 trium
1786 1227 1859 1249 cum
1883 1216 1976 1250 dimi-

1230 1270 1298 1310 dio,
1322 1270 1353 1302 in
1374 1270 1523 1303 Firmana
1541 1276 1569 1303 et
1591 1270 1759 1310 Asculana,
1775 1276 1903 1303 centum
1916 1281 1975 1303 no-

1230 1334 1317 1363 vem3
1342 1324 1373 1356 in
1402 1324 1670 1364 Maceratensem,
1695 1323 1833 1357 ducenta
1864 1324 1975 1357 deceni

1229 1382 1258 1409 et
1280 1383 1372 1413 oct0;
1394 1377 1612 1410 thesaurarius
1632 1377 1783 1410 Umbriae
1814 1377 1847 1409 in
1876 1378 1975 1410 Peru-

1229 1430 1304 1468 siae,
1326 1435 1454 1462 centum
1475 1430 1677 1473 septuaginta
1695 1441 1797 1463 unum
1825 1436 1855 1463 et
1882 1430 1976 1464 iulios

1229 1494 1302 1518 sex:
1327 1483 1358 1514 in
1379 1482 1565 1526 Spoletana,
1586 1482 1788 1526 septuaginta
1807 1488 1879 1516 octo
1902 1494 1975 1516 cum

1229 1537 1374 1574 dimidio,
1399 1537 1429 1569 in
1450 1537 1634 1575 Tudertina‚
1658 1536 1831 1579 sexaginta,
1847 1536 1878 1570 in
1899 1537 1976 1570 Nar-

1229 1590 1346 1629 niensi,
1383 1602 1434 1623 sex
1467 1601 1540 1623 cum
1572 1590 1725 1631 dimidio3
1759 1590 1976 1624 thesaurarius

1229 1643 1460 1676 Romandiolae
1492 1643 1523 1675 in
1554 1642 1809 1684 Ravennatensi,
1839 1643 1975 1677 ducenta

1229 1697 1429 1740 stt-ptuaginta
1449 1697 1513 1729 dno
1536 1708 1609 1729 cuni
1633 1696 1788 1737 dimidio;
1812 1702 1842 1730 et
1862 1697 1893 1729 in
1914 1698 1974 1730 Bo-

1229 1749 1386 1787 noniensi,
1402 1755 1544 1782 tercenta
1557 1749 1667 1792 viginti
1685 1755 1807 1793 septem
1823 1761 1830 1790 ;
1846 1749 1973 1783 thesau-

1229 1803 1332 1835 rarius
1351 1803 1542 1846 Campaniae
1568 1803 1598 1835 in
1619 1803 1863 1844 Frosinonensi,
1887 1814 1975 1837 sexa-

1228 1855 1316 1897 ginta
1328 1867 1400 1888 eum
1415 1855 1565 1895 diniidioj,
1586 1855 1617 1888 in
1630 1855 1814 1899 Tyburtina,
1835 1867 1973 1890 sexeum

1229 1909 1378 1947 dimidia,
1407 1909 1624 1942 thesaurarius
1653 1920 1708 1942 seu
1740 1914 1892 1952 quaestor
1918 1920 1974 1953 pa-

1229 1962 1370 1996 trimonii
1391 1962 1423 1994 in
1444 1962 1655 2002 viterbiensi,
1682 1962 1809 2005 triginta
1831 1968 1920 2003 oeto;
1943 1969 1972 1996 et

1231 2015 1446 2048 thesaurarius
1469 2015 1627 2048 Camerini
1650 2015 1682 2047 in
1715 2015 1827 2048 eadem
1849 2015 1973 2049 civitate

1228 2075 1316 2102 scuta
1336 2068 1537 2112 septuaginta
1558 2074 1588 2101 et
1608 2068 1721 2112 paulos
1741 2073 1879 2112 quatuor
1910 2069 1974 2101 exi-

1229 2128 1301 2164 gant
1316 2149 1323 2161 ,
1348 2122 1450 2154 levent
1473 2127 1501 2153 et
1524 2121 1698 2164 recipiant,
1723 2127 1752 2154 et
1774 2121 1828 2154 illa
1848 2121 1974 2165 deposi-

1231 2175 1309 2207 tario
1330 2174 1406 2207 dicti
1426 2173 1539 2207 Montis
1559 2173 1725 2207 Charitatis
1747 2184 1806 2217 pro
1828 2179 1973 2218 tempore

1228 2228 1372 2261 existenti
1398 2228 1563 2261 annuatim
1594 2233 1624 2261 et
1655 2227 1800 2271 quolibet
1828 2227 1972 2262 bimestri

1228 2281 1259 2313 in
1281 2281 1344 2314 fine
1365 2281 1449 2313 illius
1469 2286 1570 2314 ratam
1592 2281 1691 2314 libere
1710 2286 1738 2313 et
1761 2281 1881 2324 absque
1907 2281 1972 2314 ulla

1228 2333 1481 2367 contradictione
1498 2334 1639 2374 solvant;
1656 2344 1753 2377 seque
1764 2334 1804 2367 ad
1821 2333 1890 2366 illas
1904 2344 1973 2367 mo-

1228 2387 1274 2420 dis
1292 2392 1320 2419 et
1342 2386 1541 2430 temporibus
1560 2387 1743 2430 praedictis,
1759 2397 1873 2420 eorum
1894 2397 1972 2420 con-

1227 2441 1431 2474 ductionibus
1461 2446 1489 2473 et
1517 2440 1698 2484 appaltibus
1717 2440 1892 2484 respective
1912 2441 1972 2474 du-

1226 2494 1381 2531 rantibus,
1406 2499 1434 2527 et
1461 2495 1548 2537 quod
1572 2500 1657 2528 ratas
1680 2500 1768 2527 laxae
1788 2494 1972 2538 praedictae

1226 2547 1264 2579 ab
1278 2557 1475 2590 unoquoque
1490 2547 1633 2591 ipsorum
1648 2547 1833 2589 exigendae,
1844 2558 1880 2580 ex
1891 2557 1970 2590 qua-

1225 2599 1270 2633 vis
1294 2610 1388 2632 causa
1405 2611 1469 2633 non
1499 2600 1671 2643 exegerint,
1696 2600 1840 2634 solvendi
1861 2609 1970 2644 respe-

1227 2653 1306 2685 ctive
1323 2663 1355 2685 se
1376 2653 1528 2696 obligent,
1550 2659 1578 2686 et
1600 2663 1820 2697 quascumque
1841 2652 1966 2695 obliga-

1226 2705 1338 2745 tiones,
1361 2705 1592 2749 promissiones
1620 2711 1650 2739 et
1681 2705 1893 2738 instrumenta
1913 2705 1968 2738 de-
