2226 3070
81 303 134 329 An.
151 301 180 328 G.
198 299 266 328 1588

933 302 1039 326 SlSTL'S
1059 303 1078 325 V
1097 303 1147 326 PP.

278 347 518 391 praerogativis,
536 348 696 381 favoribus
709 354 740 381 et
751 348 882 382 indultis
895 349 950 385 eis,
968 360 1023 382 an-

279 406 408 444 tequam
442 401 649 434 matrimonia
680 402 869 434 contrahere
900 402 1019 439 liceret,

278 454 403 486 ratione
424 453 568 487 eiusdem
582 454 713 487 militiae
728 455 766 487 tle
780 455 932 487 Montesia
945 466 1023 488 con-

279 507 385 543 cessis,
409 507 457 540 vel
478 513 550 540 ante
571 514 734 541 contracta
759 508 964 541 matrimonia
985 509 1023 541 de

279 560 347 593 iure
368 561 415 593 vel
437 561 669 593 consuetudine
691 561 735 593 eis
753 561 1020 604 competentibus,

279 620 313 647 ut
333 615 422 658 prius
442 615 497 652 uti,
522 615 617 658 potiri
648 620 676 647 et
708 616 848 657 gaudere
875 615 974 647 libere
996 621 1022 647 et

279 667 363 700 licite
384 667 553 700 debuerint
579 673 609 700 et
639 668 787 705 debeant,
812 667 842 699 in
875 668 1025 700 omnibus

279 726 309 753 et
328 731 386 764 per
412 720 536 758 onmia,
561 720 693 764 perinde
715 732 750 752 ac
773 720 797 752 si
820 720 1024 753 matrimonia

278 784 444 817 nunquam
470 773 716 813 contraxissent;
745 784 804 805 nec
832 783 898 805 non
926 784 1024 816 quae-

279 837 417 870 cumque
438 827 652 869 magistratus,
670 837 815 866 munera,
837 832 1025 870 praecepto-

277 880 351 919 rias,
375 880 555 922 dignitates,
573 880 678 912 officia
698 885 729 912 et
747 880 905 912 beneficia
925 890 1023 922 quae—

278 944 417 977 cumque
438 934 541 967 dictae
562 933 693 966 militiae
724 934 763 966 de
783 933 937 966 Montesia
964 933 1023 965 sibi

278 987 356 1021 alias
377 988 530 1021 canonice
545 988 661 1020 collata
681 993 734 1020 aut
756 988 952 1020 conferenda
973 998 1023 1020 rc-

277 1041 395 1085 cipere‚
409 1047 440 1074 et
452 1047 581 1085 recepta
594 1047 623 1074 et
637 1042 768 1074 obtenta
780 1047 832 1074 aut
850 1042 1024 1074 obtinenda

276 1095 435 1134 retinere·,
459 1095 516 1127 filii
537 1106 667 1138 quoqne
687 1100 715 1127 et
737 1095 891 1128 haeredes
912 1106 947 1127 ex
969 1105 1023 1128 eo-

276 1159 349 1181 rum
370 1148 513 1190 legitimo
546 1148 752 1181 matrimonio
783 1148 941 1191 procreati
971 1154 1025 1180 aut

276 1202 480 1246 procreandi,
505 1212 569 1234 non
591 1212 682 1234 secus
702 1212 738 1234 ac
758 1201 815 1233 filii
843 1201 1023 1245 praedicto-

277 1266 349 1288 rum
381 1261 628 1299 praeceptorum
659 1261 689 1288 et
720 1256 854 1288 fratrum
886 1255 1023 1288 militum

276 1309 307 1343 S.
331 1309 436 1342 Iacobi
461 1309 526 1342 suis
555 1309 742 1352 parentibus
771 1309 943 1341 succedere
972 1320 1024 1341 so-

277 1363 354 1403 lent,
386 1362 506 1406 pariter
535 1368 690 1406 perpetuo
720 1363 893 1395 succedere
924 1362 1024 1395 libere

277 1421 306 1448 et
328 1416 413 1449 licite
433 1416 558 1448 valeant
580 1416 611 1448 in
626 1416 778 1448 omnibus
791 1421 819 1448 ct
832 1426 890 1459 per
901 1415 1019 1448 onmia.

322 1470 380 1514 §4
397 1470 584 1503 Praesentes
597 1480 672 1502 vero
690 1469 810 1502 litteras
832 1470 870 1502 de
891 1470 1024 1513 subrep-

1057 350 1167 393 quavis
1187 350 1337 383 firmitate
1358 350 1419 383 alia
1440 351 1610 389 roboratis,
1631 353 1755 385 statutis
1776 359 1804 386 et

1057 403 1354 439 eonsuvmdinihus,
1378 403 1611 441 stabilimentis,
1636 405 1745 437 usibus
1776 412 1806 438 et

1058 456 1190 494 naturis,
1204 456 1352 499 illiusque
1366 456 1552 489 fundatione
1565 462 1593 489 et
1608 457 1805 491 institutione

1059 509 1255 553 caeterisque
1277 510 1445 542 contrariis
1465 510 1734 554 quibusmiu'ique.

1103 562 1216 594 Datum
1237 562 1358 595 Romae
1379 563 1465 605 apud
1485 563 1636 596 Sanctum
1658 564 1801 601 Petrum,

1059 615 1117 646 sub
1143 615 1262 647 annulo
1284 615 1466 653 Piscatoris,
1491 616 1542 648 dic
1573 627 1603 649 1-1
1626 617 1805 649 decembris

1060 678 1259 707 Murxxan,
1284 668 1490 710 pontificatus
1510 669 1611 701 nostri
1631 680 1716 703 anno
1737 681 1778 703 iv.

1095 728 1153 755 Dat.
1166 728 1209 755 die
1229 729 1245 755 6
1261 737 1321 755 nov.
1342 729 1419 762 1588,
1441 732 1514 765 pont.
1532 739 1575 757 an.
1590 738 1625 758 lv.

1367 886 1497 919 XXXVI.

1058 983 1224 1015 Decretum
1247 993 1343 1026 super
1361 984 1516 1016 clausura
1532 986 1751 1018 conservanda
1768 987 1801 1018 in

1104 1036 1309 1067 monasteriis
1328 1037 1527 1069 monialium
1546 1038 1804 1082 archiepiscopa-

1104 1093 1154 1121 tus
1174 1089 1428 1122 Meclz‘olanensis
1448 1090 1468 1122 ¹.

1115 1186 1286 1214 Venerabili
1313 1187 1402 1214 fratri
1430 1188 1552 1221 Gaspari
1576 1188 1750 1217 vicecomiti

1195 1232 1425 1266 archiepiscopo
1452 1233 1670 1261 Mediolanensi

1288 1313 1403 1343 Sixtus
1417 1313 1511 1354 Papa
1526 1313 1566 1343 V.

1066 1389 1251 1417 Venerabilis
1270 1390 1383 1422 Frater,
1397 1391 1527 1418 salutem
1543 1393 1573 1418 et
1593 1390 1791 1424 apostolicam

1301 1434 1554 1462 Benedictionem.

1711 294 1774 328 :3:37
1821 305 1870 332 An.
1888 306 1916 332 c.
1938 305 2004 334 ¹589

104 1532 215 1553 clausulae
224 1538 262 1558 pro

77 1559 166 1580 huiusce
192 1559 262 1579 dvcta-

77 1585 164 1606 rationis
200 1585 261 1606 sirmi·

78 1614 129 1632 tate.

277 1523 383 1563 tionis,
400 1523 599 1567 obreptionis
619 1529 678 1555 aut-
692 1523 846 1555 nullitatis
867 1523 952 1559 vitio,
977 1523 1024 1555 in—

278 1576 428 1609 tentionis
448 1582 575 1609 nostrae
596 1576 644 1608 vet
675 1576 787 1619 quovis
808 1576 869 1608 alio
900 1576 1023 1608 defectu

278 1629 411 1662 minime
432 1629 626 1673 impugnari,
650 1629 828 1667 invalidari,
853 1630 892 1664 ad
913 1629 1023 1662 termi-

1103 1526 1117 1568 ᾗ
1138 1525 1167 1557 l.
1188 1524 1343 1568 Cum—per
1363 1525 1490 1558 des-reta
1510 1526 1704 1558 sacrosancti
1722 1526 1803 1559 Con·
1820 1533 2004 1580 {1'5'0s05sl⁵-,⁶“'¹:⁴?¹7

1058 1580 1121 1612 cilii
1134 1580 1311 1612 Tridentini
1325 1585 1352 1612 et
1367 1580 1581 1623 plurimorum
1602 1591 1803 1613 summorum
1820 1566 2004 1633 {gje31gaiffifffiiiilg

1057 1634 1249 1666 Pontificum
1288 1634 1573 1677 praedecessorum
1619 1640 1803 1666 nostrorum
1819 1619 2004 1688 ifssisiiiigessfltilg}

1058 1686 1300 1719 constitutiones
1321 1686 1466 1719 custodia
1486 1686 1653 1718 clausurae
1685 1692 1803 1719 sancti·
1820 1695 1919 1715 nasu-ru.

128 2602 265 2623 Obstanlibus

82 2629 177 2656 derogat.

277 1695 336 1717 nos
356 1684 434 1716 iuris
454 1684 575 1723 reduci,
599 1690 651 1716 aut
673 1684 704 1716 in
736 1684 786 1716 ius
816 1684 863 1716 vel
895 1689 1024 1716 contro-

277 1737 413 1770 versiam
443 1737 586 1770 revocari
617 1738 684 1770 ullo
717 1737 813 1769 modo
845 1748 937 1780 posse
970 1744 1022 1770 aut

277 1791 406 1831 dehere,
423 1791 478 1824 sed
499 1791 568 1824 illas
582 1802 619 1824 ac
638 1791 712 1824 inde
733 1801 791 1834 pro
813 1796 958 1834 tempore
975 1802 1024 1823 se-

277 1850 376 1888 quuta
406 1854 641 1888 quaecumque,
672 1844 775 1876 valida
805 1849 962 1887 perpetuo
994 1850 1022 1877 ct

277 1899 418 1932 efficacia
439 1900 517 1937 fore,
541 1909 576 1931 ac
597 1903 785 1942 perpetuam
816 1898 942 1930 roboris
967 1898 1022 1930 tir-

278 1953 420 1986 mitatem
442 1952 603 1989 obtinere3
626 1951 736 1994 sicque
768 1961 825 1994 per
849 1961 1022 1994 quoscum-

277 2017 340 2050 que
352 2005 474 2039 iudices
488 2010 517 2038 et
529 2004 777 2044 commissarios,
793 2004 903 2047 quavis
914 2010 1024 2037 aucto-

277 2059 370 2092 ritate
390 2060 568 2100 fungentes,
593 2057 688 2090 etiam
713 2057 824 2091 Palatii
849 2058 1022 2101 Apostolici

279 2123 448 2145 causarum
469 2111 630 2144 auditores
657 2116 688 2143 et
706 2111 736 2144 S.
760 2111 796 2144 R.
820 2111 853 2143 E.
879 2111 1024 2144 cardina-

278 2166 334 2205 les,
358 2165 483 2198 sublata
503 2164 547 2197 eis
568 2169 597 2196 et
618 2174 730 2196 eorum
757 2163 887 2196 cuilibet
914 2165 1024 2207 quavis

279 2218 371 2250 aliter
390 2217 553 2250 iudicandi
574 2222 604 2249 et
624 2217 855 2259 interpretandi
876 2218 1024 2250 facultate

279 2276 311 2304 et
329 2270 528 2309 auctoritate,
546 2269 679 2302 iudicari
694 2275 722 2301 et
737 2270 866 2302 diffiniri
888 2271 1020 2306 debere:

279 2334 339 2357 nec
356 2334 421 2356 non
439 2323 577 2361 irritum,
592 2322 615 2354 si
630 2333 721 2355 secus
734 2323 890 2366 superbis
911 2334 928 2355 a
943 2334 1023 2366 quo-

280 2388 393 2421 quam,
429 2376 538 2420 quavis
569 2376 774 2412 auctoritate,
809 2376 946 2409 scienter
976 2378 1023 2409 vel

280 2431 476 2472 ignoranter,
511 2429 681 2469 contigerit
710 2429 868 2468 attentari,
900 2429 1023 2462 irritum

281 2489 311 2516 et
331 2483 425 2515 inane
447 2482 650 2515 decernimus
670 2488 701 2514 et
722 2482 932 2515 declaramus.

325 2537 340 2580 ξ
372 2536 402 2569 5.
437 2536 506 2568 Non
538 2535 738 2568 obstantibus
776 2536 958 2580 praemissis
990 2547 1025 2569 ac

281 2588 563 2625 constitutionibus
595 2586 631 2621 ct‘
660 2589 916 2622 ordinationibus
950 2600 1026 2633 apo-

281 2642 410 2681 stolicis,
435 2641 602 2684 dictaeque
633 2641 765 2674 militiae
797 2643 836 2675 de
861 2642 1022 2681 Montesia,

281 2696 474 2735 iuramento,
498 2695 744 2728 confirmatione
774 2696 950 2740 apostolica
978 2696 1026 2728 vel

365 2767 444 2794 Ball.
464 2767 542 2795 Rom.
566 2767 627 2793 Vol.
643 2767 687 2794 IX
885 2767 918 2794 43

1057 1740 1247 1772 'monialium
1263 1748 1358 1783 (quae
1379 1740 1468 1772 nullo
1481 1740 1578 1772 modo
1599 1739 1722 1771 facilius
1736 1739 1803 1771 vio-

1058 1794 1115 1826 lari
1137 1799 1238 1837 potest
1260 1804 1357 1836 quam
1372 1804 1408 1825 cx
1423 1793 1540 1825 mutuis
1562 1793 1804 1825 conversatione

1058 1852 1086 1879 ct
1108 1846 1276 1889 colloquiis
1297 1856 1508 1889 personarum
1540 1845 1754 1878 saecularium
1776 1852 1805 1879 et

1057 1900 1194 1932 aliorum
1216 1900 1336 1943 absque
1357 1900 1422 1931 ulla
1443 1899 1585 1941 legitima
1603 1910 1698 1932 causa
1719 1905 1748 1932 et
1770 1900 1806 1931 li-

1057 1952 1160 1985 centia
1176 1953 1215 1985 ad
1233 1963 1285 1985 eas
1306 1952 1552 1995 accedentium),
1570 1952 1806 1985 venerabilibus

1058 2004 1206 2036 tratribus
1227 2004 1343 2036 nostris
1364 2003 1522 2047 episcopis
1540 2004 1732 2036 demandata
1753 2003 1802 2041 sit,

1057 2057 1122 2100 qui,
1147 2062 1179 2089 ut
1200 2057 1388 2100 plurimum,
1413 2057 1451 2088 de
1481 2067 1693 2100 personarum
1726 2068 1805 2100 qua-

1058 2111 1143 2143 litate
1165 2117 1192 2143 et
1215 2111 1452 2153 colloquiorum
1471 2111 1671 2149 necessitate,
1687 2121 1722 2143 ac
1736 2110 1806 2154 qui-

1058 2164 1117 2196 bus
1149 2163 1254 2207 potius
1285 2163 1490 2206 colloquendi
1527 2169 1558 2195 et
1595 2163 1805 2196 conversandi

1058 2217 1204 2249 licentiae
1237 2217 1463 2249 concedendae
1495 2216 1543 2248 vel
1581 2216 1801 2257 denegandae,

1058 2276 1129 2303 sunt
1152 2269 1313 2303 informati
1335 2280 1371 2301 ac.
1401 2280 1468 2302 esse
1498 2270 1626 2308 debent,
1651 2275 1747 2312 atque
1774 2270 1805 2303 id

1059 2324 1172 2357 melius
1193 2323 1288 2356 etiam
1310 2323 1412 2355 facere
1433 2328 1566 2366 possunt
1597 2323 1637 2355 ob
1666 2323 1805 2356 auctori-

1061 2383 1154 2410 tatem
1194 2383 1223 2409 et
1261 2377 1515 2409 iurisdictionem
1546 2388 1643 2420 quam
1674 2383 1737 2409 tam
1774 2377 1806 2410 in

1059 2442 1212 2474 personas
1241 2431 1472 2464 ecclesiasticas
1508 2442 1605 2474 quam
1626 2432 1806 2464 saeculares

1060 2495 1280 2527 quascumque
1320 2490 1522 2517 exercerent:
1559 2495 1683 2527 nosque
1720 2495 1807 2516 sum-

1060 2547 1191 2580 mopere
1212 2537 1380 2581 cupiamus
1401 2538 1584 2570 clausuram
1605 2538 1707 2581 ipsam
1731 2549 1805 2570 san-

1060 2590 1305 2628 ctimonialium,
1330 2602 1387 2634 pro
1409 2602 1520 2624 earum
1542 2591 1648 2634 quiete
1669 2597 1699 2624 et
1721 2597 1805 2624 tran-

1060 2643 1227 2686 quillitate,
1251 2655 1287 2677 ac
1308 2644 1347 2677 ad
1369 2644 1515 2677 evitanda
1544 2644 1695 2677 scandala
1723 2655 1805 2687 quae

1098 2707 1109 2733 1
1133 2706 1170 2733 Ex
1187 2706 1294 2741 Regest.
1309 2706 1336 2732 in
1351 2706 1457 2733 Secret.
1478 2705 1614 2733 Brevium.
