2226 3070
179 313 231 339 An.
248 312 275 339 C.
298 312 362 340 1588

210 1121 362 1142 Praessenltbus<

180 1159 218 1180 que
230 1153 308 1173 titterts
317 1158 364 1177 per-

179 1187 254 1209 pernae
270 1184 363 1204 firmita-

180 1216 205 1235 tis
220 1216 283 1236 robur
295 1215 357 1235 addit.

241 1873 363 1894 Estunidem

179 1907 308 1925 etecutores
331 1906 367 1925 tte-

180 1936 245 1960 putat.

420 300 484 334 3118

973 307 1152 331 BULLARIUM
1176 306 1327 330 ROMANUM

378 369 408 396 et
428 374 464 396 ex
484 363 644 396 fructibus
655 363 814 395 dictarum
837 359 1049 394 ecclesiarum
1062 370 1133 402 per·
1176 358 1324 390 invocato
1341 357 1435 390 etiam
1456 359 1495 390 ad
1509 358 1582 393 boc.
1605 357 1629 389 si
1651 368 1733 400 opus
1745 358 1850 397 fuerit,
1871 369 1928 390 au-

378 417 540 456 solvendo,
569 416 766 449 constituere
792 420 819 445 et
848 414 1025 456 deputare:
1053 412 1132 444 resi-

377 471 478 503 duum
498 481 574 502 vero
604 471 767 501 fructuum
795 467 956 499 dictarum
979 466 1132 498 ecelesia-

378 533 451 556 rum
478 522 509 554 in
537 520 822 560 monasteriorum,
858 530 998 562 quorum
1029 518 1132 551 dietae

377 576 531 610 ecclesiae
549 575 697 613 existunt,
719 585 775 606 seu
795 584 811 605 a
833 573 963 616 quibus,
986 579 1019 605 ut
1041 583 1133 617 prae·

379 632 491 669 fertur,
509 629 707 672 deisiemlent,
724 627 877 670 illiusque
897 627 1131 660 monachorum

379 694 454 716 usus
475 688 502 715 et
526 681 698 714 utilitatem
720 687 907 713 convertere
928 680 1030 713 libere
1043 685 1073 713 et
1094 680 1132 712 li-

378 737 440 769 rite
461 735 582 779 possint
607 742 635 767 et
659 735 795 773 valeant,
817 734 995 778 apostolica
1021 739 1132 767 aucto-

379 790 479 826 ritate,
501 781 612 822 tenore
633 788 863 832 praesentium,
886 789 1047 827 volumus,
1070 794 1133 820 sta-

377 843 498 876 tuimus
510 848 606 885 atque
623 842 841 881 decernimus,
862 841 987 885 illisque
1005 842 1132 885 plenam

377 897 415 929 ad
441 896 473 929 id
493 895 669 935 licentiam,
688 896 872 929 taeultatem
892 901 922 928 et
942 901 1132 939 potestatem

377 961 414 983 ac
452 950 677 984 aus-toritatem
709 949 920 983 concedimus
948 955 975 982 et
1011 949 1132 993 impar-

379 1004 490 1036 timur.

421 1058 436 1101 ξ
457 1057 487 1090 4.
507 1058 571 1090 Nec
588 1069 652 1090 non
674 1063 859 1101 praesentes
877 1057 997 1090 litteras
1015 1057 1134 1089 validas

378 1117 408 1144 et
428 1111 574 1144 efficaces
593 1111 727 1144 existere
749 1116 779 1143 et
799 1113 879 1149 t'ore,
902 1121 1041 1154 suosque
1065 1111 1132 1154 ple-

378 1165 486 1198 narios
503 1166 636 1198 effectus
659 1165 767 1198 sortiri
795 1165 931 1203 debere,
962 1164 1074 1207 sicque
1102 1164 1132 1196 in

378 1219 563 1262 praemissis
573 1218 726 1251 omnibus
735 1218 871 1258 censeri,
884 1224 912 1250 et
923 1218 964 1251 ita
972 1230 1030 1261 per
1037 1230 1134 1261 quos-

377 1284 517 1316 cumque
538 1273 662 1305 iudices
683 1278 714 1305 et
734 1271 974 1305 commissarios
1004 1277 1034 1304 et
1055 1283 1132 1304 cau-

377 1337 485 1359 sarum
506 1326 615 1359 Palatii
637 1326 812 1369 Apostoliri
826 1326 992 1359 auditores
1008 1337 1045 1358 ae
1058 1337 1130 1358 san-

377 1386 446 1413 etae.
461 1381 625 1413 Romanae
643 1379 805 1413 Ecclesiae
823 1379 1016 1416 cardinales,
1037 1379 1132 1412 etiam

378 1435 415 1466 de
440 1436 539 1467 latere
564 1435 703 1477 legatos,
734 1434 859 1466 sublata
891 1433 937 1466 eis
963 1438 995 1465 et
1019 1444 1132 1466 eorum

378 1488 509 1521 cuilibet
522 1488 633 1531 quavis
646 1488 740 1520 aliter
756 1486 924 1520 iudicandi
936 1492 967 1519 et
979 1487 1134 1531 iuterpre-

379 1542 466 1575 tandi
486 1542 636 1575 facultate
648 1547 679 1574 et
696 1541 898 1580 auctoritate,
914 1542 1034 1584 ubique
1052 1542 1134 1574 iudi-

379 1596 443 1628 cari
463 1601 494 1629 et
507 1595 641 1628 distiniri
654 1595 788 1635 deberej,
803 1607 839 1628 ae
853 1595 979 1628 irritum
993 1601 1023 1628 et
1038 1595 1133 1629 inane

380 1650 599 1689 decernimus,
617 1650 641 1682 si
655 1661 747 1682 secus
758 1649 917 1693 superbis
928 1661 943 1681 a
957 1660 1132 1693 quoquam,

380 1704 491 1747 quavis
503 1703 707 1742 auctoritate,
721 1703 861 1736 scienter
872 1704 919 1735 rel
935 1703 1132 1746 ignoranter,

379 1756 549 1799 contigerit
569 1755 732 1789 attentari.

423 1812 437 1853 g
458 1810 489 1843 5.
511 1809 669 1848 Quocirca
691 1809 816 1842 dilectis
837 1809 911 1842 tiliis
929 1810 1131 1843 bracharen-

379 1864 420 1896 sis
442 1869 471 1896 et
486 1863 751 1906 Portugallieusis
771 1863 983 1896 ecclesiarum
1004 1862 1134 1897 decanis

381 1929 440 1960 per
455 1918 632 1962 apostolica
652 1917 771 1961 scripta
792 1918 994 1954 mandamus,
1018 1923 1133 1961 quate-

381 1982 441 2003 nus
462 1971 534 2014 ipsi,
559 1971 605 2004 vel
630 1971 724 2003 ambo
750 1977 803 2003 aut
820 1981 905 2003 unus
926 1981 1052 2009 eorum,
1075 1982 1133 2015 per

381 2036 413 2059 se
434 2026 482 2057 vel
504 2025 602 2057 alium
620 2036 675 2057 seu
697 2024 786 2065 alios,
805 2030 992 2068 praesentes
1012 2025 1135 2058 litteras

380 2090 416 2112 ac
438 2079 469 2111 in
500 2079 544 2111 eis
575 2085 727 2111 contenta
756 2090 995 2122 quaecumque,
1022 2079 1077 2111 ubi
1104 2085 1133 2112 et

380 2133 510 2177 quando
532 2144 613 2176 opus
645 2133 751 2173 l'uerit,
779 2138 809 2165 et
840 2133 967 2176 quoties
989 2134 1133 2176 requisiti

382 2187 523 2226 fuerint,
555 2187 744 2219 solemniter
774 2186 987 2230 publicantes,
1018 2187 1135 2219 faciant

381 2241 570 2274 auctoritate
584 2246 692 2272 nostra
708 2240 884 2284 praemissa
898 2241 1007 2273 omnia
1023 2241 1134 2274 obser-

381 2295 465 2334 varis
488 2294 742 2327 contradictores
762 2294 921 2337 quoslibet
948 2300 979 2327 et
999 2294 1136 2328 rebelles

381 2354 411 2380 et
440 2348 625 2391 praemissis
654 2358 718 2380 non
750 2353 898 2391 parentes
924 2359 981 2391 per
1006 2354 1134 2382 senten-

382 2405 451 2444 tias,
474 2416 626 2438 censuras
638 2412 668 2438 et.
679 2416 799 2448 poenas
811 2405 1044 2440 ecclesiasticas
1059 2407 1135 2440 alia-

381 2474 444 2508 que
465 2469 648 2507 opportuna
667 2463 746 2496 iuris
767 2470 795 2496 et
811 2464 885 2497 sacti
907 2465 1062 2505 remedia,
1076 2477 1133 2509 ap-

382 2522 554 2565 pellatione
576 2522 765 2565 postposita,
796 2522 1052 2566 compescendo,
1075 2534 1134 2556 nec

380 2590 446 2613 non
466 2580 619 2624 legitimis
639 2591 736 2624 super
755 2580 804 2612 his
825 2581 981 2614 habendis
1002 2582 1135 2614 serratis

380 2637 596 2682 processibus,
624 2638 695 2671 illos
726 2638 910 2678 sententias,
933 2649 1085 2672 censuras
1105 2646 1136 2672 et

381 2707 501 2741 poenas
521 2696 708 2730 huiusmodi
733 2696 909 2730 incurrisse
922 2697 1130 2738 declarando,

1176 411 1251 444 xilio
1269 410 1393 444 brachii
1413 410 1598 443 saecularis.

1220 468 1234 507 ᾗ
1256 464 1286 497 6.
1315 465 1383 497 Non
1404 464 1605 497 obstantibus
1626 463 1792 507 quibusvis
1812 465 1930 497 consti-

1175 518 1356 552 tutionibus
1376 529 1412 551 ao
1432 517 1671 562 provisionibus
1691 517 1929 551 ordinariorum
1945 507 1999 526 ¹⁰¹⁰*

1176 572 1214 604 de
1236 572 1305 604 iure
1326 572 1375 605 vel
1403 570 1638 604 consuetudine
1665 576 1695 603 et.
1726 571 1844 604 litteris
1875 582 1930 615 pa—

1175 625 1318 659 tentibus
1352 626 1391 658 de
1419 624 1513 657 dictis
1547 624 1693 657 eeclesiis
1724 625 1762 657 ad
1790 626 1929 658 savorem

1177 679 1321 723 ipsorum
1344 679 1576 712 monachorum
1595 678 1634 711 ad
1651 689 1765 711 eorum
1780 678 1876 711 vitam
1888 679 1932 711 fa-

1176 733 1254 772 ‹:tis;
1278 744 1313 765 ae
1332 732 1499 776 quibusvis
1516 732 1722 765 facultatibus
1742 732 1930 765 instituendi

1175 787 1214 819 ad
1236 786 1330 819 vitam
1352 786 1383 818 iu
1402 786 1496 819 dictis
1512 786 1656 819 eeclesiis
1672 792 1735 818 tam
1755 785 1932 819 monachos

1176 851 1273 883 quam
1295 840 1375 872 alios
1395 850 1632 883 quoscumque,
1655 850 1794 872 necnon
1819 840 1931 882 regula

1176 894 1214 926 de
1228 894 1298 927 iure
1310 894 1456 937 quaesito
1469 904 1533 926 non
1549 894 1704 933 tollendo,
1724 899 1754 925 et
1765 893 1931 936 quibusvis

1176 947 1247 980 aliis
1268 947 1454 990 apostolicis
1483 947 1768 980 constitutionibus
1788 953 1816 979 et
1844 947 1930 979 ordi-

1176 1001 1373 1041 nationibus,
1405 1013 1439 1034 ac
1466 1001 1727 1044 congregationis
1755 1001 1931 1034 monacho-

1177 1066 1248 1088 rum
1271 1061 1298 1088 et
1325 1055 1454 1088 Ordinis
1480 1055 1736 1098 praedit-torum,
1764 1054 1859 1088 etiam
1880 1054 1930 1087 iu-

1178 1114 1323 1142 ramento
1338 1136 1345 1145 ,
1385 1108 1630 1141 confirmatione
1669 1108 1847 1152 alssiostoliea
1884 1107 1931 1140 vel

1175 1162 1288 1207 quavis
1308 1163 1460 1195 firmitate
1481 1162 1542 1194 alia
1564 1162 1734 1200 roboratis,
1757 1161 1883 1194 statutis
1903 1166 1930 1194 et

1177 1216 1483 1255 rottsuetuclinibus3
1508 1215 1682 1260 privilegiis
1707 1226 1850 1258 quoque,
1883 1215 1931 1247 in-

1176 1271 1274 1303 dultis
1300 1277 1331 1303 et
1359 1270 1473 1303 litteris
1494 1269 1681 1313 apostolicis
1702 1274 1765 1301 tani
1796 1279 1931 1311 congre-

1175 1324 1296 1367 gationi
1317 1325 1554 1357 monachorum
1576 1329 1602 1356 et
1621 1322 1732 1356 Ordini
1746 1322 1930 1366 praedictis.

1177 1378 1329 1421 illiusque
1351 1377 1531 1416 nionarhis,
1555 1388 1652 1420 quam
1676 1378 1821 1409 locorum
1844 1376 1931 1409 ordi-

1177 1432 1276 1464 nariis
1296 1437 1327 1463 et
1342 1431 1509 1475 quibusvis
1522 1431 1593 1463 aliis
1611 1429 1767 1474 personis,
1788 1429 1848 1462 sub
1863 1430 1931 1472 qui—

1177 1487 1379 1528 buscumque
1400 1484 1568 1518 tenoribus
1589 1490 1619 1517 et
1640 1483 1764 1523 formis,
1796 1495 1833 1516 ac
1858 1495 1931 1516 cuni

1177 1539 1343 1583 quibusvis
1363 1539 1518 1572 clausulis
1538 1543 1569 1571 et
1586 1538 1736 1577 decretis,
1754 1537 1786 1571 in
1807 1543 1933 1570 contra-

1178 1595 1261 1627 rium
1284 1594 1536 1638 praemissorum
1567 1592 1817 1636 quomodolibet
1853 1602 1931 1625 con-

1177 1649 1286 1688 cessis,
1323 1647 1524 1681 confirmatis
1552 1652 1582 1679 et
1614 1645 1783 1679 innovatis.
1810 1645 1934 1684 Quibus

1176 1696 1329 1735 omnibns
1349 1708 1380 1734 et
1400 1701 1546 1744 singulis,
1576 1699 1700 1733 etiamsi
1721 1709 1780 1742 pro
1801 1699 1932 1732 illorum

1177 1755 1351 1788 suttieienti
1372 1754 1594 1797 derogatione,
1616 1754 1655 1786 de
1672 1753 1735 1786 illis
1751 1763 1933 1797 eorumque

1177 1809 1249 1842 totis
1259 1809 1427 1842 tenoribus
1439 1807 1599 1852 specialis,
1612 1807 1774 1851 specifica,
1784 1817 1932 1850 expressa

1176 1868 1207 1896 et
1227 1863 1403 1903 individua,
1422 1873 1487 1895 uon
1505 1867 1612 1895 autem
1635 1872 1692 1904 per
1704 1861 1867 1894 clausulas
1879 1871 1932 1903 ge-

1177 1916 1392 1950 nerale-sidem
1402 1917 1626 1959 importantes,
1638 1914 1757 1947 mentio
1765 1925 1820 1947 seu
1831 1925 1931 1958 quae-

1176 1971 1221 2002 vis
1256 1971 1317 2003 alia
1343 1970 1506 2014 expressio
1536 1969 1706 2005 habenda,
1744 1973 1799 2001 aut
1823 1969 1931 2012 aliqua

1176 2025 1238 2057 alia
1258 2024 1416 2068 exquisita
1442 2026 1544 2056 t'orma
1568 2022 1606 2055 ad
1627 2025 1688 2055 boc
1709 2022 1863 2055 servanda
1884 2022 1931 2054 so-

1179 2085 1236 2117 ret,
1263 2079 1395 2111 illorum
1430 2076 1576 2110 omnium
1604 2082 1633 2109 et
1658 2076 1861 2119 singulorum
1890 2081 1934 2108 te.-

1177 2142 1272 2165 nores
1293 2131 1520 2175 praesentibus
1534 2141 1592 2174 pro
1614 2130 1708 2174 plene
1725 2135 1753 2162 et
1767 2128 1932 2162 sufficien-

1178 2192 1225 2218 tvr
1245 2185 1404 2230 expressis
1425 2185 1591 2224 babentes,
1624 2183 1688 2216 illis
1715 2182 1792 2215 alias
1821 2182 1852 2214 in
1873 2193 1932 2215 suo

1178 2239 1294 2272 robore
1313 2238 1544 2282 permansuris,
1572 2238 1631 2270 hac
1653 2237 1719 2269 vioe
1741 2236 1904 2268 dumtaxat
1923 2262 1930 2276 ,

1177 2293 1360 2337 specialiter
1381 2298 1412 2325 et
1432 2302 1581 2336 expresse
1608 2292 1815 2333 derogamus,
1845 2294 1931 2322 eete-

1178 2347 1286 2390 risquo
1304 2346 1475 2379 contrariis
1495 2345 1771 2389 quibuscumque.

1222 2401 1334 2434 Datum
1348 2401 1468 2434 Romae
1485 2400 1570 2443 apud
1583 2399 1615 2432 S.
1634 2399 1793 2437 Marcum,
1819 2398 1878 2431 sub
1900 2410 1933 2431 a-

1178 2455 1255 2487 nulo
1282 2454 1465 2493 piscatoris,
1492 2453 1543 2486 die
1564 2463 1617 2486 xm
1641 2452 1710 2485 iulii
1732 2462 1927 2492 uumxxrm,

1178 2508 1385 2552 pontificatus
1406 2507 1507 2540 nostri
1532 2517 1617 2539 anuo
1638 2516 1678 2538 iv.

1249 2566 1311 2596 Dat.
1329 2566 1375 2596 die
1392 2566 1428 2596 13
1444 2565 1508 2595 iulii
1532 2564 1879 2604 t588,p0=11is.annoiv.

1941 304 1994 331 An.
2011 303 2040 331 C.
2059 302 2127 330 1588

2017 475 2102 496 cociti-nt
2109 481 2126 495 in
