2226 3070
74 297 127 325 An.
144 295 173 324 C.
192 296 259 324 1590

108 1048 223 1069 Confirmat
239 1052 264 1067 e-

83 1081 155 1102 asdem
170 1079 266 1100 siwoh-

82 1113 206 1139 servarique
217 1117 266 1137 [ιπη-

83 1145 141 1171 πίμίιΔ

124 2458 279 2479 raeuiuiema.
295 2441 485 2476 auctoritate
505 2442 648 2486 capitulo
670 2442 746 2476 dicti
762 2441 890 2476 Ordinis
911 2444 1045 2476 fratrum

97 2489 280 2542 concesscaarilssff}
314 2541 320 2546 ,
367 2541 372 2546 ,
501 2541 506 2546 ,
657 2541 662 2546 ,

98 2552 180 2587 :ennon
203 2552 281 2572 immu-
295 2551 373 2574 riori
400 2552 456 2584 per
476 2541 618 2575 diversas
643 2541 763 2575 litteras
787 2541 980 2586 apostolicas
1001 2542 1045 2575 fa-

98 2584 281 2636 :33:2332522:
392 2638 397 2644 ,
455 2639 460 2644 ,
847 2639 852 2644 ,
893 2639 897 2644 ,
988 2639 993 2644 ,
1024 2639 1029 2644 ,

99 2646 283 2704 consulatuum}
296 2645 543 2672 constitutiones
559 2645 590 2672 et
605 2639 743 2682 Regulas
762 2639 801 2672 ad
821 2640 899 2673 dtcll
920 2638 1048 2673 Ordinis

99 2710 180 2731 senus.

98 2648 159 2667 voell

935 291 1039 315 swrus
1059 292 1076 314 V
1096 291 1143 315 PP.

76 362 258 409 sesspqrumeirbe-
274 347 388 380 nuntio
404 348 610 391 approbatas,
628 353 696 379 tuin
722 345 814 378 nobis
834 351 867 377 ut
895 351 1023 388 aposto-

76 395 100 415 ΕΙ]
112 395 178 410 ὃΙἸΙΙΠῚ
207 395 230 409 Su
246 400 258 403 -

76 423 134 447 iecit,
145 426 197 448 quae
207 427 259 441 non-

76 452 145 506 J‘euc'i'fs
161 452 259 472 ΝΜ·
274 459 331 490 tas:
345 465 418 487 cum
440 465 499 487 nos
516 454 644 487 dilectis
664 453 738 486 filiis
759 453 877 485 nostris
902 452 1020 485 suh&

273 400 335 433 lica
364 401 555 434 anctoritate
576 400 849 434 confirmarentur
876 399 1023 442 proposi-

274 507 493 540 cardinalibus
512 518 610 551 super
631 506 1025 547 consultationibusregu-

275 561 393 594 larium
415 561 576 604 deputatis
597 560 825 593 examinandas
847 559 1027 592 commisis-

275 625 394 654 semus,
418 614 514 648 iidem
537 614 716 647 cardinales
736 613 776 645 ad
807 613 877 645 illas
901 617 1026 644 mature

276 673 306 700 et
327 667 498 710 diligenter
518 679 576 711 per
595 678 650 700 eos
670 676 855 710 perpensas,
868 665 1028 698 examina-

278 728 323 754 tas
339 727 371 754 et
385 721 582 760 emendatas,
594 720 701 763 aliqua
722 720 784 753 alia
805 719 910 762 capita
931 719 1029 751 maxi-

280 785 330 807 me
350 774 532 807 necessaria
557 773 762 812 addiderunt,
786 778 881 817 prout
902 773 933 805 in
950 783 1027 805 con-

278 827 502 861 stitutionibus
530 828 664 868 eisdem,
693 838 773 871 quas
807 826 1030 870 praesentibus

277 881 317 914 ad
337 881 472 914 verbum
497 880 595 915 inseri
615 881 789 921 voluimus,
803 880 931 925 plenius
952 890 1029 913 con-

278 934 409 967 tinetur.

323 988 338 1031 ἓ
362 988 392 1022 5.
421 987 500 1021 Cum
521 994 629 1022 autem
654 999 724 1029 nos,
759 988 906 1021 felicibus
935 987 1033 1021 liuius

281 1042 543 1085 congregationis
574 1042 745 1087 principiis
773 1042 980 1075 vehementer
1001 1042 1032 1074 in

280 1096 418 1129 Domino
439 1097 630 1140 gaudentes,
651 1096 812 1130 feliciores
830 1097 861 1129 in
877 1095 944 1130 dies
958 1107 1032 1140 pro-

282 1160 409 1193 gressus
429 1150 461 1182 in
482 1161 518 1183 ea
541 1151 716 1195 praecipue
744 1161 802 1194 per
831 1150 932 1183 dictas
964 1161 1032 1183 mo-

282 1203 384 1237 niales
405 1204 475 1237 fieri
501 1204 640 1237 maxime
658 1203 841 1248 cupiamus,
864 1204 935 1237 ideo
956 1214 1032 1237 con-

283 1257 466 1291 stitutiones
491 1258 672 1301 praedictas
691 1258 814 1302 quippe
840 1258 978 1303 optimas
1005 1264 1034 1292 et

284 1311 422 1345 maxime
442 1312 598 1346 salutares
628 1311 789 1356 perpetuo
819 1312 1036 1346 observandas

283 1375 352 1399 esse
372 1365 570 1399 censuimus.
594 1366 696 1410 Igitur
721 1372 810 1400 motu
827 1365 974 1410 proprio,
1006 1371 1034 1399 et

284 1430 322 1452 ex
336 1424 424 1452 certa
439 1426 550 1453 nostra
569 1420 714 1460 seientia,
728 1431 765 1453 ac
785 1420 823 1453 de
841 1419 1037 1464 apostolieae

287 1472 450 1517 potestatis
465 1473 681 1517 plenitudine,
704 1473 833 1507 easdem
854 1473 993 1516 Regulas
1008 1478 1036 1506 et

286 1526 543 1568 constitutiones,
566 1532 601 1560 ut
616 1528 809 1571 praefertur,
828 1527 1036 1567 examinatas,

287 1586 450 1614 correctas
475 1586 506 1614 et
525 1586 648 1620 auctas,
681 1581 972 1624 praesentibusque
994 1581 1038 1613 in-

289 1634 386 1667 ferius
403 1639 582 1676 annotatas,
594 1634 705 1678 viginti
723 1640 863 1679 quatuor
880 1634 1039 1678 capitibus

289 1688 552 1732 comprehensas,
575 1687 752 1733 apostolica
771 1688 974 1728 auctoritate,
996 1694 1041 1722 te-

289 1753 367 1775 nore
380 1742 612 1786 praesentium,
629 1749 788 1786 perpetuo
809 1742 1041 1776 confirmamus

289 1801 321 1829 et
344 1796 574 1840 approbamus3
598 1796 727 1840 illisque
747 1801 923 1840 perpetuae
944 1802 973 1830 et
994 1797 1042 1829 in-

289 1849 447 1883 violabilis
463 1850 659 1894 apostolicae
670 1849 831 1883 firmitatis
844 1850 944 1883 robur
964 1850 1043 1883 adii-

291 1904 406 1945 cimus;
427 1910 525 1948 atque
546 1910 582 1938 ut
600 1915 618 1937 a
640 1904 837 1938 monialibus
858 1904 934 1948 ipsis
955 1904 1042 1938 aliis-

291 1968 354 2001 que
374 1957 537 1999 omnibus,
566 1969 648 2001 quos
683 1964 898 1999 concernunt,
930 1959 1042 1992 firmae

292 2018 323 2045 et
347 2012 519 2045 inviolatae
549 2017 707 2056 perpetuo
737 2012 960 2053 observentur,
983 2013 1043 2045 sul)

293 2066 406 2110 poenis
425 2066 458 2098 in
479 2065 524 2100 eis
544 2066 702 2100 contentis
722 2066 894 2110 statuimus
909 2073 938 2100 et
956 2077 1045 2100 man-

294 2120 421 2161 damus,
442 2120 632 2164 supplentes
652 2131 764 2154 omnes
777 2127 805 2154 et
821 2131 1045 2164 quoscumque

295 2179 358 2207 tam
379 2173 459 2207 iuris
478 2184 576 2217 quam
596 2174 670 2208 facti
690 2185 728 2208 ac
749 2174 845 2208 etiam
858 2174 1045 2208 solemnita-

294 2233 363 2261 tum
383 2227 492 2261 forsan
512 2227 741 2272 requisitarum
763 2228 921 2269 defectus,
944 2228 969 2261 si
990 2229 1045 2273 qui

293 2280 326 2313 in
364 2280 549 2325 praemissis
582 2281 828 2325 quomodolibet
866 2282 1045 2316 intervene-

293 2340 381 2368 runt.

337 2387 404 2431 336.
431 2389 475 2422 Ae
499 2389 635 2432 insuper
654 2388 731 2433 quia
763 2389 840 2422 alias
870 2390 1047 2433 apostoliea

294 2491 580 2532 Discalceatoiaim,
600 2492 648 2525 vel
666 2491 746 2525 forte
764 2492 935 2525 cuivisatio
949 2503 1046 2536 supe-

296 2590 397 2623 cultas
417 2590 543 2630 edendi,
554 2590 713 2624 alterandi
733 2596 787 2623 aut
812 2591 1046 2635 interpretandi

297 2694 328 2724 et
342 2689 600 2733 congregationis
610 2689 879 2733 gubernationem
897 2699 1049 2724 concessa

1705 280 1769 313 205
1828 289 1870 317 An
1900 288 1929 317 c.
1946 289 2012 317 1590

1066 344 1135 376 fuit:
1159 354 1197 376 ne
1219 349 1389 388 propterea
1404 342 1525 385 aliquid
1538 347 1650 375 contra
1663 342 1814 385 praeniis-

1066 408 1114 429 sas
1127 397 1374 429 constitutiones
1391 396 1504 435 editas,
1524 405 1607 438 quae
1634 400 1719 427 tanta
1741 406 1814 427 cum

1067 451 1252 493 diligentia,
1286 461 1364 483 cura
1398 455 1426 482 et
1461 449 1663 489 maturitate,
1704 448 1816 481 audito

1067 505 1163 538 ctiam
1196 505 1344 537 consulto
1379 504 1512 536 fratrum
1552 503 1814 546 praedictorum,

1068 569 1164 601 quein
1186 564 1299 591 vocant
1319 563 1439 591 asserto
1458 562 1680 601 procuratore,
1699 556 1730 589 in
1745 566 1820 589 con-

1068 612 1252 654 gregatione
1267 612 1427 645 dictorum
1440 611 1654 644 cardinalium
1677 610 1715 643 de
1732 620 1820 643 inan-

1069 666 1141 698 dato
1159 671 1269 699 nostro
1290 676 1482 710 perpensae,
1504 664 1703 698 examinatae
1717 670 1748 698 et
1767 675 1821 707 ap-

1070 719 1226 761 probatae
1262 720 1403 757 t'uerunt,
1434 718 1556 752 editum
1589 729 1648 762 pro
1676 723 1822 762 tempore

1071 779 1239 815 appareat,
1270 773 1462 805 auctoritate
1492 772 1680 816 apostolica,
1710 778 1822 805 tenore

1072 826 1305 869 praesentium,
1317 826 1499 859 facultatem
1511 825 1707 870 praedictam
1717 825 1823 869 quoad

1073 878 1229 911 moniales
1250 879 1334 922 ipsas
1360 884 1483 911 tantum
1505 884 1663 922 perpetuo
1693 889 1823 911 revoca·

1074 943 1158 972 mus,
1189 943 1249 965 nec
1281 932 1398 976 cuique
1430 931 1677 965 constitutiones
1710 932 1824 965 huius-

1075 986 1162 1019 modi
1183 986 1354 1026 alterandi,
1377 985 1533 1026 mutandi,
1556 985 1744 1019 moderandi
1772 992 1827 1019 aut

1075 1040 1188 1084 quovis
1208 1045 1301 1085 pacto
1323 1040 1419 1073 etiam
1440 1040 1479 1072 ad
1493 1039 1762 1073 evidentissimam
1777 1040 1825 1072 di·

1076 1100 1201 1127 ctarum
1224 1094 1415 1128 monialium
1441 1093 1627 1133 utilitatem,
1649 1093 1729 1127 alias
1749 1104 1826 1127 eon-

1076 1148 1259 1182 stitutiones
1277 1149 1325 1182 vel
1342 1149 1491 1191 Regulas,
1514 1147 1575 1181 nisi
1595 1147 1672 1191 ipsis
1692 1147 1828 1191 petenti-

1075 1202 1155 1243 bus,
1178 1213 1238 1236 nec
1268 1202 1452 1236 inconsulto
1486 1202 1632 1235 Romano
1659 1201 1826 1241 Pontifici,

1077 1256 1192 1290 edendi
1213 1257 1259 1289 fas
1280 1267 1348 1290 esse
1368 1256 1529 1289 volumus.

1121 1310 1136 1354 ξ
1161 1310 1190 1343 7.
1218 1310 1255 1343 Et
1282 1309 1506 1350 nihilominus,
1524 1309 1549 1343 si
1571 1319 1654 1352 quac
1673 1308 1830 1342 hactenus
1859 1313 2027 1364 dsstquwlvssm

1079 1364 1182 1397 editae
1209 1363 1330 1397 fuerint
1349 1363 1458 1407 vigore
1479 1364 1583 1397 dictae
1603 1362 1775 1402 facultatis,
1798 1374 1831 1396 a·
1845 1347 1971 1396 ἓζῖιῖἶιῑῖῗιῖ
1990 1349 2028 1395 ii?

1079 1418 1140 1450 liae
1161 1417 1407 1451 constitutiones
1423 1419 1472 1451 vel
1492 1417 1646 1460 Regulae,
1660 1427 1713 1450 eas
1724 1417 1831 1460 quoad
1846 1408 1896 1428 '³⁸³³
1911 1406 1969 1427 ‘⁸⁰¹¹'

1080 1471 1261 1515 praedictas
1282 1471 1441 1505 moniales
1461 1471 1560 1504 nullis
1591 1482 1726 1515 prorsus
1754 1470 1831 1504 viri-

1080 1525 1141 1558 bus
1158 1525 1350 1566 subsistere3
1382 1525 1494 1569 sieque
1525 1535 1582 1569 per
1607 1535 1832 1568 quoscumque

1082 1579 1205 1613 iudices
1225 1585 1255 1612 et
1275 1579 1527 1619 commissarios,
1553 1579 1663 1622 quavis
1692 1578 1832 1611 auctori-

1081 1639 1145 1667 tate
1174 1633 1355 1675 fungentes,
1383 1633 1509 1666 sublata
1540 1632 1585 1666 eis
1605 1632 1716 1677 quavis
1740 1632 1833 1665 aliter

1083 1687 1248 1720 iudicandi
1264 1687 1540 1730 etinterpretandi
1561 1687 1713 1720 facultate
1733 1691 1764 1720 et
1774 1697 1832 1719 au-

1083 1741 1242 1781 ctoritate,
1270 1740 1407 1774 iudicari
1427 1746 1458 1774 et
1473 1740 1600 1774 deliniri
1615 1741 1747 1780 debere,
1764 1740 1834 1773 irri-

1083 1801 1217 1839 tumque
1235 1800 1265 1828 et
1277 1795 1372 1828 inane
1384 1795 1460 1839 quid
1477 1795 1555 1838 quid
1571 1805 1664 1828 secus
1675 1794 1834 1839 superbis

1084 1860 1101 1882 a
1121 1859 1300 1893 quoquam,
1322 1848 1434 1892 quavis
1463 1848 1669 1889 auctoritate,
1697 1848 1836 1881 scienter

1084 1904 1132 1937 vel
1153 1903 1353 1947 ignoranter,
1376 1903 1548 1946 contigerit
1567 1902 1730 1936 attentari.

1130 1958 1144 2001 ἓ
1170 1957 1201 1991 8.
1242 1957 1286 1991 Ne
1310 1963 1417 1991 autem
1452 1957 1609 1990 moniales
1643 1955 1836 2001 praedictae,
1903 1973 1966 1994 501„
1981 1974 2035 1992 ‚mi

1085 2022 1169 2055 quae
1190 2011 1250 2044 sub
1275 2021 1339 2043 una
1362 2016 1393 2043 et
1417 2011 1529 2043 eadem
1550 2010 1673 2053 Regula
1701 2010 1834 2052 degunt,
1850 2005 1893 2025 ¹³⁰⁵
1928 2004 2035 2030 ³⁶⁰⁹¹³¹¹⁸

1856 2035 1867 2054 Ἰ
1895 2036 1935 2055 in's
1959 2034 2034 2055 inatus

1087 2077 1144 2110 per
1165 2065 1307 2109 plurium
1328 2064 1534 2108 superiorum
1555 2063 1765 2106 gubernium,
1782 2062 1838 2096 ubi
1851 2037 2028 2102 lgggrlgeanoms

1088 2120 1170 2153 inest
1187 2118 1345 2159 confusio,
1366 2117 1581 2151 diversimode
1601 2123 1767 2160 regantur;
1783 2127 1839 2150 au-
1851 2103 1907 2151 '1232'
1910 2104 1942 2119 Μ’
1958 2103 2029 2125 ⁵⁰⁹⁶-

1088 2173 1233 2206 ctoritate
1258 2177 1288 2206 et
1313 2178 1425 2205 tenore
1454 2171 1629 2215 praedictis
1653 2170 1837 2211 statuimus,

1088 2226 1175 2270 quod
1199 2227 1286 2259 solus
1315 2225 1455 2259 vicarius
1475 2224 1634 2268 generatis
1653 2224 1781 2258 Ordinis
1810 2229 1841 2258 et

1089 2279 1348 2324 congregationis
1369 2279 1553 2323 praedictae
1573 2279 1718 2322 ipsarum
1742 2289 1839 2323 supe-

1089 2335 1156 2368 rior
1169 2334 1292 2367 existat.

1133 2388 1148 2432 5
1165 2387 1196 2421 9.
1214 2387 1273 2426 Qui
1291 2385 1425 2430 singulis
1444 2385 1591 2419 trienniis
1612 2396 1686 2419 cum
1706 2390 1780 2419 voto
1794 2385 1842 2418 in-
1879 2390 1918 2416 Qui
1930 2392 1999 2426 tnmqu
2012 2391 2036 2410 -n

1089 2447 1302 2484 tem-entuque
1322 2440 1469 2484 capituli,
1501 2446 1532 2474 et
1562 2446 1625 2473 tam
1652 2440 1712 2473 hac
1737 2426 2037 2483 prima2231¹1321⁹53¹23⁰

1089 2491 1156 2524 vice
1176 2501 1273 2534 quam
1299 2490 1587 2534 quandocumque,
1607 2500 1681 2523 cum
1702 2488 1841 2522 necessi·
1854 2484 2038 2541 {ffmceffiss'r'fflss

1091 2546 1137 2573 tas
1157 2539 1278 2579 tulerit,
1299 2544 1446 2583 tempore
1467 2538 1673 2579 intermedio,
1691 2548 1729 2571 eo
1746 2537 1841 2570 modo
1855 2548 1936 2567 neum.

1091 2599 1156 2633 quo
1169 2588 1382 2633 provinciales
1402 2588 1435 2621 in
1455 2587 1594 2621 alicuius
1608 2588 1771 2621 defectum
1784 2586 1840 2619 de-

1090 2638 1197 2683 putari
1218 2638 1332 2679 solent,
1353 2648 1455 2671 unum
1471 2636 1730 2671 commissarium
1744 2645 1840 2678 gene-

1091 2688 1192 2722 ralem
1213 2698 1250 2722 ex
1270 2688 1424 2722 fratribus
1442 2687 1547 2722 dictae
1567 2685 1838 2731 congregationis,
