2226 3070
84 250 136 279 An.
152 250 181 279 C.
199 250 267 279 ¹588

104 1533 127 1554 Et
154 1536 258 1556 sacristae

77 1566 165 1585 intumet.

100 1916 150 1937 Huic
166 1918 257 1938 sanctio-

73 1949 94 1969 ni
110 1949 171 1969 liuius
190 1949 256 1969 clau—

73 1980 130 2000 sulas
150 1985 255 2007 praeser—

73 2012 152 2031 vanvas
161 2013 255 2039 apponit.

99 2502 255 2523 Exeeutorese-

70 2534 102 2554 ius
119 2535 209 2560 deputat.

936 249 1040 277 SleUs
1074 250 1092 276 V
1125 249 1174 276 Pr.

280 303 312 336 in
333 303 400 337 dies
429 303 551 348 sperari
572 304 707 348 possint.
730 304 804 345 Nos,
832 304 887 348 qui
908 315 1032 338 memo-

279 356 328 390 ria
352 362 500 390 tenemus
528 357 678 391 eumdem
709 357 801 390 Pium
832 358 867 397 V,
899 358 1033 401 praede-

280 421 439 444 cessorem
455 415 613 452 nostrum,
637 411 796 454 expressis
814 411 919 443 verbis
940 412 1033 444 nobis

279 464 407 508 saepius
428 474 623 497 asseverasse
644 463 832 497 huiusmodi
847 464 1030 497 facultatem

279 517 445 561 praedicto
465 517 616 550 sacristae
637 527 822 550 concessam
841 528 874 550 se
899 517 1032 550 omnino

279 581 346 604 esse
366 576 602 610 revocaturum,
623 570 713 613 pium
734 575 765 603 et
780 570 968 613 religiosum
991 571 1032 603 vi-

278 624 372 656 vendi
388 622 590 668 propositum
612 628 754 656 vestrum
776 628 807 656 et
824 622 966 666 quietem
984 635 1032 656 re-

276 677 421 719 gularem
437 676 668 716 desiderantes,
681 687 718 709 ac
730 682 859 709 tenores
870 675 1031 709 dictarum

277 729 455 762 litterarum
481 729 705 773 praesentibus
726 740 784 773 pro
806 729 964 773 expressis
977 729 1032 762 ha-

275 782 403 824 bentes,
428 788 516 816 motu
539 783 673 827 proprio
694 788 724 816 et
754 794 790 816 ex
815 788 902 816 certa
922 789 1031 817 nostra

275 836 409 870 scientia
432 847 470 870 ac
494 836 533 869 de
553 836 750 881 apostolicae
776 836 941 880 potestatis
961 837 1030 881 ple-

275 889 435 930 nitudine,
453 901 507 924 vos
528 890 879 934 congregationemque
892 896 1029 924 vestram

274 949 305 976 et
326 943 505 987 capitulum
522 943 561 977 ab
582 943 671 977 omni
701 935 950 985 iurisdictione,
974 955 1031 977 au-

274 997 422 1031 ctoritate
447 1003 479 1031 et
499 997 621 1030 iudicio
647 997 747 1041 ipsius
772 997 925 1031 sacristae
946 997 1030 1031 dicta

274 1051 477 1093 auctoritate,
504 1057 616 1084 tenore
642 1051 875 1095 praesentium,
902 1051 934 1085 in
955 1062 1030 1096 per-

274 1110 408 1149 petuum
431 1104 603 1138 eximimus
615 1110 644 1138 et
654 1105 843 1145 liberamus,
857 1110 888 1138 et
899 1115 1028 1139 omnem

273 1159 313 1191 ab
334 1159 447 1193 eodem
477 1159 630 1203 hospitali
654 1158 819 1193 licentiam
840 1164 871 1192 et
895 1160 1029 1193 faculta-

272 1217 336 1245 tem
358 1212 506 1246 mittendi
528 1212 694 1247 sacristam
727 1218 893 1256 tamquam
915 1224 1029 1257 super-

272 1265 492 1300 intendentem
528 1272 559 1300 et
593 1266 734 1299 iudicem
773 1266 813 1300 ad
851 1266 1028 1310 capitulum

272 1325 426 1361 vestrum,
454 1326 510 1354 aut
540 1320 572 1353 in
593 1320 753 1364 gubernio
774 1325 805 1354 et
829 1321 1030 1355 correctione

271 1379 376 1407 vestra
404 1385 437 1408 se
456 1374 688 1419 quoquomodo
709 1374 891 1418 ingerendi,
913 1375 1029 1408 adimi-

273 1439 356 1461 mus.
480 1421 484 1424 ⁴

317 1482 332 1525 ᾗ
351 1481 383 1515 3.
407 1481 593 1515 Inhibentes
606 1481 693 1515 dicto
704 1482 855 1515 sacristae
870 1482 901 1514 in
914 1482 1030 1515 virtute

274 1540 403 1568 sanctae
424 1534 640 1575 obedientiae,
660 1546 698 1569 ac
719 1536 778 1568 sub
804 1535 1028 1568 exeommuni-

274 1589 411 1621 cationis
435 1589 518 1622 latae
543 1588 719 1622 sententiae
745 1599 849 1632 poena
869 1600 927 1632 per
951 1599 1029 1621 con-

274 1642 494 1675 trafacientem
508 1652 546 1675 eo
567 1642 636 1685 ipso
651 1641 860 1681 incurrenda,
878 1652 918 1675 ne
940 1652 1030 1686 prae-

272 1696 447 1728 'missorum
468 1706 524 1728 seu
556 1695 669 1738 quovis
689 1695 753 1728 alio
783 1700 950 1739 praetextu
972 1706 1028 1728 seu

272 1748 442 1782 occasione
464 1749 512 1781 vel
530 1759 637 1789 causa,
661 1747 692 1780 in
714 1748 800 1782 dicto
814 1749 956 1792 capitulo
974 1755 1026 1782 aut

270 1802 347 1836 alibi
383 1802 577 1836 intervenire
602 1803 720 1836 audeat
745 1813 800 1836 seu
827 1810 1025 1847 praesumat.

315 1857 330 1900 g
365 1856 397 1889 4.
431 1857 647 1890 Decernentes
685 1862 870 1901 praesentes
909 1857 1030 1891 litteras

270 1910 360 1943 nullo
390 1921 546 1955 umquam
572 1916 719 1955 tempore
744 1911 783 1944 de
809 1911 1029 1955 subreptionis

269 1964 318 1998 vel
339 1964 539 2009 obreptionis
549 1965 624 1998 vitio
634 1976 691 1998 seu
702 1965 891 1998 intentionis
901 1970 1029 1999 nostrae

269 2018 318 2051 vel
343 2018 455 2062 quovis
468 2018 531 2052 alio
549 2019 691 2059 defectu,
715 2019 811 2052 etiam
833 2029 871 2052 ex
891 2019 1027 2063 eoquod

269 2072 393 2106 dictum
418 2072 579 2117 hospitale
615 2073 653 2105 ad
679 2072 857 2117 praemissa
877 2078 1027 2106 vocatum

269 2137 334 2160 non
354 2126 463 2168 suerit,
487 2126 605 2167 notari,
628 2126 813 2170 impugnari
835 2132 890 2159 aut
909 2127 949 2159 ad
967 2132 1029 2159 ter-

270 2180 374 2213 minos
387 2180 466 2214 iuris
487 2179 612 2221 reduci,
635 2190 692 2213 seu
713 2180 746 2212 in
767 2179 817 2213 ius
836 2180 883 2213 vel
900 2186 1028 2214 contro-

268 2234 406 2268 versiam
442 2234 610 2274 revocari;
642 2245 679 2267 ac
710 2233 837 2266 irritum
878 2240 908 2267 et
932 2234 1027 2268 inane

269 2288 428 2332 quidquid
465 2298 558 2322 secus
583 2298 682 2332 super
705 2287 755 2320 his
795 2298 812 2320 a
845 2298 1024 2332 quoquam,

269 2342 380 2385 quavis
399 2342 605 2382 auctoritate,
631 2340 772 2374 scienter
803 2341 851 2374 vel
877 2341 1027 2384 ignoran-

271 2403 330 2436 ter,
354 2395 525 2439 contigerit
550 2395 712 2428 attentari.

313 2444 379 2488 §5.
412 2444 569 2484 Quocirca
599 2442 839 2477 venerabilibus
872 2443 1025 2476 fratribus

269 2493 516 2537 archiepiscopo
527 2494 692 2537 Capuano,
716 2499 747 2526 et.
767 2492 920 2536 episcopo
934 2493 1025 2525 Avel-

269 2543 398 2584 linensi,
420 2554 457 2576 ac
482 2544 599 2576 dilecto
622 2543 687 2576 lilio
709 2553 881 2575 causarum
911 2542 1026 2576 Curiae

268 2592 421 2626 Gamerae
456 2592 658 2636 Apostolicae
690 2591 834 2636 generali
869 2591 1024 2632 auditori,

269 2654 327 2686 per
347 2642 523 2686 apostolica
549 2641 668 2686 scripta
692 2647 782 2675 motu
809 2640 907 2674 simili
934 2651 1027 2674 man-

350 2690 426 2722 Bull.
443 2690 521 2722 Rom.
543 2690 598 2722 Vol.
618 2690 669 2722 IX.
928 2691 946 2720 5

1074 305 1188 338 damus
1208 309 1367 348 quatenus
1396 305 1467 349 ipsi,
1506 306 1553 339 vel
1580 306 1645 339 ‹luo
1671 313 1725 340 aut
1744 319 1828 341 unus

1074 370 1200 400 eorum,
1223 370 1281 403 per
1297 370 1330 393 se
1350 359 1397 392 vel
1423 359 1522 392 alium
1543 372 1597 392 seu
1621 361 1712 401 alios,
1735 373 1827 405 prae-

1074 418 1178 446 sentes
1190 413 1312 446 litteras
1328 419 1359 446 et.
1379 413 1410 446 in
1432 413 1477 446 eis
1489 419 1638 447 contenta
1653 425 1830 458 quaecum-

1074 477 1149 510 que,
1177 466 1231 499 ubi
1257 472 1285 500 et
1308 467 1440 510 quando
1456 477 1537 511 opus
1558 468 1666 507 suerit,
1690 479 1726 500 ae
1747 480 1828 511 quo-

1076 520 1134 552 ties
1155 531 1253 564 super
1278 521 1339 554 hoe
1360 530 1419 565 pro
1434 526 1523 564 parte
1544 526 1647 554 vestra
1668 522 1714 554 vel
1729 522 1829 555 alicu-

1075 573 1125 605 ius
1145 578 1284 607 vestrum
1307 573 1426 607 fuerint
1460 573 1617 618 requisiti,
1641 575 1829 608 solemniter

1075 626 1290 669 publicantes,
1318 627 1471 670 vobisque
1497 627 1528 660 in
1556 627 1739 671 praemissis
1760 629 1828 661 effi-

1075 678 1158 712 cacis
1174 680 1371 714 defensionis
1391 681 1554 724 praesidio
1575 681 1767 721 assistentes,
1783 682 1828 715 sa-

1074 732 1160 765 ciant
1186 733 1378 767 auctoritate.
1408 740 1518 767 nostra
1550 736 1588 767 ab
1614 735 1765 768 omnihus
1790 736 1829 767 ad

1074 796 1155 828 quos
1176 791 1299 829 spectat
1320 787 1549 821 inviolabiliter
1573 788 1746 829 observari,
1764 799 1827 822 non

1075 839 1297 882 permittentes
1320 851 1374 873 vos
1403 846 1433 874 et
1463 842 1748 884 congregationem
1775 853 1829 875 vc-

1073 897 1169 925 stram
1196 904 1254 937 per
1277 893 1401 926 dictum
1422 894 1580 938 hospital<¹
1597 901 1650 928 aut
1665 896 1829 938 quoslibet

1072 946 1153 979 alios
1173 952 1285 980 contra
1302 948 1519 991 praesentium
1537 949 1770 982 continentiam
1791 960 1829 982 ac

1075 1006 1219 1033 tenorem
1234 1001 1481 1044 quomodolibet
1494 1001 1633 1035 indebite
1651 1003 1826 1041 molestari2

1073 1054 1330 1088 contradictores
1368 1055 1530 1099 quoslibet
1567 1062 1597 1088 et
1632 1056 1768 1089 rebelles
1793 1068 1829 1089 ac

1072 1108 1259 1152 praemissis
1280 1120 1343 1142 non
1374 1115 1525 1153 parentes
1552 1121 1611 1154 per
1641 1110 1827 1149 sententias,

1072 1173 1226 1196 censuras
1252 1169 1281 1197 et
1303 1174 1424 1207 poenas
1447 1163 1681 1197 ecclesiasticas
1702 1164 1828 1207 aliaque

1073 1222 1259 1261 opportuna
1279 1216 1358 1249 iuris
1379 1222 1410 1250 et
1430 1217 1504 1250 sacti
1521 1217 1829 1261 remcdia,apl‘›ella—

1073 1269 1159 1303 tione
1184 1271 1372 1315 postposita,
1410 1271 1659 1315 compescendo,
1682 1271 1829 1305 invocato

1072 1323 1168 1357 etiam
1189 1325 1228 1357 ad
1249 1325 1323 1366 boc,
1350 1325 1375 1358 si
1397 1335 1479 1368 opus
1499 1325 1609 1366 fuerit,
1630 1325 1830 1359 auxiliobra-

1072 1377 1135 1410 chii
1161 1378 1348 1412 saecularis.

1116 1431 1131 1475 ἓ
1152 1431 1182 1465 6.
1223 1432 1292 1465 Νο11
1331 1432 1533 1465 obstantibus
1577 1432 1761 1476 praemissis
1792 1443 1829 1466 ac

1072 1485 1239 1529 quibusvis
1260 1485 1330 1518 aliis
1348 1486 1636 1519 constitutionibus
1648 1492 1676 1519 et
1697 1486 1828 1519 ordina-

1072 1539 1216 1572 tionibus
1236 1540 1434 1583 apostolicis‚
1458 1539 1637 1583 ceterisque
1658 1540 1829 1573 contrariis

1071 1592 1345 1636 quibuscumque.

1116 1645 1231 1678 Datum
1242 1646 1364 1679 Romae
1380 1646 1467 1689 apud
1481 1646 1513 1679 S.
1528 1646 1682 1687 Marcum,
1696 1647 1756 1679 sub
1772 1657 1828 1679 an-

1072 1699 1150 1732 nulo
1168 1699 1350 1741 piscatoris,
1369 1699 1420 1733 die
1437 1710 1519 1732 xxvn
1537 1700 1616 1742 Aug.
1632 1709 1841 1741 Manxxv111‚-

1071 1753 1279 1798 pontificatus
1305 1753 1406 1787 nostri
1425 1764 1510 1787 anno
1531 1764 1572 1787 lv.

1113 1811 1173 1842 Dat.
1194 1811 1241 1842 (lie
1260 1812 1296 1842 27
1314 1821 1383 1851 aug.
1404 1813 1493 1851 1588,
1514 1813 1620 1852 pontis.
1648 1822 1725 1842 anno
1748 1822 1786 1842 1v.

1369 1955 1524 1990 CXXXIll.

1070 2041 1261 2075 Iurisclictio
1295 2041 1414 2074 iudicis
1439 2051 1613 2074 causarum
1650 2046 1678 2074 et
1715 2042 1822 2074 litium

1116 2095 1287 2140 hospitalis
1296 2106 1356 2139 pro
1367 2095 1562 2139 recipiendis
1572 2096 1685 2138 pieque
1701 2096 1827 2129 alendis

1114 2149 1271 2182 mendicis
1305 2159 1364 2192 per
1392 2149 1507 2182 Urbem
1544 2149 1759 2193 ‘aemulabam-
1797 2154 1825 2182 et

1114 2203 1287 2247 ‹tvnplz'acz'o
1321 2203 1537 2246 eoecmptiom's
1575 2204 1605 2236 ei
1641 2213 1822 2242 concessae,

1113 2257 1382 2300 auctoritatisque
1393 2257 1704 2290 admin{stratorum
1717 2259 1782 2290 cius
1798 2257 1822 2289 ¹.

1140 2339 1235 2367 Sixtus
1252 2339 1406 2375 episcopus.
1423 2345 1519 2367 servus
1539 2344 1682 2367 servorum
1700 2337 1757 2372 Dei.

1209 2394 1243 2421 ad
1261 2394 1424 2429 perpetuam
1444 2392 1485 2421 rei
1509 2393 1680 2422 memoriam.

1114 2465 1257 2499 Postulat
1290 2465 1373 2498 ratio
1398 2464 1569 2508 pastoralis
1589 2464 1697 2505 officii,
1722 2463 1824 2503 nobis,

1070 2519 1143 2553 licet
1165 2518 1344 2563 imparibus
1366 2518 1503 2555 meritis,
1522 2518 1630 2551 <lirina
1654 2518 1823 2561 providen-

1108 2607 1116 2632 t
1137 2604 1259 2632 Instituit
1278 2604 1305 2631 d.
1328 2604 1468 2639 hospitale
1485 2604 1529 2630 lth
1546 2603 1619 2630 idem
1636 2603 1730 2633 Pont.‚
1753 2606 1781 2628 ut
1797 2602 1823 2628 in

1071 2647 1161 2677 const.
1179 2656 1281 2683 Lxxxv,
1303 2649 1442 2683 Qmmzris,
1473 2648 1618 2682 saperius,
1645 2654 1697 2681 pag
1714 2647 1763 2673 847

1741 239 1784 279 33
1844 255 1896 283 An.
1915 254 1943 283 c.
1960 257 2028 284 15εὸ

1871 1448 2028 1470 θοηῐηῑίίςάσ

1843 1484 1910 1506 rogat.

1867 2474 1986 2497 Exordium,
