2226 3070
85 302 136 329 An.
153 301 182 328 C.
205 301 270 329 1588

90 1577 200 1598 Abususiu
219 1577 273 1596 lianc

87 1609 274 1634 congregationem

90 1639 168 1660 invecti
186 1646 196 1658 a
217 1645 273 1665 per—

89 1672 191 1696 petuttate
215 1676 274 1690 exer-

89 1702 133 1722 citii
154 1702 273 1730 parochia—-

90 1733 138 1752 lium
162 1737 199 1758 pet·
222 1738 273 1752 nw-

90 1763 176 1783 uacuos.

953 299 1057 322 SIXTUS
1078 299 1124 321 PP.
1147 299 1177 321 V.

288 361 353 395 tur,
377 355 598 400 praesentibus
620 365 679 397 pro
695 354 893 386 sufficienter
913 364 1041 397 expres-

287 409 329 441 sis
345 409 512 445 habentes,
534 408 596 440 illis
610 408 688 440 alias
709 407 741 439 in
763 418 820 439 suo
836 407 952 440 robore
966 418 1039 450 per-

288 462 461 500 mansuris,
489 463 547 494 hac
567 461 636 494 vice
655 461 829 501 dumtaxat,
855 461 1039 504 specialiter

289 522 321 549 et
341 526 489 560 expresse
509 515 701 558 derogamus
717 541 724 554 ,
757 514 936 557 ceterisque
963 524 1039 546 con-

287 569 397 602 trariis
415 569 689 612 quibuscumque.

329 624 445 656 Datum
459 623 577 655 Romae
600 622 687 665 apud
698 622 729 654 S.
746 622 889 660 Petrum,
912 620 971 653 sub
1003 632 1036 652 a-

288 678 365 710 nulo
392 676 573 712 Piscatoris,
597 675 648 708 die
670 686 708 708 xv
730 675 811 708 iunii
836 683 1036 709 nDLxxxvnt.

289 730 494 774 pontificatus
510 729 611 762 nostri
632 739 716 761 anno
737 738 778 761 iv.

350 788 412 818 Dat.
429 787 476 817 die
500 787 537 816 15
560 787 633 816 iunii
658 787 740 820 1588,
758 787 862 825 pontis.
881 796 926 816 an.
947 795 986 816 μ’.

618 956 707 989 XXX.

286 1034 376 1074 Quod
400 1033 436 1066 de
466 1037 564 1066 celero
593 1034 750 1077 perpetuis
771 1033 892 1075 futuris
920 1037 1038 1076 tempo-

331 1087 418 1120 ribus
436 1087 471 1119 iii
491 1087 629 1120 ecclesiis
656 1087 900 1130 parochialibus
925 1098 944 1119 a
965 1097 1038 1119 con-

329 1141 515 1184 yrcyalione
531 1140 760 1173 monachornm
778 1140 912 1173 Ordinis
925 1140 1041 1173 Sancti

331 1194 500 1227 Benedicti
523 1194 747 1237 Portuqalliae
766 1205 939 1237 reynorzim
965 1206 1039 1238 pos-

330 1249 434 1288 sessis,
446 1248 597 1281 momtchi
607 1249 649 1281 acl
663 1249 766 1281 vitam
783 1259 848 1281 non
862 1249 1041 1282 instituan-

332 1307 396 1342 tur,
422 1303 476 1335 sed
495 1302 537 1335 ad
560 1307 677 1335 nauem
703 1303 864 1346 ρεπεν-αἰῶ
889 1307 917 1336 et
943 1304 1040 1336 abba-

331 1363 398 1388 tum
418 1357 498 1389 dicti
520 1355 654 1389 Ordinis
671 1357 858 1390 anzovibe’les
880 1357 904 1389 ¹.

305 1437 401 1466 sixtus
419 1438 491 1473 Papa
510 1438 540 1470 V,
561 1438 594 1465 ad
613 1438 776 1473 perpetuam
795 1438 836 1466 rei
853 1438 1023 1466 memoriam.

312 1510 349 1553 §¹1
361 1510 494 1554 Exponi
507 1509 666 1553 siquidem
680 1510 886 1554 nobisnuper
896 1511 1041 1544 fecerunt

289 1564 398 1598 dilecti
420 1564 478 1596 filii
503 1564 663 1606 generalis
684 1570 711 1597 et
735 1564 789 1596 alii
811 1564 942 1597 abbates
963 1576 1041 1598 con-

290 1618 487 1662 gregationis
507 1618 615 1651 Sancti
634 1617 798 1650 Benedicti
816 1618 944 1651 Ordinis
962 1619 1044 1652 cius-

290 1673 363 1705 dem
394 1671 501 1704 Sancti
532 1671 695 1704 Benedicti
724 1682 900 1713 regnorum
930 1673 1044 1706 Portu-

290 1725 416 1768 galliae,
440 1725 526 1768 quod
546 1736 620 1758 eum
634 1725 702 1768 ipsa
719 1726 927 1768 congregatio
943 1727 1044 1769 possi-

290 1779 362 1812 deat
378 1779 490 1822 plures
510 1778 714 1823 parochiales
735 1779 900 1819 ecelesias,
916 1791 972 1813 seu
994 1792 1044 1813 cc-

290 1833 406 1865 clesiae
415 1832 501 1876 ipsae
512 1832 658 1865 eiusdem
676 1833 935 1875 congregationis
947 1845 1044 1867 mem-

289 1887 347 1920 bra
364 1886 510 1926 existant,
532 1887 580 1919 vel
602 1886 640 1919 ab
668 1897 705 1919 ea
733 1892 797 1919 tam
823 1887 894 1920 iure
915 1888 1045 1921 unionis

289 1951 387 1985 quam
400 1941 510 1984 vigore
521 1940 794 1985 iurispatronatus
806 1946 860 1974 aut
875 1941 954 1974 alias
965 1953 1044 1986 quo-

289 1994 467 2028 modolibet
485 1994 703 2039 dependeant,
723 2005 863 2038 quarum
885 2006 963 2028 cura
978 1996 1044 2028 ani-

290 2059 416 2082 marum
438 2048 501 2081 illis
521 2048 714 2081 incumbens
730 2059 788 2092 per
803 2049 980 2082 monachos
994 2046 1043 2082 di-

288 2108 356 2136 ctae
377 2102 638 2145 congregationis
649 2103 688 2135 ad
701 2102 798 2135 vitam
811 2103 953 2136 exerceri
966 2114 1043 2136 con-

288 2158 409 2198 suevit,
424 2168 488 2201 quo
510 2156 545 2189 fit
562 2162 597 2189 ut
618 2157 781 2196 monachi,
804 2156 859 2199 qui
881 2157 940 2190 sub
957 2158 1045 2190 clau-

288 2222 365 2244 sura
386 2222 421 2243 ac
448 2221 583 2243 suorum
605 2210 813 2254 superiorum
841 2210 1043 2244 correctione

289 2271 320 2298 et
339 2263 523 2297 obedientia
544 2264 649 2297 vivere
670 2264 837 2303 deberent,
862 2270 973 2297 contra
995 2264 1044 2297 di-

290 2318 461 2363 sciplinam
474 2318 657 2362 regularem
671 2329 706 2350 ac
724 2328 838 2351 novam
855 2318 1045 2351 dictaecon—

290 2371 488 2415 {negationis
499 2371 762 2404 reformationem
770 2397 776 2411 ,
784 2376 945 2414 coguntur
957 2378 1045 2404 extra

291 2437 405 2459 eorum
427 2424 621 2458 monasteria
642 2436 678 2457 ac
694 2425 762 2457 sine
784 2424 929 2468 ipsorum
951 2436 1045 2470 supc-

293 2481 414 2513 riorum
446 2479 630 2513 obedientia
658 2490 756 2523 penes
785 2479 912 2512 easdem
940 2480 1045 2512 cccle-

291 2535 353 2567 ¹<ias
364 2545 423 2578 pro
432 2533 621 2566 huiusmodi
638 2545 734 2566 curae
745 2533 897 2566 exercitio
906 2533 1045 2566 residere

292 2594 323 2621 et
344 2589 376 2621 in
402 2587 549 2621 libertate
571 2587 727 2620 saeculari
746 2587 862 2627 vivere,
891 2587 922 2619 in
944 2587 1045 2620 maxi-

293 2653 382 2676 mum
396 2642 555 2685 regularis
572 2640 793 2674 observantiae
812 2641 1043 2674 detrimentum

329 2715 339 2741 t
357 2713 399 2741 Ex
413 2713 524 2748 Regest.
542 2713 570 2740 in
587 2713 691 2741 Secret.
711 2712 854 2740 Brevium.

1723 287 1787 320 317

1083 359 1110 385 et
1134 353 1321 386 scandalum
1352 351 1587 394 plurimorum,
1618 351 1703 383 unde
1733 350 1757 381 si
1794 350 1832 382 ad

1083 408 1183 450 ipsam
1205 417 1317 439 curam
1339 405 1550 438 exercendam
1572 403 1671 446 aliqui
1701 404 1833 447 presbv-

1082 461 1140 493 teri
1162 460 1356 499 saeculares,
1379 470 1396 492 a
1422 459 1569 491 locorum
1589 457 1762 490 ordinariis
1782 468 1835 500 ap-

1082 513 1224 557 probati,
1248 524 1304 546 seu
1325 513 1421 546 etiam
1442 511 1501 556 ipsi
1522 511 1765 544 monachicum
1779 510 1836 543 ali-

1081 578 1144 611 quo
1172 567 1288 599 salario
1314 577 1351 600 ex
1376 566 1534 599 fructibus
1560 565 1704 609 ipsarum
1730 564 1835 597 ecele-

1081 622 1201 653 siarum
1237 621 1462 664 persolvendo,
1486 630 1544 664 per
1572 619 1755 663 generalem
1787 619 1834 651 vel

1080 675 1160 707 alios
1180 675 1311 708 abbates
1332 680 1362 707 et
1381 675 1577 718 superiores,
1594 673 1632 706 ad
1651 683 1764 706 eorum
1779 683 1836 705 nu-

1083 734 1148 760 tum
1176 728 1317 771 ponendi
1339 735 1366 761 et
1385 728 1566 765 amovendi,
1590 727 1835 771 deputarentur,

1081 792 1117 814 ae
1150 781 1314 814 residuum
1337 792 1374 814 ex
1403 781 1525 815 eisdem
1547 780 1708 814 fructibus
1732 780 1836 814 dicta-

1083 846 1153 868 rum
1164 834 1390 873 ecclesiarum,
1411 835 1443 867 in
1456 835 1742 875 monasteriorum,
1756 845 1837 878 quo-

1082 900 1153 922 rum
1176 889 1280 921 dictae
1302 889 1457 922 ecclesiae
1479 889 1630 928 existunt,
1650 899 1703 921 seu
1726 900 1743 921 a
1763 888 1835 932 qui-

1081 944 1140 976 bus
1175 943 1380 986 dependent,
1417 943 1571 985 illiusque
1601 943 1835 976 monachorum

1083 1008 1160 1030 usus
1180 1002 1209 1029 et
1232 996 1403 1029 utilitatem
1425 995 1559 1028 arbitrio
1580 996 1733 1029 abbatum
1750 997 1837 1040 ipso-

1082 1063 1153 1085 rum
1163 1050 1434 1084 monasteriorum
1444 1056 1719 1090 converterentur,
1729 1061 1766 1084 ex
1776 1051 1838 1084 hoe

1083 1106 1228 1150 profecto
1254 1104 1411 1148 regularis
1445 1103 1647 1137 observantia
1679 1109 1709 1137 et
1739 1104 1838 1148 ipsius

1083 1159 1344 1203 congregationis
1384 1169 1465 1191 nova
1499 1157 1687 1191 reformatio
1723 1158 1838 1191 melius

1083 1215 1320 1253 observaretur,
1343 1223 1380 1245 ac
1400 1212 1544 1256 ipsorum
1564 1211 1836 1245 monasteriorum

1083 1268 1288 1301 subventioni
1309 1267 1544 1300 consuleretur.

1128 1322 1142 1365 ἓ
1163 1322 1193 1354 2.
1217 1322 1334 1361 Quare,
1357 1331 1416 1365 pro
1428 1326 1518 1364 parte
1531 1321 1691 1364 generalis
1708 1331 1745 1353 ac
1761 1320 1838 1353 alio·
1925 1338 2040 1357 taonem..

1084 1387 1156 1410 rum
1192 1376 1344 1408 abbatum
1379 1374 1623 1420 praedictorum
1652 1375 1746 1408 nobis
1780 1374 1839 1407 fuit
1855 1369 1965 1396 ⁰²¹⁹¹¹⁴¹¹¹⁹
2003 1370 2039 1388 ‘'¹'‘

1853 1399 1915 1420 batos
1984 1407 2035 1420 aro—

1085 1430 1253 1463 humiliter
1272 1429 1505 1473 supplicatum,
1527 1434 1688 1472 quatenus
1709 1428 1782 1469 illis,
1804 1434 1839 1461 ut
1855 1407 2038 1458 ⁰¹¹¹³³rre⁸f³)·te-

1085 1485 1289 1528 presbyteros
1320 1483 1502 1516 saeculares
1527 1493 1584 1515 seu
1610 1482 1706 1515 etiam
1738 1482 1840 1526 ipsius
1854 1468 1893 1514 ¹2⁵„
1926 1462 2040 1514 {3⁰33}

1086 1537 1348 1581 congregationis
1367 1537 1545 1570 monac-hos
1565 1537 1604 1570 ad
1622 1543 1736 1570 nutum
1751 1547 1840 1569 amo-
1856 1526 2039 1584 Ξῗξσζζῑζζιζῖἷω

1086 1593 1198 1625 vibilcs
1218 1603 1276 1635 pro
1298 1591 1485 1624 huiusmodi
1499 1601 1596 1624 cui'ae
1617 1590 1769 1624 exercitio
1786 1591 1840 1623 de-

1085 1652 1200 1690 putare
1232 1645 1365 1689 possint,
1393 1644 1557 1677 licentiam
1593 1650 1623 1677 et
1652 1644 1840 1677 facultatem

1086 1699 1277 1740 concedere,
1300 1710 1336 1732 ac
1357 1699 1436 1732 alias
1456 1699 1488 1730 in
1509 1698 1692 1742 praemissis
1721 1709 1840 1742 oppor-

1086 1761 1163 1787 tune
1184 1754 1353 1798 providere
1378 1753 1416 1786 de
1443 1753 1640 1796 benignitate
1665 1753 1840 1796 apostolica

1087 1809 1311 1851 dignaremur.

1131 1862 1189 1906 33.
1210 1862 1271 1895 Nos
1291 1862 1401 1905 igitur,
1425 1861 1612 1894 huiusmodi
1633 1861 1842 1905 supplicatio-

1087 1917 1181 1950 nibus
1202 1916 1360 1954 inclinati,
1382 1916 1470 1959 quod
1486 1927 1522 1948 cx
1547 1926 1635 1948 nunc
1665 1915 1703 1948 de
1734 1919 1841 1949 cetero

1088 1970 1253 2015 perpetuis
1273 1969 1391 2003 suturis
1413 1969 1615 2013 temporibus
1637 1969 1668 2002 in
1681 1969 1773 2002 dictis
1788 1980 1841 2003 ec-

1088 2024 1193 2057 clesiis
1209 2024 1314 2057 dictae
1337 2023 1596 2067 congregationis
1625 2022 1777 2056 monaehi
1803 2024 1840 2055 ad

1087 2079 1183 2112 vitant
1206 2077 1339 2111 minime
1358 2077 1580 2117 instituantur,
1608 2077 1662 2110 sed
1683 2077 1842 2120 generalis

1087 2133 1135 2166 vel
1156 2132 1210 2165 alii
1231 2132 1362 2165 abbates
1382 2137 1412 2164 et
1431 2130 1628 2174 superiores,
1651 2137 1842 2164 occurrente

1088 2187 1248 2219 dictarum
1267 2185 1478 2219 ecclesiarum
1496 2185 1673 2226 vacatione,
1697 2190 1727 2218 et
1744 2186 1840 2219 etiam

1089 2252 1124 2274 ex
1143 2252 1242 2279 nunc,
1265 2240 1290 2272 si
1312 2240 1357 2273 eis
1372 2238 1545 2280 videbitur,
1560 2239 1736 2273 monachos
1749 2239 1780 2272 in
1795 2241 1843 2273 di—

1088 2295 1146 2328 etis
1156 2293 1300 2327 ecclesiis
1314 2293 1475 2326 institutos
1487 2294 1676 2331 amovendo,
1688 2293 1728 2326 ad
1740 2294 1840 2338 ipsam

1089 2359 1201 2381 curam
1223 2347 1344 2380 eisdem
1361 2346 1516 2387 ecclesiis,
1531 2353 1563 2379 ut
1586 2348 1778 2391 praefertur,
1796 2348 1843 2380 iii-

1089 2402 1295 2435 cumbentem
1311 2401 1536 2441 exercendam,
1552 2402 1755 2445 presl'ivteros
1772 2412 1842 2435 sac-

1089 2457 1226 2493 culares,
1249 2455 1288 2488 ab
1303 2455 1473 2488 ordinariis
1495 2460 1601 2488 tamen
1624 2456 1771 2488 locorum
1788 2467 1844 2500 ap-

1088 2505 1251 2549 probatos,
1274 2516 1330 2538 seu
1351 2505 1445 2538 etiam
1464 2506 1564 2549 ipsius
1583 2506 1843 2548 congregationis

1089 2555 1265 2587 monachos
1285 2555 1324 2587 ad
1350 2555 1493 2598 ipsorum
1515 2554 1674 2597 generalis
1694 2555 1741 2587 vel
1762 2555 1842 2587 alio-

1088 2615 1160 2637 rum
1183 2605 1335 2637 abbatum
1363 2609 1393 2636 et
1417 2604 1623 2648 superiorum
1645 2609 1759 2637 nutum
1787 2615 1843 2648 po-

1088 2655 1212 2687 nendos
1232 2659 1261 2686 et
1280 2654 1486 2695 amovendos,
1502 2665 1575 2687 cum
1593 2653 1700 2696 aliquo
1727 2653 1843 2686 salario

1089 2703 1133 2737 eis
1153 2715 1216 2737 una
1232 2714 1306 2737 cum
1328 2703 1501 2737 ordinariis
1522 2704 1669 2738 locorum
1691 2702 1842 2736 beneviso

1847 297 1899 324 An.
1917 296 1946 324 C.
1965 296 2031 324 1588

1910 1877 1943 1896 Sic
1961 1883 2041 1897 serv-aii

1858 1909 1961 1934 permittit
1985 1908 2041 1928 Pon-

1858 1940 1915 1961 tifex.
