2226 3070
14 262 80 304 nn.
97 274 126 302 e.
139 273 207 303 1588

222 324 448 370 hospitalitatis
478 323 598 357 ibidem
629 324 737 356 forsan
762 321 972 360 exercendae,

223 390 261 413 ac
284 384 349 412 tam
371 379 402 412 in
428 389 465 412 eo
485 388 582 422 quam
611 375 815 410 monasteriis
835 381 865 408 et
886 374 973 418 prio-

225 438 295 467 ratu
328 432 359 466 S.
390 433 505 466 Mariae
534 430 741 470 huiusmodi,
778 429 974 470 illorumque

226 486 381 528 ecclesiis,
413 485 574 526 claustris,
606 484 767 524 domibus,
807 482 972 521 membris,

227 540 382 575 aedificiis
401 546 432 573 et
448 538 650 583 pertinentiis
665 537 848 582 praedictos
863 536 893 569 S.
913 536 975 568 Au·

226 594 345 639 gustini
358 600 389 628 et
399 594 430 628 S.
444 592 607 627 Benedicti
620 602 657 624 ac
669 589 932 630 Camaldulensis,
948 597 977 623 ct

227 649 325 692 siqui
347 648 409 681 sint
429 647 508 680 alios
528 644 674 685 Ordines,
698 654 894 687 omnemque
912 649 975 677 sta-

228 710 308 744 tum,
336 702 503 736 essentiam
525 706 553 733 et
579 699 826 744 dependentiam
849 701 976 743 regula-

228 768 290 798 res,
318 755 493 800 apostolica
519 755 858 803 auctoritate-tenore
884 765 977 798 prae-

227 812 380 853 sentium,
402 815 560 855 perpetuo
581 810 815 855 supprimimus
830 816 860 844 et
876 811 977 844 extin-

226 867 368 911 gaimus.

272 919 287 963 ξ
311 919 343 952 4.
370 919 564 963 Dictumque
585 919 757 962 collegium
784 919 897 952 Montis
918 918 977 951 Atii

57 977 212 1027 ¹³¹-¹'{⁰‡³.¹}⁵”‘
229 983 267 1006 ex
295 972 431 1007 aedibus
455 973 494 1006 dc
529 973 763 1006 Zambeceariis
792 972 977 1016 praedictis,

30 1013 213 1064 i'ffilL'L,“qli>f¹3.i
229 1033 387 1072 quatenus
406 1026 526 1060 ibidem
548 1032 692 1060 erectum
715 1037 770 1059 seu
795 1026 979 1059 institutum

31 1073 82 1122 333
105 1073 214 1126 Νἵζῗιῗξίζ
230 1081 294 1114 dici
313 1080 363 1114 vel
383 1081 506 1114 censeri
533 1080 641 1124 possit,
671 1091 743 1113 cum
774 1080 924 1113 omnibus
950 1086 978 1113 et

31 1133 216 1190 ζ’ζέῐξξῇζᾞζὲζζζ
231 1134 366 1178 singulis
387 1134 473 1168 illius
497 1134 683 1179 privilegiis,
707 1134 978 1178 exemptionibus,

32 1198 95 1230 orm⁴
139 1195 216 1231 siquas
230 1188 446 1230 libertatibus,
469 1188 737 1229 immunitatibus,
764 1187 980 1221 concessioni-

31 1226 303 1283 ffli32'3,11‘.³2¹'t.1‘i‘.b11s,
335 1242 480 1282 indultis,
513 1242 675 1275 favoribus
703 1248 731 1275 ct
767 1241 889 1285 gratiis,
917 1248 980 1275 tam

32 1291 152 1341 ζζζξξξξξζζ
175 1289 217 1341 ζ’,ζ
230 1295 455 1340 spiritualibus
475 1306 572 1338 quam
589 1295 835 1339 temporalibus,
854 1305 982 1328 necnon

33 1353 189 1378 sefewfflssss
233 1349 370 1389 iuribus,
401 1348 592 1388 actionibus,
613 1348 878 1393 proprietatibus,
907 1359 982 1382 een-

232 1402 333 1444 sibus,
351 1403 515 1436 montibus
535 1413 591 1436 seu
615 1402 745 1435 illorum
760 1403 839 1435 loeis
860 1408 890 1436 et
911 1414 983 1446 por-

232 1456 374 1490 tionibus
403 1467 439 1490 ac
471 1456 628 1489 fructibus
659 1456 793 1501 aliisque
823 1456 919 1490 rebus
955 1463 985 1490 et

233 1509 324 1544 bonis
344 1509 390 1542 illi
416 1510 587 1550 concessis,
611 1516 639 1543 et
661 1521 717 1543 seu
738 1510 776 1543 ad
800 1510 868 1543 eius
888 1521 983 1543 usum

235 1570 265 1597 et
285 1563 493 1597 commodum
515 1563 693 1607 acquisitis,
716 1563 825 1604 unitis,
840 1563 983 1607 applica-

235 1618 274 1650 tis
294 1623 323 1650 et
349 1617 579 1661 appropriatis,
602 1617 639 1649 ad
661 1617 782 1650 dictum
804 1617 983 1661 prioratum

235 1671 266 1704 S.
289 1670 418 1704 Antonii
438 1670 483 1704 sic
504 1681 726 1714 suppressum,
745 1670 936 1703 auctoritate
956 1676 983 1704 et

236 1729 346 1757 tenore
363 1723 549 1767 praedietis,
572 1723 667 1756 etiam
690 1729 859 1767 perpetuo,
881 1729 985 1757 trans-

235 1776 380 1817 serimus,
399 1781 430 1810 et
448 1787 505 1810 seu
526 1776 605 1810 illud
622 1777 660 1809 de
672 1787 753 1810 novo
768 1777 800 1809 in
812 1787 985 1821 suppresso

235 1830 381 1875 prioratu
402 1829 434 1864 S.
457 1830 598 1871 Antonii,
622 1830 773 1874 illiusque
794 1830 928 1864 aedibus
957 1838 983 1865 ct

233 1883 391 1917 aedificiis
427 1883 614 1929 praedictis,
655 1895 713 1928 pro
753 1884 986 1928 quinquaginta

234 1938 451 1979 scholaribus,
474 1949 614 1982 quorum
637 1944 710 1971 octo
724 1948 782 1981 per
802 1937 902 1982 ipsius
923 1939 987 1972 col-

234 1992 309 2036 legii
341 1998 560 2036 protectorem
589 2002 648 2036 pro
673 1997 819 2036 tempore
850 1993 987 2026 existen-

237 2052 312 2087 tem,
335 2046 567 2089 undecumque
589 2045 648 2078 sibi
678 2046 850 2089 placuerit,
877 2053 904 2080 et
935 2047 987 2079 alii

235 2106 309 2133 octo
334 2111 393 2144 per
418 2099 532 2133 Montis
552 2099 632 2140 Alti,
655 2105 684 2132 et
707 2105 771 2133 tres
788 2110 846 2143 per
865 2099 987 2133 Firma-

235 2165 307 2195 nae,
331 2159 361 2187 et
385 2153 440 2187 alii
467 2160 531 2187 tres
551 2164 610 2198 per
639 2153 840 2193 Ascuhmae,
862 2165 988 2188 necnon

236 2208 289 2241 alii
300 2213 365 2241 tres
375 2218 434 2252 per
453 2207 688 2241 Camerinensis
699 2213 727 2240 et
741 2208 806 2241 duo
824 2218 882 2252 per
893 2208 988 2252 Ripa-

237 2261 346 2295 nensis
366 2262 628 2301 communitates,
656 2261 775 2305 aliique
792 2262 857 2295 duo
868 2273 927 2306 per
942 2261 991 2295 Os-

238 2315 334 2356 fidae,
362 2321 393 2348 et
411 2315 466 2348 alii
487 2315 552 2348 duo
572 2325 630 2359 per
647 2315 761 2347 Montis
781 2314 899 2359 Elpari,
914 2326 989 2349 nee-

238 2379 303 2402 non
329 2368 383 2401 alii
414 2368 478 2402 duo
504 2379 562 2413 per
591 2368 706 2402 Montis
731 2368 855 2409 Florae,
883 2374 913 2401 et
937 2368 990 2402 alii

239 2422 304 2456 duo
324 2433 383 2466 per
403 2422 537 2456 Sanctae
557 2421 729 2463 Victoriae,
747 2428 777 2455 et
790 2422 918 2456 aliiduo
934 2434 992 2467 per

240 2471 396 2505 Porchiae
421 2482 478 2505 seu
498 2471 667 2511 Porculae,
695 2482 823 2505 necnon
848 2471 902 2504 alii
927 2472 990 2505 duo

239 2532 298 2565 per
314 2521 428 2555 Montis
445 2521 577 2561 Novem,
600 2526 626 2555 et
650 2521 704 2554 alii
725 2521 791 2554 duo
815 2532 873 2565 per
893 2521 991 2554 Patri-

238 2571 350 2612 gnoni,
373 2571 492 2614 aliique
504 2571 569 2603 (luo
584 2581 640 2613 per
650 2570 834 2604 Grottarum
847 2571 885 2603 ad
897 2571 991 2609 Mare,

239 2631 276 2653 ac
305 2620 359 2653 alii
386 2620 452 2653 duo
483 2631 540 2663 per
570 2620 764 2664 Castignani,
792 2626 818 2653 et
844 2620 993 2653 similiter

239 2670 305 2703 duo
316 2680 374 2715 per
385 2668 551 2709 Forchiac,
568 2670 646 2703 alias
662 2669 786 2710 Furcis,
809 2676 836 2702 ct
858 2669 992 2713 alii[duo

318 2719 394 2750 Bull.
411 2719 490 2750 Rom.
509 2719 562 2750 vol.
581 2719 615 2750 lx
817 2719 835 2748 7

877 266 980 290 SIXTUS
1003 265 1022 289 V
1045 265 1092 289 1³1³.

1016 330 1072 362 per
1092 318 1205 352 Montis
1224 316 1361 356 Monaci,
1385 320 1415 349 et
1435 315 1578 359 reliquus
1599 324 1657 358 per
1676 314 1765 347 Cusi-

1016 372 1111 415 gnani
1145 378 1303 405 terrarum
1336 381 1392 403 seu
1427 369 1620 413 oppidorum
1661 367 1765 401 dictae

1018 425 1200 470 provinciae
1234 423 1456 458 universitates
1490 428 1521 456 et
1549 421 1696 455 homines
1730 431 1765 454 ex

1018 480 1083 513 suis
1113 478 1291 513 civitatibus
1312 484 1341 511 et
1362 477 1456 510 terris
1481 487 1537 509 seu
1558 475 1685 519 oppidis
1704 474 1766 507 hu-

1019 533 1174 573 iusmodi,
1206 533 1254 566 vel
1279 532 1303 565 si
1323 537 1367 565 tot
1385 531 1504 564 ibidem
1525 529 1632 562 idonei
1650 534 1681 562 et
1701 527 1766 572 apti

1019 597 1083 619 non
1109 586 1331 629 reperiantur,
1358 585 1489 618 aliunde
1515 593 1628 617 eorum
1660 593 1768 626 respe-

1020 640 1098 673 ctive
1132 640 1265 673 arbitrio
1303 645 1413 673 nostro
1428 666 1436 680 ,
1464 649 1528 672 non
1567 644 1674 671 tamen
1714 647 1767 669 ex-

1019 699 1067 727 tra
1100 694 1219 727 dictam
1249 694 1467 738 provinciam,
1500 692 1573 736 eligi
1608 697 1639 725 et
1662 691 1768 724 nomi-

1020 747 1102 781 nari.

1064 802 1078 845 ,ξ
1104 802 1135 835 5.
1163 801 1281 845 Sieque
1307 802 1398 835 electi
1421 807 1448 834 et
1478 800 1634 834 nominati
1662 800 1693 833 in
1715 811 1770 833 eo-

1021 856 1092 888 deni
1107 855 1244 897 collegio
1262 855 1374 899 recipi,
1392 866 1428 887 ac
1450 855 1579 894 ibidem,
1597 855 1657 887 sub
1674 854 1771 887 nnius

1022 909 1155 942 rectoris
1167 920 1245 942 cura
1257 914 1288 942 et
1303 908 1472 951 gubernio,
1496 909 1533 940 :nl
1551 908 1771 951 septennium,

1022 969 1048 996 et
1071 973 1136 995 non
1157 963 1253 1003 ultra,
1274 961 1315 994 ali
1345 968 1441 1005 atque
1467 962 1649 1002 consoreri,
1676 973 1712 994 ac
1739 962 1771 994 in

1022 1016 1233 1049 Universitate
1253 1015 1356 1048 studii
1377 1014 1535 1058 generalis
1560 1015 1704 1048 eiusdem
1731 1016 1773 1048 ei·

1023 1069 1126 1103 vitatis
1152 1069 1364 1103 Bononiensis
1394 1069 1510 1102 artium
1537 1075 1567 1101 et
1593 1069 1773 1112 theologiae

1024 1115 1148 1158 necnon
1169 1124 1340 1167 utriusque
1362 1123 1440 1156 iuris
1456 1128 1486 1156 et
1499 1123 1570 1156 aliis
1585 1123 1713 1164 studiis,
1729 1123 1774 1156 eis

1023 1190 1081 1224 pro
1111 1178 1268 1222 cuiusque
1301 1177 1477 1222 capacitate
1502 1177 1775 1221 praescribendis,

1023 1244 1155 1278 operam
1195 1243 1310 1265 navare
1348 1232 1485 1265 debeant
1499 1259 1506 1273 ,
1548 1242 1622 1265 cum
1652 1232 1774 1276 capella

1024 1299 1079 1321 seu
1110 1287 1257 1327 ecclesia,
1284 1286 1437 1327 oratorio,
1458 1286 1640 1327 refectorio,
1665 1297 1775 1321 mensa

1025 1341 1204 1379 communi,
1227 1341 1345 1383 sigillo,
1372 1340 1584 1381 bibliotheca,
1615 1341 1772 1380 archivio,

1026 1396 1205 1438 ceterisque
1248 1395 1428 1438 insignibus
1470 1395 1702 1438 collegialihus,
1739 1408 1774 1429 ae

1026 1449 1182 1483 membris
1199 1454 1229 1482 et.
1244 1448 1595 1489 officinisneeessariis,
1617 1449 1657 1482 ad
1676 1450 1776 1483 omni-

1026 1504 1167 1548 potentis
1186 1504 1242 1537 Dei
1263 1504 1392 1536 laudem
1415 1509 1442 1536 et
1464 1503 1613 1546 gloriam,
1641 1514 1677 1537 ac
1698 1504 1777 1537 mili—

1026 1560 1120 1593 tantis
1131 1558 1291 1591 Ecclesiae
1304 1557 1541 1598 exaltationem,
1557 1557 1778 1591 subditorum-

1027 1625 1089 1657 que
1118 1618 1304 1646 nostrorum
1331 1612 1570 1655 praedictorum
1600 1611 1632 1644 in
1656 1611 1778 1646 littera-

1027 1679 1099 1701 rum
1128 1666 1240 1699 studiis
1270 1666 1394 1699 felicem
1416 1676 1635 1709 progressum,
1657 1666 1778 1700 eisdem

1027 1720 1219 1755 auctoritate
1240 1726 1270 1754 et
1290 1726 1413 1760 tenore,
1440 1720 1588 1754 similiter
1607 1727 1777 1765 perpetuo,

1027 1776 1183 1819 erigimus
1208 1780 1237 1808 et
1255 1773 1465 1807 instituimus.

1071 1830 1086 1874 ἓ
1111 1830 1141 1863 6.
1169 1829 1323 1872 Idemque
1344 1828 1518 1871 collegium
1531 1828 1575 1861 sic
1588 1828 1779 1861 translatum

1029 1891 1058 1918 et
1079 1895 1135 1918 seu
1156 1884 1195 1916 de
1215 1893 1298 1915 novo
1319 1887 1463 1915 erectum
1484 1881 1516 1914 in
1536 1881 1658 1922 locum,
1682 1882 1732 1914 ius
1751 1888 1779 1915 et

1029 1939 1187 1972 actionem
1210 1936 1285 1970 dicti
1307 1935 1427 1981 prioris
1448 1935 1574 1979 collegii
1595 1936 1702 1979 quoad
1716 1936 1782 1980 pri-

1030 1992 1153 2035 vilegia,
1174 1989 1407 2033 exemptiones,
1427 1989 1604 2030 libertates,
1631 1990 1783 2022 immuni-

1030 2043 1781 2086 tates,concessiones,indulta,savores,gratias,

1030 2099 1256 2145 proprietates,
1269 2109 1393 2138 census,
1409 2102 1545 2138 montes,
1561 2098 1642 2137 loca,
1662 2097 1783 2142 portio-

1031 2165 1099 2194 nes,
1122 2164 1183 2194 res,
1203 2153 1287 2186 bona
1308 2157 1339 2185 et
1358 2151 1420 2184 alia
1444 2151 1621 2195 praedicta,
1634 2151 1665 2185 in
1677 2151 1781 2185 omni-

1031 2208 1091 2241 bus
1112 2212 1140 2240 et
1162 2218 1220 2251 per
1240 2206 1362 2245 omnia,
1383 2205 1518 2249 perinde
1543 2216 1580 2239 ac
1600 2205 1625 2238 si
1646 2206 1782 2249 collegio

1032 2273 1090 2306 per
1118 2266 1303 2306 praesentes
1332 2265 1439 2293 erecto
1465 2259 1647 2304 specialiter
1673 2265 1704 2293 et
1733 2271 1784 2293 ex-

1032 2326 1140 2360 presse
1152 2316 1191 2348 ab
1206 2314 1296 2347 initio
1318 2325 1482 2355 concessa,
1500 2314 1601 2355 unita,
1624 2314 1783 2358 applicata

1033 2375 1062 2402 et
1085 2369 1292 2413 appropriata
1318 2367 1464 2408 fuissent,
1487 2368 1650 2411 ponimus,
1669 2367 1784 2401 substi-

1033 2423 1154 2455 tuimus
1174 2429 1204 2456 ct
1229 2422 1455 2465 subrogamus:
1479 2432 1516 2455 ac
1537 2422 1733 2455 erectionem
1754 2427 1782 2455 ct

1034 2472 1255 2505 fundationem
1288 2471 1451 2516 suppressi
1486 2470 1649 2514 prioratus
1673 2471 1785 2504 huius-

1035 2521 1134 2561 modi,
1157 2531 1284 2553 necnon
1305 2520 1531 2564 hospitalitatis
1552 2520 1583 2553 in
1613 2531 1651 2553 eo
1678 2520 1782 2552 soi-san

1035 2571 1221 2609 servandae,
1244 2576 1417 2613 ceteraque
1433 2580 1531 2602 onera
1545 2569 1590 2602 illi
1605 2569 1783 2613 quomodo-

1035 2620 1108 2653 libet
1131 2619 1371 2660 incumbentia,
1400 2619 1431 2652 in
1460 2619 1536 2652 dicti
1563 2618 1690 2659 collegii
1712 2619 1783 2650 sun-

1035 2669 1171 2711 ctiones,
1196 2668 1374 2703 ministeria
1395 2675 1422 2702 ct
1446 2669 1609 2708 exercitia,
1631 2667 1723 2700 salvis
1741 2673 1784 2700 tae

1678 250 1720 284 49
1778 263 1830 291 An.
1848 262 1876 291 c.
1894 262 1961 291 1588

1818 809 1968 831 Siudemibus·

1786 847 1826 869 que
1835 842 1934 861 alimenta
1944 846 1967 860 ae

1786 874 1864 897 eiiam,
1894 871 1967 892 ecclo-

1786 906 1845 929 siam,
1871 903 1969 929 sigillum,

1787 941 1880 956 mensam
1909 940 1969 954 com-

1787 972 1869 987 munem
1891 972 1914 985 nc
1930 965 1970 985 alia

1787 1000 1877 1024 insignia
1899 997 1968 1017 colle—

1787 1030 1849 1054 μύω
1869 1029 1969 1054 assignat.

1808 1839 1832 1860 Bt
1849 1838 1896 1859 huic
1907 1836 1977 1859 colle-

1796 1870 1830 1896 gio
1849 1871 1935 1894 gratias,
1949 1870 1977 1888 in-

1795 1901 1852 1921 dulia
1871 1903 1891 1922 et
1911 1901 1978 1927 privi-

1796 1932 1852 1957 legin
1876 1937 1899 1951 ac
1925 1931 1979 1951 bona

1796 1963 1902 1983 concedit.
