2226 3070
243 277 295 302 An.
312 276 339 302 o.
363 276 429 303 1592
475 266 538 299 538

243 334 339 354 standum
369 324 617 368 neu-apostolica
647 325 764 368 scripta
794 324 991 359 mandantes.
1026 329 1182 367 quatenus

243 363 293 406 {3¹:131
320 360 426 413 gfflfdffifffj
443 379 590 411 eumdem
621 378 805 421 episcopum
832 378 1059 410 Fossanensem
1075 377 1178 409 ·l'utu-

243 419 313 438 ΜΝ
441 443 523 469 rum,
547 438 710 475 tamquam
732 438 853 474 patrem
876 437 903 463 et
926 436 1084 473 pastorem
1107 431 1178 463 ani-

444 497 567 518 marum
589 491 763 518 vestrarum
785 485 897 517 devote
918 484 1136 527 suscipientes,
1152 490 1178 516 ct

441 539 547 571 debita
578 537 819 570 honoriticentia
846 542 1090 580 pertractantes,
1115 537 1181 570 eius

442 592 569 624 monitis
590 597 618 624 et
640 590 797 623 mandatis
818 590 981 622 humiliter
998 590 1177 624 intendatis.

440 646 484 678 lta
502 645 587 688 quod
614 645 679 688 ipse
701 645 824 677 futurus
845 644 1014 689 episcopus
1041 645 1072 677 in
1092 645 1181 678 vobis

441 698 570 730 devotos
584 697 676 733 lilios„
693 703 719 729 et
742 708 796 730 vos
811 697 841 729 in
854 709 891 731 eo
908 709 965 741 per
982 709 1181 742 consequens

440 757 561 794 patrem
584 751 773 783 benevolum
796 751 951 785 invenisse
973 752 1148 795 gaudeatis,

485 805 596 837 Datum
626 805 746 838 Romae
767 807 851 850 apud
883 807 912 840 S.
932 807 1072 845 Petrum,
1097 813 1199 839 anno*

440 859 668 892 lncarnationis
689 860 869 893 dominicae
895 860 1066 892 millesimo
1087 860 1179 903 quin-

440 913 618 953 gentesimo
639 914 849 955 nonagesimo
868 914 1020 951 secundo,
1039 924 1103 947 xvu
1116 913 1176 945 kal.

441 966 527 1003 maii„
557 967 762 1010 pontificatus
782 968 880 1000 nostri
901 978 984 1000 anuo
1006 979 1014 1001 1
1036 968 1054 999 ¹*

475 1027 532 1054 Dat.
550 1028 592 1055 die
610 1030 641 1057 r15
657 1030 749 1066 aprilis
763 1030 839 1064 1592,
852 1034 923 1066 pont⁴
935 1039 978 1057 atr
991 1038 1007 1058 t.

778 1193 841 1225 xil.

444 1290 652 1332 Confirmatio
687 1291 952 1323 constitutionum
993 1291 1049 1323 Pit·
1080 1291 1126 1323 Ilv
1154 1296 1182 1323 et

487 1344 574 1377 Sicca·
601 1344 625 1376 V
643 1344 728 1376 circa
745 1355 864 1387 poenas
893 1349 920 1377 et
945 1344 1182 1387 confiscationes

486 1407 523 1430 ex
542 1397 711 1439 maleficiis
731 1397 841 1431 Status
868 1397 1084 1430 Ecclesiastici
1110 1409 1183 1441 pm-

486 1452 655 1489 renientes,
679 1455 714 1483 nt
736 1452 770 1483 in
794 1452 874 1484 Urbe
898 1452 1029 1484 omnino
1060 1463 1183 1484 serren-

489 1509 551 1545 ίαν,
581 1505 770 1548 praesertim
805 1506 888 1537 circa
924 1516 975 1537 eas
1006 1516 1071 1537 non
1101 1506 1184 1538 alibi

487 1569 585 1602 quam
624 1558 712 1602 apud
758 1558 989 1601 depositarium
1032 1559 1184 1593 Gamerae

485 1612 720 1654 persolvendas.

489 1703 620 1730 Clemens
640 1704 718 1737 Papa
738 1704 814 1736 VIII¹
838 1707 920 1731 motu
939 1704 1065 1738 proprio,
1089 1708 1146 1732 etc.

488 1774 572 1807 Inter
590 1780 730 1807 caeteras
750 1774 848 1806 animi
870 1775 967 1807 nostri
987 1786 1088 1812 curas,
1108 1776 1180 1818 qui-

445 1828 503 1861 bus
524 1838 540 1860 a
561 1828 746 1871 primordiis
764 1829 1127 1872 assumptionisnostrae
1145 1830 1183 1862 ad

445 1881 561 1914 summi
586 1881 780 1924 apostolatus
805 1881 928 1925 apicem
958 1883 1100 1926 quotidie
1121 1884 1184 1915 sol-

445 1935 616 1971 licitamur,
640 1935 725 1967 illam
747 1936 947 1979 propensiori
977 1936 1084 1969 animo
1112 1947 1181 1969 am-

446 1988 626 2032 plectimur,
660 1999 718 2032 per
749 1999 843 2031 quam
877 1989 1027 2022 Gamerae
1059 1996 1185 2023 nostrae.

447 2042 647 2085 Apostolicae
668 2042 797 2081 iurium‚
822 2043 1006 2076 reddituum
1032 2050 1062 2077 et
1086 2044 1186 2077 bono-

446 2106 518 2128 rum
539 2102 626 2129 recto
648 2102 675 2129 et
694 2095 789 2129 firmo
811 2096 957 2139 regimini
981 2098 1166 2130 consulitur.

492 2152 507 2192 ξ
529 2150 557 2182 ’1.
583 2150 667 2183 Alias
691 2150 848 2193 siquidem
871 2151 970 2184 felicis
992 2152 1186 2185 recordatio-

247 2200 494 2253 pfflffssffi‘ssffig‘ffinis
512 2203 584 2236 Pius
604 2204 687 2247 Papa
722 2204 770 2241 lv,
802 2205 1030 2247 praedecessor
1064 2210 1182 2243 noster,

248 2255 432 2306 {2³f1lfgmssaslgffissg
447 2252 553 2285 statuit
585 2253 670 2295 quod
702 2263 813 2285 omnes
838 2264 960 2297 poenae
993 2260 1020 2287 et
1049 2255 1186 2287 mulctae

248 2309 313 2355 33:¹32*
322 2309 351 2355 2¹13
364 2308 431 2358 1253}
447 2305 660 2349 pecuniariae,
678 2316 732 2339 seu
751 2306 887 2339 cuiusvis
908 2307 1067 2351 qualitatis
1088 2308 1182 2343 bona,

249 2364 528 2409 {gfff-ggjpffloessvquae
559 2360 841 2393 communitatibus
871 2367 900 2393 et
929 2361 1186 2393 universitatilms

447 2413 620 2453 civitatum,
636 2414 828 2457 oppidorum
851 2420 880 2447 et
900 2415 1044 2448 locorum
1056 2415 1085 2447 S.
1103 2415 1181 2447 RE.

447 2466 559 2499 ditioni
579 2466 610 2498 in
632 2467 862 2510 temporalibus
882 2468 1100 2500 subiectorum
1129 2478 1185 2511 ap-

447 2520 581 2563 plicatae
602 2527 716 2559 essent‚
731 2531 794 2553 non
809 2521 945 2564 amplius
961 2521 1080 2554 eisdem
1099 2532 1186 2555 com-

447 2575 655 2609 munitatibus
682 2580 713 2607 et
742 2574 1008 2615 universitatibus,
1043 2576 1097 2608 sed
1124 2576 1181 2609 Ca-

274 1828 391 1849 Exordium.

482 2648 493 2674 *l
514 2646 596 2674 Huius
621 2646 763 2674 erectionis
779 2647 899 2673 meminit
926 2648 1004 2674 etiarn
1026 2647 1183 2682 UGHELLtUS,

447 2691 512 2718 Ital.
528 2692 605 2724 Sam,
622 2696 686 2718 tom.
702 2697 738 2723 lv,
756 2691 806 2718 col.
826 2692 902 2725 1080,
923 2691 1047 2718 editionis
1063 2696 1182 2719 venetae.

1024 276 1206 299 BULLARIUM
1223 276 1374 300 ROMANUM

1972 278 2019 304 An.
2037 276 2065 304 C.
2087 276 2155 305 1592

1218 334 1323 356 merae
1344 324 1545 367 Apostolicae
1575 325 1751 369 applicatae
1776 326 1906 359 existant
1928 332 1956 359 et

1218 387 1285 410 esse
1306 383 1522 415 censerentur,
1546 388 1604 410 nec
1624 389 1683 422 per
1702 378 1781 411 alios
1802 390 1897 422 quam
1918 379 1956 412 ab

1217 431 1327 463 cadem
1346 431 1478 464 Camera
1497 432 1536 465 ad
1558 431 1588 464 id
1615 431 1794 475 specialiter
1819 433 1953 476 deputa-

1217 490 1274 524 tos,
1296 485 1447 518 officiales
1468 491 1495 518 et
1515 491 1725 529 exequutores
1743 485 1954 528 exigerentur,

1217 540 1254 571 de
1281 550 1418 583 quorum
1454 539 1600 572 manibus
1628 540 1681 572 illa
1710 540 1900 584 reciperent,
1933 540 1956 574 si

1216 593 1281 636 qui.
1300 593 1390 625 titulo
1412 604 1548 626 oneroso
1563 599 1614 626 aut
1634 594 1674 626 ob
1692 594 1815 637 aliquos
1826 594 1895 637 pios
1909 595 1956 627 vet

1216 646 1295 679 alios
1316 657 1537 690 quoscumque
1569 658 1659 683 usus,
1684 657 1735 680 cas
1756 647 1814 679 sibi
1847 647 1955 680 deberi

1216 701 1472 743 praetenderent.
1522 719 1527 725 ·

1261 756 1276 796 3
1299 754 1328 787 2.
1352 755 1389 788 Et
1409 755 1539 788 demum
1560 756 1641 788 bene
1659 762 1686 788 ct
1709 756 1885 799 prudenter
1905 765 1955 788 re·
1971 764 2155 812 {iii¹i³3ssssiiffissi'3

1216 809 1368 841 colendae
1390 809 1564 842 memoriae
1584 809 1686 843 Sixtus
1706 810 1791 853 Papa
1810 810 1844 850 V,
1861 810 1955 842 etiam
1972 818 2154 843 vitet-inuniunt<

1216 863 1444 905 praedecessor
1464 869 1582 900 noster,
1607 863 1749 902 eiusdem
1774 863 1819 895 Pii
1842 863 1958 896 consti-

1216 915 1370 949 tutionem
1393 917 1567 960 praesatam
1594 916 1781 960 approbavit
1813 922 1843 949 et
1863 916 1956 949 inno-

1216 970 1307 1007 vavit,
1331 981 1367 1003 ac
1396 976 1577 1014 opportune
1608 970 1707 1003 voluit
1738 975 1766 1003 et
1796 970 1955 1003 mandavit

1216 1029 1249 1056 ut
1278 1034 1500 1067 quaecumque
1521 1024 1777 1061 communitates,
1800 1024 1957 1057 universi-

1217 1082 1305 1114 tates,
1330 1078 1464 1120 collegia
1494 1084 1545 1110 aut
1576 1088 1748 1121 personae,
1781 1078 1876 1111 etiam
1908 1089 1958 1111 ec-

1216 1131 1424 1169 clesiasticae,
1458 1131 1567 1174 quavis
1596 1131 1749 1174 dignitate
1778 1132 1954 1174 fungentes,

1216 1191 1266 1217 aut
1290 1195 1402 1217 eorum
1424 1185 1638 1227 magistratus,
1661 1195 1782 1229 poenas
1801 1196 1857 1218 seu
1876 1185 1958 1218 mul-

1217 1244 1261 1271 tas
1282 1239 1469 1282 praedictas,
1485 1250 1538 1271 seu
1558 1239 1684 1271 illarum
1705 1239 1887 1283 portionem
1901 1239 1958 1272 ali-

1217 1303 1324 1335 quam,
1349 1292 1459 1336 quovis
1488 1292 1590 1331 titulo,
1615 1292 1709 1325 etiam
1738 1303 1876 1326 oneroso
1905 1299 1958 1326 aut

1217 1346 1277 1378 alia
1298 1346 1465 1379 occasione
1478 1347 1525 1379 vel
1540 1357 1644 1383 causa,
1660 1346 1753 1379 etiam
1773 1347 1954 1387 iustissima,

1217 1399 1275 1431 sibi
1297 1399 1406 1433 deberi
1427 1400 1474 1431 vel
1495 1400 1669 1443 applicatas
1689 1411 1756 1433 esse
1770 1401 1959 1444 praetende-

1218 1459 1298 1490 rent,
1320 1454 1403 1486 intra
1422 1460 1544 1487 certum
1566 1460 1640 1487 tunc
1661 1465 1857 1498 expressum,
1873 1465 1958 1489 nunc

1216 1519 1292 1540 vero
1313 1508 1456 1551 elapsum
1480 1508 1663 1546 terminum,
1687 1509 1909 1542 concessiones
1929 1514 1959 1542 et

1217 1561 1446 1605 applicationes
1470 1561 1664 1605 praedictas,
1688 1573 1808 1606 suaque
1839 1562 1909 1595 iura
1929 1568 1957 1595 et

1217 1615 1392 1659 privilegia,
1421 1615 1445 1648 si
1476 1626 1557 1659 quae
1586 1615 1752 1657 haberent,
1776 1615 1807 1648 in
1828 1616 1958 1649 Camera

1218 1670 1398 1714 Apostolica
1418 1669 1613 1709 exhiberent,
1639 1677 1669 1703 et
1688 1671 1817 1703 illorum
1838 1670 1957 1704 confir-

1219 1724 1391 1757 mationem
1418 1723 1614 1763 obtinerent;
1639 1735 1718 1768 quos
1750 1724 1959 1758 nihilominus

1218 1778 1256 1809 de
1271 1777 1418 1810 manibus
1427 1778 1610 1821 depositarii
1622 1778 1873 1822 uniuscuiusque
1885 1789 1958 1822 pro-

1219 1831 1351 1871 vinciae,
1367 1842 1421 1864 seu
1435 1831 1578 1872 civitatis,
1600 1832 1809 1875 praecedente
1829 1832 1957 1876 speciali

1220 1884 1381 1922 mandato,
1406 1895 1465 1917 nec
1485 1885 1573 1922 alias,
1599 1885 1724 1928 exigere
1751 1891 1880 1929 possent
1903 1896 1957 1919 seu

1220 1938 1383 1979 deberent;
1407 1939 1602 1982 insuperque
1623 1939 1781 1972 revocavit
1801 1950 1912 1973 omnes
1929 1945 1959 1973 et

1220 2003 1438 2036 quascumque
1468 1993 1690 2025 concessiones
1717 1998 1745 2025 et
1771 1993 1958 2037 applicatio-

1220 2058 1275 2079 nes
1304 2047 1460 2079 dictarum
1492 2047 1703 2085 muletarum,
1731 2057 1908 2090 poenarum
1929 2053 1959 2081 et

1220 2099 1489 2142 compositionum
1522 2098 1641 2131 eisdem
1677 2099 1960 2132 communitatibus

1221 2158 1247 2185 ct
1270 2152 1539 2193 universitatibus,
1564 2152 1705 2194 collegiis
1731 2158 1761 2185 et
1780 2152 1848 2185 aliis
1868 2163 1960 2197 prae-

1221 2206 1322 2245 dictis7
1341 2206 1431 2239 titulo
1452 2216 1589 2239 oneroso
1610 2211 1641 2239 et
1661 2206 1748 2247 alias,
1765 2212 1799 2239 ut
1818 2207 1960 2250 praefer-

1222 2265 1272 2291 tur
1294 2260 1401 2297 sactas,
1425 2270 1506 2303 quae
1531 2259 1613 2292 intra
1634 2259 1754 2292 dictum
1774 2265 1900 2303 tempus
1920 2259 1959 2292 ab

1221 2314 1332 2346 eadem
1361 2314 1492 2346 Camera
1521 2314 1716 2357 approbatae
1742 2319 1773 2347 et
1791 2313 1959 2347 innovatae

1221 2377 1284 2399 non
1306 2368 1419 2405 forent,
1443 2373 1538 2411 prout
1557 2367 1589 2399 in
1607 2367 1796 2400 eorumdem
1825 2367 1959 2411 praede-

1221 2431 1383 2453 cessorum
1405 2426 1590 2453 nostrorum
1611 2421 1748 2465 desuper
1767 2421 1858 2453 editis
1878 2431 1956 2454 con-

1220 2474 1438 2506 stitutionibus
1458 2474 1551 2507 latius
1571 2474 1762 2507 continetur.

1266 2527 1330 2569 33.
1356 2529 1393 2560 At
1422 2539 1494 2560 cnm
1515 2538 1572 2561 nos
1602 2528 1821 2572 acceperimus
1840 2528 1872 2561 in
1901 2528 1960 2562 bac

1221 2577 1303 2609 alma
1324 2577 1408 2610 Urbe
1429 2583 1537 2610 nostra
1558 2578 1748 2611 eorumdem
1772 2577 1960 2621 praedeces-

1221 2641 1328 2663 sorum
1365 2631 1608 2664 constitutiones
1636 2642 1696 2664 usu
1724 2637 1868 2675 receptas
1896 2641 1960 2664 non

1221 2694 1302 2723 csse3
1327 2683 1425 2717 immo
1446 2684 1478 2717 in
1499 2695 1594 2727 grave
1625 2685 1727 2718 dictae
1751 2690 1879 2718 nostrae
1899 2684 1957 2718 Ca-

2009 2529 2047 2550 }{ic
2065 2529 2159 2551 Pontifex

1975 2562 2000 2577 ex
2027 2557 2097 2586 causis
2124 2557 2158 2577 hic

1975 2586 2104 2607 enuncians,
