2226 3070
67 305 115 332 An.
131 304 159 331 C.
182 303 246 331 1591

863 302 1042 327 GREGORIUS
1061 302 1115 326 xlv
1135 301 1184 326 PP.

262 351 383 391 Ordini,
404 351 536 395 eiusque
556 351 695 395 capitulo
716 356 746 384 et
765 351 882 391 abbati,
908 351 1002 384 ctiam

263 405 415 447 generali,
439 416 475 438 ac
495 405 658 449 quibusvis
678 405 773 445 illius,
797 404 892 437 ctiam
923 416 1002 448 qua-

264 465 336 492 tuor
348 460 458 503 primis
472 459 774 499 abbatibus,scilicct
789 459 999 497 Claracvallis,

263 513 466 554 Morimundi‚
476 513 653 546 Pontiniaei
672 519 699 546 et
713 512 1001 555 Fi1·mitatis‚qua1u

264 567 359 600 etiam
379 568 523 601 eiusdem
550 567 676 601 Ordinis
703 566 1004 608 congregationibus

264 621 295 653 in
316 621 422 663 regnis
441 620 621 664 Hispaniae,
642 620 855 661 Portugalliae
876 630 910 651 ac
932 618 1004 662 qni-

264 673 369 707 busvis
386 674 465 713 aliis,
489 684 665 717 eorumque
683 678 711 706 et
733 672 869 705 aliorum
884 678 947 705 tam
961 672 1004 704 ri-

263 738 373 761 rorum
394 738 489 771 quam
512 727 684 760 mulierum
706 726 918 763 monasteriis,
949 726 1005 759 do-

264 781 380 821 mibus,
404 781 556 819 ecclesiis,
591 780 680 820 locis,
715 780 810 812 rebus
840 785 868 812 et
899 779 1001 819 bonis,

264 845 390 867 necnon
408 833 555 878 capitulis
576 844 700 871 eorum,
724 833 818 866 etiam
850 832 1005 875 generali-

263 888 333 928 bus,
358 887 595 926 diffinitoribus,
619 886 787 919 abbatibus
808 892 837 918 ct
857 886 926 919 aliis
937 885 1007 929 qui-

263 941 370 975 busvis
391 952 503 975 eorum
524 941 755 985 superioribus,
776 940 936 984 praelatis,
960 940 1006 972 of-

265 995 434 1035 ficialibus,
469 995 632 1035 ministris,
666 994 842 1030 monacbis,
867 993 1003 1033 novitiis,

266 1049 416 1082 fratribus
436 1054 467 1082 et
486 1048 645 1082 conversis
666 1059 702 1081 ac
716 1047 860 1091 personis
877 1047 1008 1090 quibus-

266 1114 415 1147 cumque,
440 1109 503 1136 tam
525 1103 557 1135 in
577 1103 662 1136 Urbe
683 1112 780 1146 quam
813 1101 844 1133 in
874 1101 1006 1144 quibus-

266 1168 405 1201 cumque
430 1157 542 1190 mundi
573 1156 717 1200 partibus
747 1154 1004 1195 consistentibus,

266 1211 361 1245 etiam
382 1211 511 1244 illorum
532 1216 562 1243 et
582 1210 710 1243 illarum
731 1209 846 1242 intuitu
864 1214 918 1241 aut
931 1208 1008 1241 alias

267 1264 512 1309 quomodolibet
531 1269 561 1296 et
581 1263 639 1296 sub
672 1273 875 1307 quacumque
907 1263 1008 1295 soi-ma

267 1324 298 1351 et
317 1317 519 1362 expressione
540 1317 712 1350 verborum
725 1327 875 1350 concessa
887 1322 914 1349 et
934 1327 1009 1349 con-

267 1372 421 1412 cedenda,
444 1383 481 1405 ac
501 1371 617 1415 quibus
637 1371 676 1404 de
697 1370 776 1410 iure,
792 1381 862 1408 usu,
877 1380 1010 1403 consue-

268 1426 378 1459 tudine
398 1426 447 1459 vel
467 1425 634 1469 privilegio
646 1430 700 1457 aut
713 1424 919 1457 concessione
931 1434 1009 1468 apo-

268 1479 395 1519 stolica,
416 1478 515 1521 regia,
539 1477 709 1521 imperiali,
733 1477 1007 1520 archiepiscopali,

269 1532 458 1577 episcopali,
490 1531 522 1564 in
554 1542 671 1573 genere
700 1531 748 1563 vel
778 1530 809 1562 in
835 1530 951 1574 specie,
976 1542 1010 1562 ac

270 1592 333 1620 tam
352 1585 548 1619 coniunctim
569 1595 665 1628 quam
687 1584 823 1623 divisim,
847 1584 940 1617 ctiam
955 1595 1012 1628 per

270 1640 352 1673 viam
374 1638 674 1672 communicationis
695 1643 724 1671 et
746 1637 938 1671 extensionis
958 1644 1011 1671 aut

270 1694 347 1727 alias
367 1692 611 1737 quomodolibet
631 1697 774 1732 utuntur,
798 1692 964 1735 potiuntur
982 1697 1012 1724 et

270 1748 420 1790 gaudent,
444 1757 480 1780 ac
500 1746 556 1787 uti,
581 1746 676 1789 potiri
707 1752 738 1779 et
763 1746 903 1788 gaudere
933 1756 1011 1789 quo-

271 1801 446 1835 modolibet
459 1805 593 1844 possunt
605 1805 635 1832 et
647 1804 796 1843 poterunt
811 1799 842 1831 in
856 1799 1008 1837 futurum,

270 1854 393 1888 etiamsi
414 1853 487 1887 talia
507 1853 569 1886 sint
588 1853 635 1885 vel
654 1853 771 1886 fuerint
790 1863 872 1896 quae
892 1852 1013 1896 specia-

270 1910 332 1943 lem
354 1914 384 1942 et
404 1908 601 1941 individuam
619 1907 785 1951 requirant
801 1907 1008 1945 mentionem,

270 1974 326 1997 seu
346 1963 378 1996 in
398 1962 620 2007 praesentibus
641 1962 680 1995 de
700 1962 797 1994 verbo
819 1961 858 1994 ad
878 1961 1010 1993 verbum

271 2017 478 2051 insertionem
500 2022 528 2050 et
549 2027 606 2049 seu
625 2016 852 2060 particularem
880 2026 1011 2048 conces-

271 2071 394 2104 sionem
430 2071 470 2103 ad
501 2070 698 2114 praedictam
730 2069 1010 2112 congregationem

271 2125 301 2159 S.
325 2125 477 2159 Bernardi
498 2125 529 2157 iu
543 2124 631 2157 Italia
642 2124 791 2167 illiusque
805 2123 1008 2162 monasteria,

272 2181 396 2219 domos,
420 2179 501 2217 loca,
525 2189 576 2211 res
596 2183 627 2211 et
647 2178 743 2217 bona,
767 2188 892 2210 necnon
922 2188 1013 2221 prae-

271 2233 439 2271 sidentem,
463 2231 662 2271 diffinitores,
686 2230 865 2264 visitatores
877 2235 908 2263 et
928 2230 1013 2274 capi-

273 2287 349 2327 tula,
366 2286 508 2325 abbates,
519 2284 654 2329 priores,
664 2283 826 2323 officiales,
838 2283 1009 2323 ministros,

273 2339 448 2373 monachos
469 2344 499 2371 et
511 2338 687 2380 singulares
696 2348 859 2381 personas,
875 2337 916 2370 ita
927 2338 1013 2380 quod

274 2394 378 2428 dictae
399 2391 657 2435 congregationis
674 2392 704 2424 S.
725 2391 878 2424 Bernardi
905 2401 1015 2424 mona-

272 2447 378 2487 steria,
403 2447 528 2485 domus,
551 2446 632 2483 loca,
665 2450 838 2478 conventus
869 2450 899 2477 et
930 2444 1015 2488 capi-

275 2502 350 2541 tula,
371 2500 466 2534 etiam
487 2499 659 2541 generalia,
684 2498 878 2542 praesidens,
899 2498 1015 2531 (listini-

275 2561 369 2595 tores,
393 2553 581 2591 visitatores,
605 2553 746 2591 abbates,
779 2552 912 2596 priores,
945 2552 1015 2583 osli-

274 2609 380 2648 ciales,
397 2607 544 2646 ministri,
560 2606 722 2646 monachi,
741 2605 862 2644 novitii,
891 2607 1012 2646 tratres,

275 2662 430 2702 conversi,
461 2660 581 2700 donati,
620 2660 717 2693 oblati
749 2666 780 2693 et
814 2659 894 2693 aliae
933 2659 1016 2692 illius

278 2717 455 2760 singulares
485 2725 657 2760 personae,
692 2725 728 2748 ac
759 2725 870 2748 eorum
902 2724 952 2747 res
987 2719 1018 2747 et

1682 288 1746 322 469

1037 350 1131 387 bona.
1156 349 1213 381 sub
1236 358 1346 381 eorum
1365 358 1441 380 cura
1462 347 1777 380 etsecundumeius-

1038 404 1109 436 dem
1131 401 1388 445 congregationis
1409 400 1552 433 instituta
1572 411 1658 433 nunc
1675 406 1704 433 et
1720 412 1778 444 pro

1038 463 1182 500 tempore
1200 456 1339 490 viventes
1360 461 1390 488 et
1403 454 1578 495 existentia,
1596 455 1779 498 praemissis

1037 511 1186 544 omnibus
1207 516 1235 543 ct
1257 510 1400 553 singulis,
1435 520 1536 552 aeque
1564 508 1780 552 parit'ormiter

1038 570 1065 596 et
1088 565 1208 608 absque
1222 565 1286 596 ulla
1298 563 1423 607 penitus
1435 562 1625 601 differentia,
1647 562 1779 605 perinde

1038 628 1074 650 ac
1091 618 1116 649 si
1138 618 1198 649 illis
1218 623 1247 650 et
1268 628 1379 650 eorum
1399 616 1532 659 singulis
1562 615 1781 659 principaliter

1038 675 1066 702 et
1088 669 1267 712 specialiter
1288 675 1316 701 et
1338 679 1484 712 expresse
1506 678 1541 700 ac
1573 666 1776 706 nominatim,

1039 729 1069 755 et
1088 734 1152 755 non
1180 723 1219 755 ad
1251 723 1359 761 instar,
1392 732 1542 755 concessa
1574 721 1705 753 fuissent
1736 721 1780 763 (in

1039 782 1194 820 quantum
1215 776 1319 809 eidem
1350 774 1590 817 congregationi
1622 774 1778 818 expediat,

1040 831 1171 874 eiusque
1192 830 1360 872 gubernio,
1382 829 1565 873 privilegiis,
1581 828 1782 862 constitutio-

1039 884 1133 917 nibus
1154 890 1181 917 et
1204 883 1448 917 diffinitionibus
1466 893 1530 915 non
1548 883 1779 925 adversentur),

1040 938 1096 977 uti,
1118 938 1190 977 frui,
1215 936 1310 981 potiri
1332 942 1360 969 et
1382 937 1522 979 gaudere
1542 936 1641 969 libere
1656 942 1685 969 et
1699 936 1782 969 licite

1041 991 1163 1035 possint
1187 997 1217 1024 et
1246 990 1382 1030 valeant,
1414 989 1602 1022 auctoritate
1623 995 1653 1022 et
1673 995 1782 1023 tenore

1041 1044 1222 1089 praedictis,
1247 1043 1343 1077 etiam
1364 1048 1532 1087 perpetuo,
1565 1043 1780 1081 extendimus3

1042 1098 1160 1142 illaque
1180 1097 1289 1131 omnia
1309 1102 1339 1130 et
1358 1096 1484 1139 singula
1500 1095 1675 1139 praemissa
1695 1095 1740 1128 eis
1754 1102 1784 1129 et

1042 1162 1153 1185 eorum
1175 1150 1316 1190 cuilibet,
1340 1150 1461 1183 eisdem
1483 1149 1671 1182 auctoritate
1689 1155 1719 1182 et
1739 1155 1783 1183 te-

1041 1217 1130 1245 nore,
1154 1204 1301 1237 similiter
1320 1209 1476 1248 perpetuo
1506 1203 1784 1237 communicamus

1042 1266 1070 1294 et
1092 1259 1309 1293 concedimus.

1087 1316 1103 1356 g
1124 1313 1154 1346 5.
1178 1314 1390 1346 Decernentes
1410 1311 1454 1345 sic
1475 1318 1505 1345 et
1525 1322 1589 1345 non
1610 1311 1702 1345 aliter
1727 1323 1785 1356 per

1043 1377 1264 1411 quoscumque
1291 1366 1423 1405 iudices,
1456 1365 1566 1409 quavis
1597 1365 1785 1399 auctoritate

1044 1422 1228 1463 fungentes,
1252 1420 1348 1453 etiam
1371 1421 1517 1452 locorum
1538 1418 1723 1452 Ordinarios
1749 1430 1786 1452 ac

1044 1476 1073 1510 S.
1097 1476 1132 1508 R.
1154 1476 1187 1508 E.
1212 1474 1400 1512 cardinales,
1425 1474 1519 1507 etiam
1550 1474 1588 1506 de
1618 1474 1715 1506 latere
1743 1474 1787 1506 le·

1045 1537 1145 1572 gatos,
1160 1529 1379 1572 vice-legatos,
1392 1527 1482 1562 Sedis
1494 1528 1694 1571 Apostolicae
1706 1539 1787 1561 nun-

1045 1584 1110 1616 cios
1132 1589 1162 1616 et
1181 1593 1350 1616 causarum
1371 1582 1482 1615 Palatii
1502 1581 1675 1626 Apostolici
1697 1581 1787 1615 audi-

1046 1643 1140 1676 tores,
1164 1636 1288 1669 sublata
1309 1636 1353 1668 eis
1374 1640 1404 1668 et
1424 1646 1535 1669 eorum
1558 1634 1687 1668 cuilibet
1710 1646 1788 1678 qua-

1044 1691 1089 1724 vis
1109 1691 1202 1724 aliter
1222 1690 1384 1723 iudicandi
1405 1695 1435 1723 et
1448 1689 1677 1733 interpretandi
1691 1690 1788 1722 sacul-

1046 1751 1107 1778 tate
1134 1751 1165 1778 et
1193 1745 1391 1785 auctoritate,
1430 1744 1563 1777 iudicari
1593 1750 1623 1777 et
1658 1744 1787 1777 diffiniri

1046 1799 1177 1837 debere,
1202 1798 1326 1831 irritum
1348 1809 1478 1842 quoque
1510 1803 1540 1831 et.
1569 1798 1662 1830 inane
1695 1798 1788 1842 quid-

1046 1853 1122 1898 quid
1143 1864 1234 1887 secus
1260 1863 1356 1896 super
1382 1852 1430 1885 his
1459 1863 1477 1885 a
1506 1863 1685 1896 quoquam,
1710 1863 1788 1896 qua-

1046 1907 1090 1940 vis
1114 1907 1313 1947 auctoritate,
1346 1906 1482 1939 scienter
1510 1906 1558 1939 vel
1588 1906 1784 1948 ignoranter,

1046 1961 1238 2003 contingerit
1259 1960 1418 1993 attentari.

1090 2015 1104 2058 g
1125 2014 1155 2047 6.
1179 2015 1216 2048 Et.
1235 2014 1444 2047 nihilominus
1465 2013 1581 2047 dilecto
1594 2013 1660 2047 filio
1678 2020 1787 2047 nostro

1047 2068 1145 2112 ipsius
1163 2067 1421 2110 congregationis
1441 2067 1471 2101 S.
1486 2067 1639 2100 Bernardi
1654 2067 1685 2100 in
1699 2067 1787 2100 ltalia

1047 2123 1202 2156 moderno
1225 2127 1255 2155 et
1273 2132 1332 2165 pro
1351 2127 1495 2165 tempore
1516 2121 1659 2154 existenti
1673 2121 1702 2154 S.
1723 2122 1787 2154 Ro-

1047 2187 1160 2209 manae
1180 2176 1213 2209 E.
1239 2175 1393 2209 cardinali
1414 2175 1599 2218 protectori.
1632 2186 1667 2208 ac
1694 2186 1787 2209 vene-

1046 2230 1137 2263 rabili
1165 2230 1253 2263 fratri
1282 2229 1433 2273 episcopo
1465 2229 1627 2272 Papiensi,
1662 2240 1787 2263 necnon

1047 2284 1161 2318 dilecto
1193 2283 1259 2316 filio
1295 2283 1402 2316 curiae
1437 2293 1605 2315 causarum
1639 2283 1788 2316 Gamerae

1047 2338 1248 2382 Apostolicae
1266 2337 1407 2379 generali
1428 2336 1576 2377 auditori,
1609 2347 1667 2380 per
1695 2348 1787 2381 prae-

1047 2398 1151 2425 sentes
1172 2390 1401 2423 committimus
1422 2396 1450 2423 et
1469 2391 1659 2423 mandamus
1680 2396 1789 2434 quate-

1048 2456 1107 2478 nus
1128 2445 1186 2488 ipsi
1207 2445 1254 2477 vel
1277 2445 1340 2477 duo
1361 2450 1413 2477 aut
1432 2454 1514 2477 unus
1534 2455 1658 2482 eorum,
1682 2455 1788 2488 perse

1049 2500 1094 2531 vel
1117 2498 1214 2531 alium
1236 2508 1291 2530 seu
1316 2497 1405 2538 alios,
1440 2503 1623 2541 praesentes
1656 2498 1785 2536 litteras,

1049 2553 1103 2586 ubi
1122 2558 1149 2586 et
1169 2553 1298 2596 quando
1319 2552 1523 2599 opusl'uerit,
1547 2552 1718 2595 acquoties
1731 2563 1789 2596 pro

1050 2612 1138 2650 parte
1157 2605 1378 2650 praesidentis,
1402 2605 1624 2645 diffinitorum,
1648 2605 1788 2638 visitato-

1049 2670 1133 2699 rum,
1159 2659 1311 2692 abbatum
1329 2665 1358 2692 et
1379 2658 1523 2702 priorum
1550 2658 1788 2703 praedictorum

1050 2719 1104 2746 aut
1121 2712 1254 2746 alicuius
1274 2723 1386 2746 eorum
1407 2712 1522 2746 suerint
1551 2712 1705 2756 requisiti,
1736 2723 1788 2746 so-

1793 297 1843 326 An.
1859 297 1886 325 C.
1908 298 1971 325 1591

1823 1326 1921 1346 Clausala
1936 1325 1983 1346 sub-

1800 1354 1849 1376 lata,
1864 1355 1900 1373 etc.

1850 2022 1986 2043 Descnsoruin

1803 2052 1824 2069 ot
1852 2052 1987 2069 cwcntorum

1802 2076 1863 2096 liuius
1870 2076 1942 2096 Bullae
1952 2076 1987 2096 dc-

1802 2103 1890 2129 putatio.
