2226 3070
171 276 222 303 An-
238 276 266 302 C.
288 275 352 301 1588

201 1303 309 1324 atnusu1=·.-
323 1309 359 1328 pru

176 1339 205 1357 vei
216 1337 313 1356 tunninio
322 1341 360 1361 ap-

175 1369 240 1394 ponit.

220 1900 364 1920 flammatibus

187 1939 196 1951 a
204 1934 336 1952 acutionem

185 1964 294 1984 conimittit

411 264 475 297 316

368 327 567 369 etintegrum
578 327 767 360 exercitium
782 326 1012 370 praedictorum
1026 335 1119 356 num-

369 381 582 413 mulariorum
601 392 675 413 cum
698 380 847 413 omuibus
873 384 904 411 et
924 378 1058 421 singulis
1084 378 1120 410 il-

370 434 431 467 lius
449 435 540 467 lucro
566 440 593 467 ct
620 435 859 471 en‘iolumento,
890 443 926 464 ac
952 431 1117 471 membris,

371 488 496 521 iuribus
516 494 545 521 et
569 487 783 531 pertinentiis,
807 485 1077 528 facultatibusque
1091 490 1121 518 et

371 542 544 585 privilegiis
572 553 607 574 ac
638 541 707 573 aliis
732 540 763 572 in
789 540 883 573 dictis
915 539 1066 583 capitulis
1091 545 1119 572 et

370 595 638 628 conventionibus
649 594 807 638 expressis
821 605 879 638 pro
897 600 1054 637 tempore,
1073 599 1120 626 at-

370 661 432 692 que
443 659 549 682 annua
562 648 790 692 praestatione,
804 648 980 691 pactisque,
995 647 1121 691 capitu-

372 703 408 734 lis
424 709 454 735 ct
476 702 751 741 conventionilms‚
766 701 1032 743 obligationibus,
1053 711 1122 733 mo-

372 757 479 799 doque
497 762 525 788 ct
548 755 661 795 sorma,
681 755 800 798 quibus
825 755 945 788 eisdem
972 755 1123 787 undecim

373 809 637 842 universitatibus
657 820 694 842 ex
712 810 814 842 l'orma
826 809 912 841 dicta
928 808 1125 841 instrumen-

372 864 410 902 ti,
435 868 469 895 ut.
489 863 722 907 praemittitur,
753 873 942 895 concessum
962 862 1032 902 suit,
1062 862 1123 895 eis-

371 917 444 949 dem
465 916 615 949 undecim
638 916 1024 949 universitatibustenore
1035 927 1125 959 prae—

371 970 511 1003 sentium
536 970 574 1003 de
600 980 681 1003 novo
702 971 741 1003 ad
776 970 932 1002 maiorem
966 971 1123 1003 cautelam

372 1024 594 1063 concedimus,
618 1024 745 1061 damus,
773 1024 998 1056 transferimus
1019 1029 1049 1056 ct
1075 1034 1125 1056 as-

373 1079 550 1121 signamus
592 1090 627 1111 ac
655 1078 908 1111 instrumentum
946 1078 1053 1124 ipsum
1093 1078 1125 1109 in

372 1132 522 1165 (minibus
542 1137 571 1165 et
588 1144 644 1176 per
656 1132 764 1165 omnia
783 1132 870 1165 iuxta
887 1131 973 1164 illius
990 1132 1125 1164 formam

374 1191 405 1218 vt
426 1191 573 1218 tenorem
594 1186 795 1219 innovamus.

419 1240 433 1282 g}
460 1240 489 1272 7.
511 1240 628 1283 Sic-quc
641 1246 670 1272 et
687 1250 752 1272 non
769 1239 860 1272 aliter
880 1250 936 1282 per
953 1250 1128 1283 quoscum-

375 1305 437 1337 que
462 1294 586 1326 iudices
613 1300 643 1326 ct
663 1292 914 1333 commissarios,
937 1293 1032 1325 etiam
1054 1303 1127 1325 san-

375 1353 443 1380 ctae
464 1347 627 1380 Romanae
648 1347 810 1380 Ecclesiae
824 1346 1014 1385 cardinales,
1032 1346 1126 1379 etlam

375 1401 413 1433 dc
426 1401 524 1433 latere
543 1402 665 1443 legatos
675 1406 705 1433 et
718 1400 921 1444 Apostolicae
938 1400 1028 1433 Sedis
1044 1411 1127 1433 nun-

375 1456 452 1496 cios,
477 1455 602 1488 sublata
623 1455 670 1488 eis
695 1461 724 1488 et
752 1466 865 1487 eorum
888 1454 1023 1487 cuilibet
1047 1466 1126 1498 qua-

375 1509 419 1540 vis
440 1509 532 1541 aliter
553 1509 717 1542 iudicandi
731 1514 761 1541 et
776 1508 1012 1552 interpretandi
1030 1508 1129 1540 facul-

377 1568 438 1595 tatc
464 1569 494 1596 et
514 1563 714 1602 auctoritate,
731 1562 868 1595 iudicari
885 1567 915 1594 et
932 1561 1061 1594 diffiniri
1076 1562 1129 1594 de-

375 1617 463 1652 bere:
484 1627 519 1649 ac
538 1616 664 1649 irritum
684 1623 713 1649 et
740 1616 834 1648 inane
855 1615 1015 1659 quidquid
1037 1626 1130 1648 secus

376 1682 473 1714 super
486 1671 536 1703 his
552 1682 568 1702 a
585 1681 764 1713 quoquam,
783 1670 894 1712 quavis
923 1669 1126 1709 auctoritate,

376 1725 517 1757 scienter
535 1725 583 1756 vel
607 1724 804 1767 ignoranter,
825 1722 995 1763 contigerit
1026 1728 1129 1756 atten-

378 1777 448 1814 tari,
472 1777 690 1810 decernimus.

422 1832 436 1873 ξ
461 1830 491 1863 8.
515 1831 702 1863 Mandautcs
717 1837 889 1875 propterea
903 1831 1023 1864 eisdem
1044 1831 1129 1864 llen-

379 1885 445 1918 rico
467 1885 623 1917 cardinali
654 1885 833 1918 camerario
861 1896 897 1917 ac
930 1885 1130 1918 thesaurario

380 1940 506 1979 uostris,
527 1950 586 1972 nec
616 1950 679 1972 non
710 1939 832 1972 decano
861 1945 889 1972 et
924 1939 1061 1979 clericis,
1094 1950 1128 1971 ac

377 2004 488 2026 zeccae
509 1992 601 2026 Urbis
626 1993 746 2025 clerico
763 1993 970 2036 praesidenti,
999 1993 1129 2026 ceteris-

377 2059 438 2090 que
460 2047 684 2087 cameralibus,
697 2047 736 2079 ad
752 2057 833 2089 quos
849 2051 972 2090 spectat
985 2057 1040 2079 seu
1057 2058 1130 2090 spe-

378 2101 472 2134 ctabit
499 2102 531 2133 in
552 2102 710 2140 futurum,
739 2112 823 2133 nunc
845 2106 875 2133 ct
905 2111 963 2144 pro
984 2106 1130 2147 tempore

377 2155 599 2195 existentibus,
623 2161 781 2198 quatenus
801 2160 985 2197 praesentes
1009 2154 1131 2188 litteras

378 2215 406 2241 ct
427 2209 520 2241 ineis
536 2215 684 2241 contenta
705 2219 929 2251 quaecumque
944 2208 976 2240 in
993 2208 1061 2252 ipsa
1072 2208 1130 2241 Ca-

379 2273 467 2295 mcra
492 2263 676 2302 admittant,
707 2273 742 2295 ac
768 2262 801 2295 in
831 2262 952 2295 eisdem
978 2262 1130 2295 Gamerae

378 2316 470 2348 libris
491 2316 655 2358 registrari
677 2316 827 2348 mandent
850 2315 1019 2355 etfaciam,
1038 2316 1132 2348 etde-

379 2381 476 2413 supcr
496 2375 640 2413 patentes
670 2370 804 2411 litteras,
833 2370 983 2402 mandata
1002 2375 1030 2402 ct
1053 2370 1132 2402 alias

379 2423 580 2467 provisiones
609 2430 673 2456 tam
695 2430 804 2457 contra
830 2424 948 2456 dictam
975 2423 1132 2456 universi-

379 2479 475 2506 tatem
497 2473 805 2513 nummulariorum,
828 2484 924 2516 quam
945 2474 1024 2506 alios
1038 2485 1133 2517 quos-

380 2533 531 2566 cumque,
550 2533 634 2555 nunc
653 2528 681 2555 et
705 2523 735 2555 in
754 2524 916 2564 futurum,
940 2523 1033 2556 toties
1054 2534 1134 2566 quo-

379 2572 436 2604 ties
457 2582 537 2615 opus
553 2571 659 2609 fuerit,
682 2571 788 2614 vIgore
804 2572 1021 2615 praesentium
1040 2583 1134 2616 expe-

380 2621 470 2654 diant
490 2627 520 2654 et
540 2621 682 2665 expediri
709 2620 844 2657 saciant:
873 2621 1062 2665 dictumque
1083 2622 1133 2654 in-

379 2676 595 2704 strumentum
626 2676 656 2704 et
681 2670 821 2715 capitula
842 2671 872 2702 in
894 2670 956 2703 illis
981 2677 1133 2704 contenta

965 272 1144 295 BULLARIUM
1170 271 1321 294 ROMANUM

1161 324 1330 356 observent
1348 330 1378 357 et
1396 324 1604 368 adimpleant,
1625 330 1657 358 et
1681 326 1720 358 ab
1749 326 1822 359 aliis
1841 325 1914 369 qui-

1162 377 1313 417 buslibet,
1347 378 1385 410 ad
1415 389 1496 421 quos
1528 378 1772 421 quomodolibet
1792 384 1915 422 spectat

1162 441 1218 463 seu
1244 431 1407 474 pertinet,
1444 431 1674 464 inviolabiliter
1700 432 1861 465 observari
1885 438 1917 466 et

1163 484 1346 527 adimpleri,
1366 496 1401 517 ac
1423 484 1550 517 debitae
1577 485 1762 518 executioni
1788 486 1917 518 deman-

1164 537 1231 570 dari
1257 538 1410 571 mandent
1440 544 1472 571 et
1500 538 1636 578 saciant;
1665 538 1919 572 contradictores

1164 592 1325 635 quoslibet
1353 598 1383 625 et
1411 592 1637 625 inobedientes
1657 604 1714 637 per
1733 598 1918 637 opportuna

1165 646 1245 678 iuris
1265 651 1293 679 et
1316 646 1390 679 facti
1408 646 1562 686 remedia,
1577 652 1608 679 et
1622 647 1754 679 demum
1772 657 1830 690 per
1849 657 1919 680 sen-

1167 699 1293 739 tentias,
1317 711 1471 733 censuras
1488 705 1520 732 et
1541 710 1660 744 poenas
1674 700 1919 740 ecclesiasticas,

1166 753 1255 786 omni
1277 759 1305 786 et
1327 764 1534 797 quacumque
1554 754 1771 798 appellatione
1792 759 1921 799 postpo-

1166 806 1237 847 sita,
1261 808 1472 851 compellant.

1210 861 1225 903 ξ
1246 860 1275 894 9.
1300 861 1368 893 Non
1389 861 1591 894 obstantibus
1609 861 1795 905 praemissis
1815 872 1852 894 ac
1872 860 1920 894 di-

1168 919 1219 946 cto
1251 914 1467 947 instrumento
1497 926 1570 948 cum
1598 915 1685 948 dicta
1714 915 1922 948 universitate

1167 969 1465 1002 mimumlariorum
1486 975 1581 1002 antea
1592 970 1686 1009 sacto,
1704 969 1791 1012 quod
1812 969 1919 1010 etiam,

1168 1027 1280 1055 tenore
1300 1023 1532 1066 praesentium,
1550 1023 1589 1055 ad
1614 1023 1771 1056 maiorem
1793 1033 1922 1067 expres-

1168 1076 1292 1109 sionem
1318 1076 1426 1109 denuo
1452 1087 1627 1117 cassamus,
1661 1077 1868 1109 annullamus
1893 1082 1924 1110 et

1168 1129 1289 1162 viribus
1314 1129 1447 1163 omnino
1472 1141 1648 1163 vacuamus
1669 1130 1701 1163 in
1724 1129 1876 1163 omnibus
1894 1135 1926 1163 et

1117 1199 1120 1203 ·
1170 1194 1226 1226 per
1251 1184 1372 1224 onmia,
1389 1184 1525 1228 perinde
1551 1195 1587 1217 ac
1599 1185 1624 1217 si
1650 1195 1817 1228 nunquam
1842 1184 1925 1218 cele-

1170 1237 1298 1270 bratum
1324 1237 1453 1278 suisset;
1483 1249 1520 1271 ac
1542 1239 1661 1271 dictam
1685 1237 1924 1271 universitatem

1170 1296 1201 1323 ct
1221 1291 1435 1334 particulares
1456 1303 1610 1336 personas
1631 1303 1665 1325 ac
1697 1292 1828 1325 illorum
1849 1292 1925 1325 fide-

1171 1344 1310 1377 iussores
1331 1345 1371 1377 ab
1391 1356 1505 1378 eorum
1520 1345 1774 1389 obligationibus
1793 1346 1926 1390 quibus-

1171 1408 1324 1441 cumque,
1352 1399 1420 1432 sine
1448 1405 1554 1433 tamen
1575 1400 1776 1444 praeiudicio
1804 1400 1924 1433 iurium

1171 1451 1274 1485 dictae
1294 1452 1448 1486 Gamerae
1468 1460 1598 1487 nostrae
1619 1454 1743 1487 ratione
1768 1453 1926 1498 pecunia-

1173 1517 1243 1537 rum
1259 1506 1432 1550 peripsam
1455 1507 1695 1541 universitatem
1710 1513 1739 1541 et
1752 1508 1832 1541 alios
1843 1507 1926 1541 ohli-

1171 1564 1260 1602 gatos
1280 1559 1364 1592 dicta
1384 1560 1423 1593 de
1441 1572 1538 1594 causa
1557 1561 1738 1595 debitarum
1757 1567 1788 1594 et
1808 1561 1926 1608 deben-

1172 1613 1297 1654 darum,
1312 1613 1489 1648 liberamus
1504 1615 1750 1657 etabsolvimus;
1766 1621 1862 1660 atque
1872 1626 1927 1648 no-

1171 1672 1235 1700 stra
1245 1668 1357 1710 regula
1367 1669 1405 1701 de
1418 1669 1486 1702 iure
1500 1669 1636 1713 quaesito
1653 1671 1880 1711 uontollendo‚
1890 1682 1927 1704 ac

1173 1721 1274 1754 t'elicis
1291 1723 1528 1756 recordationis
1545 1723 1591 1756 Pii
1608 1724 1712 1767 Papae
1727 1724 1776 1765 lv,
1792 1725 1928 1768 praede-

1172 1776 1308 1809 cessoris
1317 1777 1432 1817 nostri,
1445 1777 1531 1820 quod
1542 1777 1663 1810 similes
1672 1779 1928 1812 contractusfor-

1172 1841 1228 1863 san
1240 1831 1376 1864 nonnisi
1387 1842 1446 1875 per
1458 1831 1747 1872 subhastationem,
1757 1832 1928 1865 etcandela

1173 1895 1320 1923 accensa,
1354 1895 1390 1917 ac
1411 1885 1544 1918 servatis
1564 1885 1661 1918 certis
1688 1885 1759 1918 aliis
1787 1886 1925 1929 actibus,

1173 1939 1329 1971 celebrari
1344 1939 1479 1983 possint:
1492 1938 1629 1982 aliisque
1641 1939 1929 1973 constitutionibus

1173 1998 1203 2026 et
1223 1992 1483 2026 ordinationibus
1500 1993 1697 2036 apostolicis,
1716 2004 1753 2026 ac
1778 1999 1842 2026 tam
1870 2004 1925 2026 no-

1173 2047 1218 2079 vis
1237 2058 1335 2090 quam
1357 2046 1500 2090 antiquis
1520 2047 1624 2080 dictae
1640 2046 1734 2080 Urbis
1749 2057 1786 2080 ac
1801 2047 1929 2080 univer-

1173 2101 1288 2141 sitatis,
1325 2101 1421 2134 etiam
1453 2102 1649 2142 iuramento,
1679 2101 1927 2135 confirmatione

1173 2155 1348 2199 apostolica
1369 2156 1415 2188 vel
1437 2156 1549 2199 quavis
1572 2155 1722 2188 firmitate
1747 2155 1809 2188 alia
1828 2155 1926 2189 robo-

1174 2209 1260 2249 ratis,
1279 2209 1418 2245 statutis:
1435 2209 1612 2253 privilegiis
1630 2220 1772 2253 quoque,
1795 2209 1927 2243 indultis

1174 2269 1204 2297 et
1225 2263 1339 2296 litteris
1359 2263 1544 2308 apostolicis
1558 2263 1590 2296 in
1607 2274 1724 2306 genere
1741 2264 1788 2296 vel
1808 2264 1841 2296 in
1855 2275 1925 2308 spe-

1175 2317 1234 2357 cie,
1258 2317 1355 2350 etiam
1378 2317 1645 2350 consistorialiter
1665 2328 1737 2350 cum
1762 2317 1925 2361 quibusvis

1175 2371 1329 2404 clausulis
1349 2377 1379 2404 et
1399 2371 1679 2414 derogatoriarum
1706 2372 1928 2414 derogatoriis,

1176 2425 1348 2466 concessis,
1365 2425 1552 2469 approbatis
1572 2431 1602 2458 et
1619 2425 1787 2458 innovatis.
1806 2425 1929 2464 Quibus

1176 2475 1328 2507 omnibus
1348 2480 1378 2508 et
1399 2475 1544 2518 singulis,
1566 2475 1691 2508 etiamsi
1712 2477 1750 2507 de
1771 2475 1846 2514 illis,
1870 2485 1928 2518 pro

1175 2523 1305 2557 illorum
1340 2524 1512 2557 sufficienti
1545 2523 1769 2567 derogatione,
1807 2523 1928 2557 mentio

1176 2573 1238 2605 sive
1255 2573 1418 2617 expressio
1431 2573 1591 2613 habenda,
1606 2579 1659 2606 aut
1674 2578 1761 2606 certa
1772 2572 1927 2616 exquisita

1176 2624 1278 2655 forma
1305 2623 1345 2655 ad
1366 2623 1428 2656 hoc
1445 2623 1599 2655 servanda
1618 2623 1718 2661 foret,
1745 2632 1858 2655 eorum
1884 2626 1928 2654 te-

1149 2711 1156 2717 ·
1175 2683 1281 2713 nores,
1296 2683 1332 2705 ac
1345 2672 1369 2705 si
1380 2673 1419 2706 de
1436 2672 1533 2705 verbo
1544 2672 1584 2705 ad
1598 2672 1731 2704 verbum
1749 2671 1928 2704 insereren-

1930 272 1982 300 An.
2001 273 2028 300 C.
2049 273 2115 301 158ss

1976 879 2000 900 ΕΙ,
2014 880 2121 900 eontnrin

1937 916 2074 938 quiscumque
2084 910 2122 931 tot-

1938 943 1968 964 lit.
