2226 3070
124 294 173 321 An.
190 293 219 322 C.
237 292 303 320 1589

166 2117 307 2137 Nundinarum

126 2144 226 2164 officiales
236 2144 262 2163 ab
273 2144 309 2163 ab-

126 2170 175 2191 hate
188 2170 309 2196 deputandi.

967 293 1074 317 SIXTUS
1094 293 1113 315 V
1133 293 1182 317 Pr.

321 341 420 374 instar
451 345 649 374 caeterorum
681 340 988 380 emolumentorum,
1023 352 1058 374 ex
1094 341 1368 384 unumvelplures
1380 340 1833 380 officiales,iudicesseucom—

322 394 412 427 dictis
430 394 540 427 castris
552 393 671 437 percipi
685 393 863 433 solitorum,
881 394 1056 433 annuatim,

321 460 376 482 seu
396 448 472 481 alias
493 447 644 492 praestari
666 447 791 487 solitae,
816 448 929 480 domus
950 448 1056 484 etiam,

322 502 439 547 palatia
467 506 655 543 caeteraque
676 501 784 533 omnia
809 501 903 541 bona,
927 502 1056 537 fructus,

322 556 474 595 redditus,
508 560 679 598 proventus
709 560 739 587 et
769 566 973 598 quocumque
1005 566 1061 588 no-

323 611 407 644 mine
421 614 601 652 nuncupata
616 608 684 640 iura
698 609 979 651 emolmmmtaque
992 609 1061 641 uni-

323 675 421 703 versa,
445 662 674 704 cuiuscumque
694 661 830 701 generis,
852 661 1011 704 qualitatis
1032 668 1058 694 et

324 715 505 761 quantitatis
526 714 669 753 existant,
687 714 726 746 ad
747 714 929 757 supradicta
951 725 1060 747 mona-

322 769 415 803 steria
435 767 620 812 spectantia,
645 772 674 799 et
703 777 738 799 ex
769 766 859 799 dictis
891 767 1000 800 castris
1032 774 1059 800 et

322 823 450 856 illorum
471 821 593 861 incolis,
609 827 641 853 ut
662 832 768 864 supra,
790 821 969 864 fundisque,
994 832 1061 854 mo-

321 875 468 915 lendinis,
493 875 693 914 fluminibus,
718 885 872 918 aquarum
907 875 1057 911 decursis,

321 929 498 967 territoriis,
523 929 674 962 nundinis
695 934 723 961 et
753 929 830 961 alias
859 929 1062 972 quomodoli-

320 983 374 1016 bet
393 988 423 1016 et
443 983 679 1026 undecumque,
704 988 928 1026 praeterquam
950 994 987 1015 ex
1015 983 1062 1015 di-

321 1043 370 1070 cta
391 1037 560 1081 temporali
581 1036 800 1069 iurisdictione
821 1042 851 1069 ct
871 1036 954 1068 illius
975 1047 1062 1069 exer-

320 1091 394 1124 citio
415 1091 634 1135 provenientia
645 1096 675 1123 et
694 1096 726 1123 ut
747 1101 843 1134 supra
855 1095 1057 1133 proventura,

321 1145 380 1178 sub
401 1145 571 1188 praedictis
591 1144 802 1188 separatione,
820 1144 983 1182 divisione,
1001 1144 1062 1177 dis-

321 1198 574 1236 mernbratione,
609 1198 728 1230 unione
763 1209 799 1230 ac
835 1197 1058 1241 applicatione,

321 1252 581 1296 appropriatione
624 1257 654 1285 et
696 1251 954 1295 incorporatione
998 1262 1061 1284 non

321 1305 650 1349 comprehendantur,
685 1305 882 1349 minimeque
916 1316 1062 1349 compre-

321 1359 431 1399 hensa,
455 1360 510 1392 sed
531 1359 643 1392 iisdem
664 1359 865 1392 monasteriis
884 1359 1061 1403 futurisque

320 1423 378 1457 pro
400 1418 544 1458 tempore
564 1413 693 1446 illorum
712 1413 880 1446 abbatibus
900 1424 954 1445 seu
976 1423 1062 1445 com-

320 1467 526 1500 mendatariis
557 1473 712 1511 perpetuo
750 1473 908 1500 reservata
943 1467 1002 1499 sint
1033 1473 1060 1499 ct

321 1531 388 1553 esse
409 1526 613 1559 censeantur,
635 1521 751 1564 illaque
772 1521 880 1553 onmia
902 1521 1061 1564 praedicta

321 1576 451 1608 abbates
485 1586 540 1608 seu
580 1575 843 1608 commendatarii
883 1575 1058 1619 percipere„

322 1629 446 1672 exigere
466 1635 496 1662 et
515 1630 630 1670 levare,
651 1640 687 1662 ac
708 1629 738 1662 in
759 1640 833 1662 suos
854 1635 884 1662 et
904 1629 1061 1662 dictorum

323 1684 593 1717 monasteriorum
610 1695 684 1717 usus
698 1690 728 1716 et
744 1684 912 1717 utilitatem
933 1694 1063 1716 conver-

322 1743 398 1777 tere,
422 1737 524 1781 iisque
555 1737 704 1770 omnibus
733 1737 789 1775 uti,
814 1737 884 1777 frui,
909 1737 1004 1780 potiri
1034 1743 1061 1770 et

321 1792 461 1835 gaudere
482 1791 580 1825 libere
602 1797 632 1824 et.
651 1791 735 1824 licite
756 1796 911 1835 perpetuo
941 1791 1060 1834 possint

321 1851 352 1878 et
372 1846 505 1883 valeant,
530 1850 625 1889 prout.
655 1845 707 1878 alii
738 1845 868 1877 abbates
899 1855 955 1877 seu
976 1855 1063 1877 com-

321 1899 511 1933 mendatarii
533 1899 692 1932 dictorum
713 1898 982 1931 monasteriorum
1008 1899 1063 1931 lia-

321 1958 431 1986 ctenus
461 1953 563 1985 facere
593 1958 775 1996 potuerunt,
809 1963 864 1984 seu
885 1951 980 1984 etiam
1009 1952 1063 1985 de-

322 2007 461 2039 buerunt
481 2011 510 2039 et
530 2007 682 2039 fecerunt.

367 2061 381 2103 fi
402 2059 431 2092 7.
455 2060 556 2103 Atque
577 2060 794 2098 decernentes,
819 2070 876 2103 pro
897 2059 982 2092 bono
1014 2071 1063 2092 re-

323 2113 442 2156 gimine
462 2113 689 2152 nundinarum,
722 2124 804 2157 quae
836 2113 865 2145 in
897 2112 1063 2145 territoriis

324 2168 482 2201 dictorum
502 2168 770 2201 monasteriorum
791 2167 962 2211 quotannis
994 2167 1061 2199 fieri

324 2222 436 2261 solent,
461 2222 545 2265 quod
566 2222 623 2266 ipsi
649 2222 779 2255 abbates
808 2221 871 2254 sive
900 2232 1063 2254 commen-

325 2275 448 2315 datarii,
472 2287 535 2309 non
564 2277 709 2310 obstante
739 2281 927 2315 castrorum,
964 2281 1063 2308 terra-

324 2340 395 2362 rum
417 2335 446 2362 et
476 2330 618 2363 locorum
649 2330 906 2374 supradictorum
937 2340 1063 2373 separa-

323 2383 409 2417 tione
445 2389 474 2417 et,
508 2384 730 2429 applicatione,
770 2390 804 2416 ut
837 2394 934 2427 supra
968 2384 1058 2420 sacta,

323 2437 455 2481 posthac
484 2437 515 2470 in
543 2443 733 2482 perpetuum
765 2437 822 2469 soli
858 2442 888 2469 et
917 2437 1061 2480 perpetui

324 2491 509 2523 earumdem
522 2491 738 2524 nundinarum
757 2491 987 2533 gubernatores
1000 2490 1063 2522 exi-

323 2549 420 2580 stant2
444 2543 567 2587 ipsique
587 2544 657 2585 soli,
675 2545 795 2588 absque
816 2543 993 2576 interventu
1006 2553 1062 2585 gu-

323 2598 501 2630 bernatoris
525 2608 543 2630 a
567 2598 657 2631 nobis
688 2604 717 2631 et
744 2597 981 2631 successoribus
1005 2608 1062 2630 no-

323 2651 404 2691 stris,
429 2663 464 2685 ac
481 2652 561 2686 Sede
574 2652 754 2696 Apostolica
773 2652 805 2685 in
826 2651 917 2685 (lictis
938 2651 1057 2692 castris,

322 2706 414 2740 terris
434 2712 465 2740 et
488 2706 565 2740 locis
593 2717 652 2750 pro
682 2712 826 2751 tempore
855 2705 1056 2750 deptltandiS‚

1095 394 1255 427 missarios
1276 395 1429 438 deputare
1449 394 1584 438 possint,
1609 394 1662 437 qui
1686 395 1717 426 in
1743 395 1834 428 dictis

1095 448 1244 481 nundinis
1275 448 1425 491 praesint,
1449 459 1485 481 ac
1515 447 1545 480 in
1578 448 1835 493 quibuscumque

1094 502 1197 534 causis
1218 501 1372 541 cbilibus,
1388 500 1606 534 criminalibus
1624 507 1654 534 et
1671 502 1774 535 mixtis
1788 502 1834 535 in-

1095 561 1141 587 ter
1167 561 1359 588 mercatores
1391 561 1421 588 et
1451 555 1610 588 dictorum
1642 562 1831 594 castrorum,

1095 614 1251 640 terrarum
1273 614 1303 641 et
1322 610 1467 641 locorum
1486 608 1676 650 originarios
1698 614 1728 642 et
1747 610 1836 643 ineo-

1095 663 1139 694 las
1160 669 1210 694 aut
1233 663 1308 695 alias
1329 674 1547 707 quascumque
1579 675 1731 707 personas
1760 664 1835 697 illuc

1095 716 1328 753 convenientes,
1345 722 1487 760 nfmpore
1501 722 1529 749 ct
1548 717 1716 750 occasione
1737 718 1836 751 dicta-

1094 778 1165 800 rum
1197 769 1413 801 nundinarum
1444 770 1622 809 movendis,
1658 770 1835 815 iisdemque

1096 821 1284 854 durantibus
1304 822 1465 859 nundinis,
1490 823 1585 856 etiam
1611 823 1642 856 in
1664 824 1748 867 ipsos
1768 835 1835 857 vas-

1095 876 1189 907 sallos
1209 875 1256 908 ius
1269 881 1296 907 ct
1312 875 1462 908 iustitiam
1477 883 1643 910 exerceant
1660 883 1690 910 et
1706 878 1832 919 saciant,

1096 938 1131 959 ac
1151 937 1208 969 pro
1230 926 1486 970 quilmscumque
1508 928 1705 969 criminibus,
1727 929 1836 972 siquae

1096 981 1202 1012 forsan
1224 980 1342 1013 ibidem
1364 981 1615 1019 con‘m‘iittcntur,
1637 983 1836 1026 supradictos

1096 1044 1217 1070 omnes,
1242 1034 1352 1077 poenis
1373 1034 1467 1066 etiam
1490 1034 1689 1078 capitalibus,
1710 1036 1735 1068 si
1757 1047 1836 1080 opus

1096 1086 1199 1124 suerit,
1223 1086 1361 1120 afficiant
1383 1093 1413 1120 et
1433 1093 1612 1120 coerceant.

1140 1142 1154 1184 ξ
1175 1140 1204 1173 8.
1229 1141 1344 1185 Sicquc
1369 1141 1400 1173 in
1425 1142 1608 1186 praemissis
1639 1143 1787 1177 omnibus
1808 1150 1838 1177 et

1095 1194 1228 1237 singulis
1256 1207 1314 1239 per
1342 1207 1563 1239 quoscumque
1594 1196 1725 1237 iudices,
1749 1198 1836 1231 ordi-

1096 1248 1202 1281 narios
1222 1254 1252 1281 et
1272 1250 1445 1291 delegatos,
1470 1249 1564 1283 etiam
1592 1261 1760 1283 causarum
1780 1252 1838 1284 Pa-

1096 1302 1160 1334 latii
1181 1303 1353 1346 Apostolici
1376 1303 1537 1336 auditores
1554 1314 1590 1337 ac
1608 1304 1692 1348 ipsos
1710 1311 1837 1338 sanctae

1095 1357 1258 1390 Romanae
1278 1357 1435 1390 Ecclesiae
1466 1358 1658 1397 cardinales
1682 1359 1777 1392 etiam
1799 1360 1838 1392 de

1096 1411 1193 1444 latere
1214 1412 1345 1453 legatos,
1370 1412 1494 1445 sublata
1515 1412 1559 1445 eis
1579 1418 1609 1445 et
1630 1423 1742 1446 eorum
1772 1414 1838 1447 cui-

1096 1465 1169 1498 libet
1193 1465 1301 1509 quavis
1321 1465 1412 1498 aliter
1432 1466 1594 1499 iudicandi
1624 1472 1653 1500 et
1684 1467 1838 1512 interpre-

1097 1520 1182 1552 tandi
1202 1521 1349 1553 facultate
1371 1527 1398 1553 et
1431 1521 1628 1561 auctoritate,
1653 1521 1786 1555 iudicari
1808 1528 1839 1556 et

1097 1574 1222 1606 definiri
1245 1575 1377 1613 debere,
1392 1585 1429 1607 ac
1446 1575 1569 1608 irritum
1582 1581 1613 1608 et
1632 1575 1726 1609 inane
1743 1576 1837 1620 quid-

1097 1628 1173 1671 quid
1193 1640 1284 1661 secns
1304 1640 1399 1672 super
1418 1629 1467 1661 his
1487 1640 1504 1662 a
1525 1640 1703 1673 quoquam,
1728 1630 1837 1674 quavis

1097 1683 1294 1723 auctoritate,
1318 1683 1454 1715 scienter
1479 1684 1527 1716 vel
1557 1683 1741 1726 ignoranter
1762 1695 1837 1717 con-

1098 1736 1199 1779 tigerit
1221 1737 1377 1769 attentari.

1140 1790 1154 1832 §
1184 1789 1213 1822 9.
1247 1790 1315 1823 Non
1345 1789 1544 1823 obstantibus
1578 1791 1774 1834 praemissis,
1808 1798 1837 1825 et

1096 1848 1252 1886 quatenus
1282 1854 1362 1887 opus
1393 1843 1442 1883 sit,
1476 1843 1575 1876 felicis
1606 1844 1837 1878 recordationis

1096 1896 1277 1941 Symmachi
1298 1902 1328 1929 et
1348 1897 1436 1929 Pauli
1458 1898 1481 1930 ΙΙ
1503 1897 1704 1941 aliorumque
1722 1899 1838 1932 Roma—

1097 1961 1212 1983 norum
1242 1950 1433 1983 Pontificum
1466 1952 1750 1994 praedecessorum
1782 1962 1839 1985 no—

1096 2010 1234 2037 strorum
1257 2005 1295 2037 de
1316 2005 1411 2037 rebus
1431 2005 1589 2038 Ecclesiae
1610 2017 1674 2039 non
1695 2006 1837 2039 alienan-

1097 2059 1155 2096 dis,
1179 2065 1350 2103 nostraque
1371 2059 1410 2092 de
1432 2059 1499 2092 iure
1519 2059 1664 2102 quaesito
1685 2071 1749 2093 non
1780 2060 1839 2093 tol-

1097 2114 1202 2150 lendo,
1227 2125 1262 2146 ac
1283 2113 1351 2146 aliis
1380 2113 1562 2157 apostolicis
1591 2124 1627 2146 ac
1658 2113 1688 2145 in
1709 2114 1838 2157 provin-

1097 2167 1230 2199 cialibus
1259 2166 1529 2210 synodalibussple
1555 2172 1583 2199 et
1604 2166 1838 2200 universalibus

1097 2219 1240 2252 conciliis
1261 2220 1363 2257 editis,
1387 2219 1590 2262 generalibus
1620 2221 1668 2252 rel
1693 2220 1838 2264 speciali-

1097 2274 1155 2306 bus
1187 2273 1465 2306 constitutionilms
1500 2279 1530 2306 et
1558 2274 1834 2316 ordinationibus3

1096 2339 1154 2360 nec
1190 2338 1254 2360 non
1291 2327 1559 2360 monasteriorum
1596 2328 1834 2371 praedictorum

1096 2381 1320 2418 erectionilms,
1345 2381 1584 2414 fundationibus
1605 2387 1634 2414 et
1665 2381 1835 2415 dotationi-

1096 2437 1164 2473 bus,
1176 2436 1369 2478 illorumque
1382 2435 1517 2474 Ordinis,
1533 2435 1626 2468 etiam
1642 2435 1832 2473 iuramento,

1096 2489 1340 2522 confirmatione
1371 2488 1544 2532 apostolica
1574 2489 1621 2521 vel
1643 2489 1752 2532 quavis
1782 2490 1835 2521 tir-

1097 2543 1204 2575 mitate
1224 2543 1285 2575 alia
1304 2542 1476 2583 roboratis,
1500 2542 1623 2575 statutis
1653 2548 1683 2575 et
1703 2553 1836 2576 consue-

1098 2597 1273 2637 tudinibus,
1297 2596 1470 2640 privilegiis
1490 2607 1629 2640 qnoque,
1654 2596 1783 2629 indultis
1804 2602 1835 2629 et

1096 2651 1207 2685 litteris
1227 2650 1408 2695 apostolicis
1428 2650 1489 2683 illis
1510 2661 1686 2694 eorumque
1711 2649 1833 2683 abbati-

1094 2706 1164 2746 bus,
1186 2704 1415 2749 superioribus,
1439 2705 1646 2738 conventibus
1666 2710 1697 2737 et
1725 2714 1834 2748 perso-

1736 283 1799 316 347
1847 293 1894 320 An.
1913 293 1940 320 c.
1962 293 2028 321 1589

1873 1160 1983 1180 Clausulas
1998 1165 2036 1185 pro

1853 1189 1954 1212 perpetua
1975 1192 2035 1212 prae-

1853 1216 1917 1233 Senlt5
1937 1215 2035 1233 constitu-

1853 1240 1914 1260 tionis
1924 1240 2035 1260 observan-

1853 1270 1889 1287 tm,

1853 1802 1985 1832 Obstantium
2001 1803 2035 1824 do—

1852 1832 1939 1856 rogatio.
