2226 3070
524 260 587 294 608
1072 271 1252 294 neumatum
1277 270 1405 294 nonanti
1411 271 1431 294 111

481 332 634 365 llenricus
665 344 716 365 rex
738 333 950 374 Portugalliac
972 338 1001 364 et
1027 331 1253 373 Algarbiorum
1284 332 1438 374 capellam
1468 330 1643 364 institutam
1674 342 1692 363 a
1718 332 1836 365 Ioanne
1857 331 1894 364 lll
1925 342 2020 375 paro-

569 385 673 418 chiam
699 386 847 418 constitui
870 391 970 421 curat,
995 383 1058 416 *240
1079 395 1096 416 11
1118 390 1144 416 et
1169 384 1193 416 b.

480 438 784 482 Hierosolymitamis
804 440 832 471 S.
856 438 981 470 loannis
1002 438 1097 470 Ordo.
1120 437 1192 469 Eius
1214 438 1335 477 laudes,
1359 436 1421 470 407
1443 449 1471 469 11.
1496 437 1650 470 Eximitur
1670 447 1688 469 a
1708 437 1866 470 solutione
1887 437 2025 470 decima-

569 503 639 524 rum
660 491 861 534 aliorumque
883 500 1017 522 onerum
1036 501 1071 522 ex
1093 491 1322 522 nonimllorum
1344 490 1532 533 pontificum
1551 490 1724 533 privilegiis
1742 490 1818 522 ibid.
1835 490 1860 523 b.
1877 490 1937 524 Sed
1952 501 2024 524 cum

567 544 725 577 thalmai-ii
745 555 803 587 pro
822 544 878 576 hac
901 543 1103 586 exemptione
1125 543 1277 576 Ordinem
1301 543 1454 576 molestiis
1476 543 1569 576 variis
1590 544 1763 581 afficerent,
1780 542 1844 576 408
1857 554 1889 581 11,·
1904 543 2024 586 Grego-

569 597 632 629 rius
653 597 716 630 xlv
735 608 803 629 cam
830 597 999 628 confirmat
1021 596 1248 639 observarique:
1275 596 1405 629 mandat
1435 596 1493 629 suli
1521 595 1645 639 poenis,
1665 599 1736 635 cic„
1756 595 1850 635 ibid.;
1872 595 1919 628 Pii
1940 595 2026 629 insu-

567 661 623 692 per
643 650 677 682 lv
699 650 862 682 decretum
884 649 1015 682 uniendi
1043 655 1070 681 et
1104 649 1356 682 dismemhrandi
1377 649 1534 682 beneficia
1559 648 1709 687 extendit,
1731 648 1807 681 ibid.
1831 648 1858 681 b.
1886 648 2026 691 Iniungit

568 703 777 735 tribunalibus
802 702 1058 738 observantiam,
1083 701 1146 734 40⁴.)
1167 713 1206 739 α’,
1235 708 1263 735 ct
1290 708 1502 746 exequutores
1529 702 1683 745 deputat,
1707 701 1783 734 ibid.
1808 701 2024 735 Praeservatio

566 755 830 788 constitutionum
851 755 895 788 Pii
917 756 951 795 V,
972 756 1117 797 Gregorii
1138 757 1202 789 Xlll
1225 761 1251 788 et
1275 755 1406 789 Concilii
1426 755 1615 795 Tridentini,
1636 754 1700 787 litt)
1720 766 1750 787 a.

479 808 799 852 Hierosolymitanum
821 809 927 842 Sancti
947 809 1073 842 Ioannis
1094 809 1251 853 hospitale
1264 820 1397 842 suorum
1416 809 1656 853 privilegiorum
1675 808 1859 842 firmitatem
1872 807 1995 843 obtinet
2008 821 2025 842 3

565 861 650 894 Sixto
668 862 701 893 V.
726 861 789 894 *2236
807 862 822 894 b
844 862 875 894 in
894 867 978 894 nota.

477 915 767 948 Hildesheimenses
780 915 929 948 Canonici
947 921 1100 948 statutum
1123 916 1294 949 ediderunt
1313 926 1410 960 snper
1435 917 1537 949 forma
1562 914 1787 959 prabationum
1814 915 1990 949 nobilitatis
2007 926 2025 948 a

565 968 654 1001 novis
675 968 836 1001 canonicis
858 969 1002 1002 facienda
1023 969 1086 1002 0246
1111 981 1131 1001 u
1159 975 1187 1002 et
1214 969 1239 1002 b.
1270 970 1357 1002 Hanc
1382 979 1456 1002 vero
1481 980 1499 1001 a
1524 969 1638 1002 Sancta
1663 969 1743 1002 Sede
1769 968 1942 1013 approbari
1968 979 2023 1013 pe-

565 1021 694 1060 tierunt,
718 1021 780 1053 0247
802 1033 821 1054 (1.
841 1022 944 1055 Sixtus
966 1022 1045 1055 votis
1062 1023 1185 1060 annuit,
1210 1023 1286 1055 ibid.
1316 1023 1342 1055 b.

475 1074 670 1118 Hispalensis
684 1075 956 1118 archiepiscopus.
974 1076 1072 1108 Editis
1097 1087 1113 1108 a
1139 1075 1294 1109 cardinali
1310 1077 1351 1109 De
1373 1076 1480 1109 Castro
1493 1075 1656 1109 nonnullis
1672 1074 1954 1109 constitutionibus
1966 1087 2025 1120 pro

562 1128 648 1162 bono
666 1139 741 1160 suae
762 1128 921 1162 Ecclesiae
943 1129 1148 1173 Hispalensis,
1166 1129 1403 1162 controversiae
1428 1134 1557 1162 exortae
1579 1134 1653 1162 sunt
1678 1128 1761 1162 inter
1785 1129 1889 1172 ipsum
1903 1156 1910 1169 ,
1935 1129 2025 1174 Capi-

563 1181 665 1213 tulum
696 1187 726 1213 et
746 1181 965 1219 beneficiatos,
989 1181 1053 1214 380
1084 1194 1123 1218 a:
1147 1194 1285 1226 quarum
1307 1193 1438 1215 examen
1464 1182 1568 1216 Sixtus
1592 1182 1743 1215 Gamerae
1769 1181 1908 1215 auditori
1930 1193 2020 1215 com-

562 1234 657 1271 misit,
671 1234 746 1267 ibid.
763 1235 794 1271 ὁ,
818 1235 1037 1268 costitutiones
1055 1247 1159 1268 veroa
1177 1236 1430 1278 Congregatione
1443 1235 1573 1269 Concilii
1588 1234 1762 1268 examinari
1777 1235 1917 1275 mandat,
1928 1235 2022 1275 ibid„-

561 1299 654 1330 quas,
679 1288 842 1320 nonnullis
862 1288 988 1325 additis,
1013 1299 1130 1332 aequas
1153 1289 1322 1327 iudicavit,
1346 1295 1377 1322 ct
1395 1289 1546 1322 Gamerae
1566 1289 1694 1321 auditor
1723 1289 1894 1322 servandas
1914 1289 2024 1322 decre-

561 1340 613 1379 vit,
631 1341 706 1373 ibid.
723 1341 864 1373 Pontifex
887 1352 997 1374 causas
1018 1353 1129 1374 omnes
1152 1342 1224 1374 inde
1245 1348 1330 1375 ortas
1351 1348 1462 1375 avocat
1481 1342 1521 1375 ad
1538 1353 1582 1381 se,
1598 1347 1628 1374 et
1648 1341 1811 1384 extinguit,
1828 1341 1905 1375 ibid.
1920 1342 2024 1376 Dictas

560 1404 633 1426 vero
647 1393 889 1427 constitutiones
903 1395 1088 1427 emendatas
1110 1406 1127 1427 a
1146 1395 1400 1437 Cong‘rcgationc
1413 1395 1544 1429 Concilii
1566 1394 1747 1434 confirmat,
1764 1401 1791 1428 et
1809 1394 1896 1428 iubet
1911 1395 2022 1428 obser-

560 1447 637 1484 variv
658 1446 715 1479 381
743 1458 771 1479 11.
796 1448 867 1480 11135
888 1448 1019 1492 insuper
1041 1459 1057 1481 a
1080 1449 1234 1481 cardinali
1252 1450 1294 1482 De
1317 1450 1424 1482 Castro
1443 1449 1509 1481 vult
1528 1447 1697 1492 publicari,
1723 1447 1798 1480 ibid.
1822 1448 1848 1481 b.
1870 1449 2023 1483 Subertas

559 1511 656 1533 novas
676 1500 746 1533 lites
768 1501 850 1533 inter
870 1501 1149 1545 archiepiscopiim
1176 1508 1202 1534 et
1226 1502 1404 1545 Capitulum
1427 1512 1523 1545 super
1547 1501 1701 1534 ecclesiae
1722 1500 1849 1534 servitio
1867 1507 1898 1534 et
1920 1502 2023 1535 forma

559 1564 630 1585 eum
653 1554 901 1592 concon‘iitandi7
926 1555 1063 1588 81111151Υ
1085 1555 1329 1597 (jongregationi
1348 1555 1476 1588 Rituum
1495 1555 1666 1595 commisit,
1684 1565 1765 1598 quae
1786 1566 1843 1588 sua
1856 1555 1955 1588 edidit
1971 1566 2022 1588 su-

557 1618 614 1649 per
636 1606 672 1639 iis
693 1607 831 1646 ‹hffcreta7
855 1607 918 1639 575
938 1608 964 1640 b.
983 1608 1126 1652 Capitale
1148 1614 1252 1641 tamen
1275 1619 1339 1641 non
1361 1608 1555 1651 quiescente,
1579 1609 1690 1641 eadem
1712 1608 1922 1651 Congregatio
1943 1619 2022 1642 non-

557 1660 660 1692 nullas
688 1660 809 1692 addidit
840 1661 1082 1697 declarationes,
1107 1661 1170 1693 570·
1195 1673 1233 1698 11;
1258 1673 1336 1705 quas
1357 1672 1420 1694 una
1441 1672 1513 1694 cum
1535 1661 1671 1694 decretis
1692 1661 1795 1695 eidem
1827 1662 2017 1703 transmisit,

558 1712 633 1745 ibid.
668 1713 771 1756 Super
798 1713 834 1745 iis
861 1714 1070 1747 nihilominus
1101 1715 1279 1758 Capitulinn
1310 1715 1424 1748 iterum
1456 1715 1559 1748 audiri
1591 1715 1686 1758 petit,
1712 1714 1787 1747 ibid.
1811 1715 2022 1758 Congregatio

557 1767 706 1799 standum
736 1766 767 1798 111
799 1767 912 1800 decisis
933 1768 1066 1805 censuit,
1091 1769 1211 1801 addens
1236 1768 1343 1812 aliqua
1363 1769 1401 1802 ad
1424 1768 1675 1802 controversiam
1708 1768 1933 1802 elucidandam
1957 1780 2018 1813 op-

557 1825 705 1862 portuna,
734 1819 810 1851 ibid.
836 1820 978 1853 Pontifex
1007 1821 1075 1853 lites
1096 1832 1207 1854 omnes
1227 1822 1266 1854 ad
1287 1832 1319 1854 sc
1340 1828 1461 1862 avocat,
1486 1829 1516 1855 et
1535 1822 1680 1865 partibus
1701 1822 1863 1855 silentium
1895 1822 2018 1863 indicit,

558 1872 633 1904 ibid.
655 1872 680 1904 b.
707 1873 848 1905 Declarat
870 1874 955 1916 quod
982 1874 1021 1906 ah
1046 1875 1290 1918 archiepiscopo
1311 1875 1410 1919 possit
1431 1876 1580 1919 compelli
1608 1876 1787 1919 Capitulun‘i
1814 1876 1853 1908 ad
1885 1875 2018 1919 pontisi—

556 1925 634 1958 calia
649 1926 824 1958 exercenda
839 1925 922 1958 iuxta
936 1938 1061 1959 sacrum
1077 1928 1254 1960 Concilium
1274 1928 1507 1966 THidentinnm,
1524 1928 1600 1961 ibid.
1626 1928 1892 1972 Archiaezpisropus
1913 1934 2020 1962 tamen

555 1979 676 2011 curabit
700 1989 738 2010 111·
760 1979 827 2021 ipsa
849 1980 1040 2013 cathedralis
1061 1981 1210 2013 omnibus
1232 1981 1385 2014 ministris
1407 1982 1607 2021 destituatur,
1632 1982 1707 2014 ibid.
1726 1983 1842 2015 Forma
1862 1982 2021 2026 archiepi-

555 2042 686 2074 scopum
709 2032 898 2071 associandi,
919 2033 982 2065 577
1000 2045 1028 2065 a.
1046 2034 1104 2073 Qui
1126 2035 1237 2067 debeat
1253 2035 1469 2078 aspersorium
1485 2036 1612 2073 oss'erre,
1628 2035 1703 2068 ibid.
1722 2036 1832 2068 Modus
1852 2035 2019 2069 assistendi

555 2086 631 2117 duni
653 2085 848 2128 pontificalia
873 2093 1008 2127 exercet,
1033 2088 1109 2119 ibid.
1134 2088 1159 2120 b.
1184 2089 1269 2120 llora
1295 2088 1442 2130 eligenda
1467 2094 1497 2121 ct
1517 2089 1660 2132 Capitulo
1681 2088 1908 2131 significanda,
1939 2089 2015 2122 ibid.

556 2139 669 2170 Forma
692 2140 840 2171 eumdem
863 2141 1037 2173 comitandi
1059 2142 1097 2173 ad
1120 2142 1308 2174 concionem
1324 2154 1538 2181 accessurum7
1560 2142 1673 2179 57811,·
1692 2143 1739 2175 vel
1760 2143 1799 2175 ab
1813 2143 1952 2176 Ecclesia
1973 2143 2019 2176 di-

555 2192 748 2229 scedentem,
767 2192 841 2225 ibid.
859 2193 884 2225 b.
907 2195 948 2226 Dc
971 2195 1126 2237 pulsanda
1147 2206 1313 2238 campana,
1332 2196 1407 2229 ibid.
1426 2196 1559 2239 Reliqua
1580 2196 1675 2229 ctiam
1695 2196 1914 2229 deccrmmtur
1934 2197 2019 2230 circa

554 2243 717 2275 servitium
739 2245 766 2276 ci
788 2246 1026 2287 praestamlum,
1045 2246 1120 2279 ibid.
1136 2247 1161 2279 b.
1177 2248 1291 2280 (sshnnia
1304 2259 1321 2280 a
1339 2248 1493 2281 Pontificc
1515 2248 1710 2292 praescripta
1725 2249 1924 2282 observanda
1943 2250 2018 2283 ada-

555 2295 685 2327 mussim
707 2296 765 2328 suh
786 2298 1128 2331 excoinnmnicationis
1148 2310 1262 2342 poena,
1278 2299 1340 2332 579
1354 2311 1383 2332 11.
1407 2300 1616 2333 Decretorum
1638 2300 1781 2333 omnium
1803 2300 2017 2345 archiepisco-

554 2357 613 2389 pus
633 2354 820 2389 exequutor,
844 2348 919 2381 ibid.

466 2398 626 2443 llospitalc
648 2400 867 2433 Annunciatae
888 2403 1046 2445 Neapolis.
1075 2404 1115 2436 Ex
1138 2404 1205 2437 cius
1226 2405 1411 2437 officialium
1435 2405 1644 2447 indulgentia,
1667 2405 1697 2438 in
1719 2406 1898 2449 puellarum
1920 2417 2016 2451 expo-

553 2452 686 2485 sitarum
712 2453 808 2485 domo
829 2455 954 2488 fuerunt
976 2456 1113 2489 admisse
1136 2463 1304 2491 extraneae
1326 2458 1488 2498 mulieres,
1512 2458 1576 2491 435
1596 2470 1634 2494 [κ
1658 2460 1744 2502 quod
1770 2459 1855 2492 dicto
1881 2470 2012 2493 conser-

552 2505 674 2537 vatorio
696 2506 833 2539 maximo
860 2508 977 2541 damno
1004 2509 1082 2547 11111,
1108 2510 1183 2542 ibid.
1208 2511 1233 2543 b.
1257 2512 1432 2553 Gregorius
1452 2512 1609 2555 expositas
1630 2518 1752 2545 tantum
1779 2513 1877 2557 recipi
1909 2514 2011 2555 iubet,

554 2563 785 2601 extraneasque
806 2560 955 2599 excludit,
981 2562 1073 2599 ibid,
1097 2563 1222 2596 sublata
1242 2565 1443 2607 praesidibus
1463 2576 1554 2598 secus
1575 2566 1689 2607 agendi
1711 2567 1872 2605 facultate,
1894 2566 1956 2600 43ss
1981 2579 2010 2601 a.

554 2611 700 2654 Perpetui
720 2618 931 2655 exequutores
952 2615 1083 2648 huiusce
1105 2617 1342 2651 constitutionis
1362 2619 1580 2661 designantur,
1605 2619 1681 2652 ibid.

466 2663 635 2707 Hospitalis
666 2675 724 2708 pro
756 2665 947 2709 recipiendis
979 2668 1165 2713 alendisque
1195 2671 1352 2705 mendicis
1383 2683 1440 2715 per
1470 2673 1589 2706 Urbem
1621 2673 1808 2715 vagantibus
1836 2674 2012 2707 iurisdictio
