<?xml version="1.0" encoding="UTF-8"?>
<!DOCTYPE html PUBLIC "-//W3C//DTD XHTML 1.0 Transitional//EN"
    "http://www.w3.org/TR/xhtml1/DTD/xhtml1-transitional.dtd">
<html xmlns="http://www.w3.org/1999/xhtml" xml:lang="en" lang="en">
 <head>
  <title>
</title>
<meta http-equiv="Content-Type" content="text/html;charset=utf-8" />
  <meta name='ocr-system' content='tesseract 3.04.00' />
  <meta name='ocr-capabilities' content='ocr_page ocr_carea ocr_par ocr_line ocrx_word'/>
</head>
<body>
  <div class='ocr_page' id='page_1' title='image "./bullarumdiplomat09cath/bullarumdiplomat09cath_0377.png"; bbox 0 0 2226 3070; ppageno 0'>
   <div class='ocr_carea' id='block_1_1' title="bbox 83 296 266 326">
    <p class='ocr_par' dir='ltr' id='par_1_1' title="bbox 83 296 266 326">
     <span class='ocr_line' id='line_1_1' title="bbox 83 296 266 326; baseline -0.011 0"><span class='ocrx_word' id='word_1_1' title='bbox 83 298 132 326; x_wconf 78' lang='lat' dir='ltr'>An.</span> <span class='ocrx_word' id='word_1_2' title='bbox 149 297 177 324; x_wconf 82' lang='lat' dir='ltr'>C.</span> <span class='ocrx_word' id='word_1_3' title='bbox 199 296 266 324; x_wconf 80' lang='lat'>1589</span> 
     </span>
    </p>
   </div>
   <div class='ocr_carea' id='block_1_2' title="bbox 83 398 265 506">
    <p class='ocr_par' dir='ltr' id='par_1_2' title="bbox 83 398 265 506">
     <span class='ocr_line' id='line_1_2' title="bbox 106 398 265 422; baseline -0.013 -2"><span class='ocrx_word' id='word_1_4' title='bbox 106 399 180 420; x_wconf 76' lang='lat' dir='ltr'>Contra</span> <span class='ocrx_word' id='word_1_5' title='bbox 197 398 265 422; x_wconf 66' lang='lat' dir='ltr'>remii-</span> 
     </span>
     <span class='ocr_line' id='line_1_3' title="bbox 83 425 265 447; baseline -0.011 -1"><span class='ocrx_word' id='word_1_6' title='bbox 83 427 140 447; x_wconf 61' lang='lat' dir='ltr'>eol-1&lt;</span> <span class='ocrx_word' id='word_1_7' title='bbox 160 425 265 446; x_wconf 74' lang='grc'><strong>861161611-</strong></span> 
     </span>
     <span class='ocr_line' id='line_1_4' title="bbox 84 452 265 473; baseline -0.017 0"><span class='ocrx_word' id='word_1_8' title='bbox 84 453 138 473; x_wconf 78' lang='lat' dir='ltr'>tanis</span> <span class='ocrx_word' id='word_1_9' title='bbox 166 452 265 472; x_wconf 54' lang='lat' dir='ltr'>maiestas</span> 
     </span>
     <span class='ocr_line' id='line_1_5' title="bbox 83 479 245 506; baseline -0.012 -6"><span class='ocrx_word' id='word_1_10' title='bbox 83 479 245 506; x_wconf 77' lang='lat' dir='ltr'>procedendum.</span> 
     </span>
    </p>
   </div>
   <div class='ocr_carea' id='block_1_3' title="bbox 928 294 1144 319">
    <p class='ocr_par' dir='ltr' id='par_1_3' title="bbox 928 294 1144 319">
     <span class='ocr_line' id='line_1_6' title="bbox 928 294 1144 319; baseline -0.014 0"><span class='ocrx_word' id='word_1_11' title='bbox 928 295 1036 319; x_wconf 74' lang='lat' dir='ltr'>Sist</span> <span class='ocrx_word' id='word_1_12' title='bbox 1056 294 1075 317; x_wconf 79' lang='lat' dir='ltr'>V</span> <span class='ocrx_word' id='word_1_13' title='bbox 1095 294 1133 317; x_wconf 82' lang='lat' dir='ltr'>PP</span> <span class='ocrx_word' id='word_1_14' title='bbox 1139 311 1144 316; x_wconf 93' lang='lat'>.</span> 
     </span>
    </p>
   </div>
   <div class='ocr_carea' id='block_1_4' title="bbox 281 343 1020 808">
    <p class='ocr_par' dir='ltr' id='par_1_4' title="bbox 281 343 1020 808">
     <span class='ocr_line' id='line_1_7' title="bbox 325 343 1017 387; baseline -0.004 -9"><span class='ocrx_word' id='word_1_15' title='bbox 325 345 340 387; x_wconf 62' lang='grc' dir='ltr'><strong>ἓ</strong></span> <span class='ocrx_word' id='word_1_16' title='bbox 355 344 389 377; x_wconf 77' lang='grc'>6.</span> <span class='ocrx_word' id='word_1_17' title='bbox 414 345 590 384; x_wconf 83' lang='lat' dir='ltr'>Praeterea,</span> <span class='ocrx_word' id='word_1_18' title='bbox 609 344 696 387; x_wconf 89' lang='lat' dir='ltr'>quod</span> <span class='ocrx_word' id='word_1_19' title='bbox 716 343 740 376; x_wconf 90' lang='lat' dir='ltr'>si</span> <span class='ocrx_word' id='word_1_20' title='bbox 758 343 948 376; x_wconf 84' lang='lat' dir='ltr'>Padulentes</span> <span class='ocrx_word' id='word_1_21' title='bbox 965 348 1017 375; x_wconf 86' lang='lat' dir='ltr'>aut</span> 
     </span>
     <span class='ocr_line' id='line_1_8' title="bbox 281 398 1018 441; baseline -0.001 -10"><span class='ocrx_word' id='word_1_22' title='bbox 281 398 333 431; x_wconf 88' lang='lat' dir='ltr'>alii</span> <span class='ocrx_word' id='word_1_23' title='bbox 354 398 535 441; x_wconf 71' lang='lat' dir='ltr'>regnieolae</span> <span class='ocrx_word' id='word_1_24' title='bbox 555 398 594 430; x_wconf 91' lang='lat' dir='ltr'>ad</span> <span class='ocrx_word' id='word_1_25' title='bbox 614 398 867 431; x_wconf 79' lang='lat' dir='ltr'>iurisdictionem</span> <span class='ocrx_word' id='word_1_26' title='bbox 897 404 925 430; x_wconf 81' lang='lat' dir='ltr'>et</span> <span class='ocrx_word' id='word_1_27' title='bbox 958 403 1018 430; x_wconf 86' lang='lat' dir='ltr'>[er-</span> 
     </span>
     <span class='ocr_line' id='line_1_9' title="bbox 281 451 1018 494; baseline -0.003 -9"><span class='ocrx_word' id='word_1_28' title='bbox 281 452 428 485; x_wconf 88' lang='lat' dir='ltr'>ritorium</span> <span class='ocrx_word' id='word_1_29' title='bbox 466 453 722 487; x_wconf 77' lang='lat' dir='ltr'>Beneventanum</span> <span class='ocrx_word' id='word_1_30' title='bbox 767 451 1018 494; x_wconf 85' lang='lat' dir='ltr'>perturbandum</span> 
     </span>
     <span class='ocr_line' id='line_1_10' title="bbox 281 505 1018 544; baseline -0.003 -5"><span class='ocrx_word' id='word_1_31' title='bbox 281 505 482 540; x_wconf 78' lang='lat' dir='ltr'>accesserint.</span> <span class='ocrx_word' id='word_1_32' title='bbox 504 509 615 537; x_wconf 85' lang='lat' dir='ltr'>eontra</span> <span class='ocrx_word' id='word_1_33' title='bbox 636 514 690 535; x_wconf 87' lang='lat' dir='ltr'>eos</span> <span class='ocrx_word' id='word_1_34' title='bbox 711 514 727 536; x_wconf 90' lang='lat' dir='ltr'>a</span> <span class='ocrx_word' id='word_1_35' title='bbox 747 505 961 544; x_wconf 55' lang='lat' dir='ltr'>gubernatore</span> <span class='ocrx_word' id='word_1_36' title='bbox 991 511 1018 537; x_wconf 86' lang='lat' dir='ltr'>et</span> 
     </span>
     <span class='ocr_line' id='line_1_11' title="bbox 281 557 1020 597; baseline -0.004 -4"><span class='ocrx_word' id='word_1_37' title='bbox 281 560 349 593; x_wconf 85' lang='lat' dir='ltr'>aliis</span> <span class='ocrx_word' id='word_1_38' title='bbox 368 559 557 593; x_wconf 75' lang='lat' dir='ltr'>officialibus</span> <span class='ocrx_word' id='word_1_39' title='bbox 583 557 685 590; x_wconf 80' lang='lat' dir='ltr'>dietae</span> <span class='ocrx_word' id='word_1_40' title='bbox 715 558 848 591; x_wconf 65' lang='lat' dir='ltr'>civitatis</span> <span class='ocrx_word' id='word_1_41' title='bbox 877 558 1020 597; x_wconf 58' lang='lat' dir='ltr'>rigorose</span> 
     </span>
     <span class='ocr_line' id='line_1_12' title="bbox 282 611 1020 657; baseline -0.004 -11"><span class='ocrx_word' id='word_1_42' title='bbox 282 613 423 657; x_wconf 77' lang='lat' dir='ltr'>procedi,</span> <span class='ocrx_word' id='word_1_43' title='bbox 446 611 647 656; x_wconf 87' lang='lat' dir='ltr'>populusque</span> <span class='ocrx_word' id='word_1_44' title='bbox 668 611 769 643; x_wconf 84' lang='lat' dir='ltr'>dictae</span> <span class='ocrx_word' id='word_1_45' title='bbox 795 611 928 643; x_wconf 74' lang='lat' dir='ltr'>civitatis</span> <span class='ocrx_word' id='word_1_46' title='bbox 948 612 1020 643; x_wconf 89' lang='lat' dir='ltr'>totis</span> 
     </span>
     <span class='ocr_line' id='line_1_13' title="bbox 283 665 1016 709; baseline -0.005 -9"><span class='ocrx_word' id='word_1_47' title='bbox 283 668 350 700; x_wconf 88' lang='lat' dir='ltr'>eius</span> <span class='ocrx_word' id='word_1_48' title='bbox 361 667 478 699; x_wconf 89' lang='lat' dir='ltr'>viribus</span> <span class='ocrx_word' id='word_1_49' title='bbox 490 665 670 709; x_wconf 77' lang='lat' dir='ltr'>praemissis</span> <span class='ocrx_word' id='word_1_50' title='bbox 681 665 833 697; x_wconf 87' lang='lat' dir='ltr'>auxilium</span> <span class='ocrx_word' id='word_1_51' title='bbox 852 665 1016 708; x_wconf 82' lang='lat' dir='ltr'>praebere,</span> 
     </span>
     <span class='ocr_line' id='line_1_14' title="bbox 282 719 1018 765; baseline -0.004 -10"><span class='ocrx_word' id='word_1_52' title='bbox 282 732 379 765; x_wconf 87' lang='lat' dir='ltr'>seque</span> <span class='ocrx_word' id='word_1_53' title='bbox 399 721 430 753; x_wconf 88' lang='lat' dir='ltr'>in</span> <span class='ocrx_word' id='word_1_54' title='bbox 451 719 661 763; x_wconf 73' lang='lat' dir='ltr'>possessione,</span> <span class='ocrx_word' id='word_1_55' title='bbox 677 719 707 751; x_wconf 92' lang='lat' dir='ltr'>in</span> <span class='ocrx_word' id='word_1_56' title='bbox 729 730 791 762; x_wconf 88' lang='lat' dir='ltr'>qua</span> <span class='ocrx_word' id='word_1_57' title='bbox 812 719 911 751; x_wconf 89' lang='lat' dir='ltr'>existit</span> <span class='ocrx_word' id='word_1_58' title='bbox 934 719 1018 752; x_wconf 90' lang='lat' dir='ltr'>eius-</span> 
     </span>
     <span class='ocr_line' id='line_1_15' title="bbox 282 772 1018 808; baseline -0.005 0"><span class='ocrx_word' id='word_1_59' title='bbox 282 776 354 808; x_wconf 84' lang='lat' dir='ltr'>dem</span> <span class='ocrx_word' id='word_1_60' title='bbox 376 772 524 806; x_wconf 88' lang='lat' dir='ltr'>territorii</span> <span class='ocrx_word' id='word_1_61' title='bbox 545 777 754 805; x_wconf 82' lang='lat' dir='ltr'>manutenere</span> <span class='ocrx_word' id='word_1_62' title='bbox 786 773 897 805; x_wconf 88' lang='lat' dir='ltr'>debeat</span> <span class='ocrx_word' id='word_1_63' title='bbox 924 772 1018 805; x_wconf 88' lang='lat' dir='ltr'>etiam</span> 
     </span>
    </p>
   </div>
   <div class='ocr_carea' id='block_1_5' title="bbox 1053 338 1796 812">
    <p class='ocr_par' dir='ltr' id='par_1_5' title="bbox 1053 338 1796 812">
     <span class='ocr_line' id='line_1_16' title="bbox 1053 338 1792 378; baseline -0.005 -4"><span class='ocrx_word' id='word_1_64' title='bbox 1053 348 1173 378; x_wconf 81' lang='lat' dir='ltr'>rentur,</span> <span class='ocrx_word' id='word_1_65' title='bbox 1198 341 1278 373; x_wconf 91' lang='lat' dir='ltr'>intra</span> <span class='ocrx_word' id='word_1_66' title='bbox 1298 346 1361 373; x_wconf 91' lang='lat' dir='ltr'>tres</span> <span class='ocrx_word' id='word_1_67' title='bbox 1390 349 1514 372; x_wconf 84' lang='lat' dir='ltr'>menses</span> <span class='ocrx_word' id='word_1_68' title='bbox 1543 349 1560 371; x_wconf 91' lang='lat' dir='ltr'>a</span> <span class='ocrx_word' id='word_1_69' title='bbox 1590 338 1641 371; x_wconf 84' lang='lat' dir='ltr'>die</span> <span class='ocrx_word' id='word_1_70' title='bbox 1665 338 1792 370; x_wconf 85' lang='lat' dir='ltr'>illarum</span> 
     </span>
     <span class='ocr_line' id='line_1_17' title="bbox 1054 391 1794 438; baseline -0.004 -12"><span class='ocrx_word' id='word_1_71' title='bbox 1054 394 1286 438; x_wconf 76' lang='lat' dir='ltr'>impetrationis</span> <span class='ocrx_word' id='word_1_72' title='bbox 1304 392 1547 436; x_wconf 85' lang='lat' dir='ltr'>computandos,</span> <span class='ocrx_word' id='word_1_73' title='bbox 1565 391 1596 423; x_wconf 90' lang='lat' dir='ltr'>in</span> <span class='ocrx_word' id='word_1_74' title='bbox 1615 392 1727 423; x_wconf 87' lang='lat' dir='ltr'>eadem</span> <span class='ocrx_word' id='word_1_75' title='bbox 1739 391 1794 423; x_wconf 86' lang='lat' dir='ltr'>Ca-</span> 
     </span>
     <span class='ocr_line' id='line_1_18' title="bbox 1055 443 1794 491; baseline -0.007 -11"><span class='ocrx_word' id='word_1_76' title='bbox 1055 459 1141 480; x_wconf 80' lang='lat' dir='ltr'>mera</span> <span class='ocrx_word' id='word_1_77' title='bbox 1163 446 1357 491; x_wconf 82' lang='lat' dir='ltr'>praesentari</span> <span class='ocrx_word' id='word_1_78' title='bbox 1378 457 1415 479; x_wconf 83' lang='lat' dir='ltr'>ac</span> <span class='ocrx_word' id='word_1_79' title='bbox 1435 445 1466 478; x_wconf 90' lang='lat' dir='ltr'>in</span> <span class='ocrx_word' id='word_1_80' title='bbox 1492 445 1577 477; x_wconf 85' lang='lat' dir='ltr'>illius</span> <span class='ocrx_word' id='word_1_81' title='bbox 1601 444 1691 477; x_wconf 88' lang='lat' dir='ltr'>libris</span> <span class='ocrx_word' id='word_1_82' title='bbox 1712 443 1794 486; x_wconf 69' lang='lat' dir='ltr'>regi-</span> 
     </span>
     <span class='ocr_line' id='line_1_19' title="bbox 1054 497 1795 542; baseline -0.005 -9"><span class='ocrx_word' id='word_1_83' title='bbox 1054 501 1145 533; x_wconf 85' lang='lat' dir='ltr'>strari</span> <span class='ocrx_word' id='word_1_84' title='bbox 1184 501 1335 537; x_wconf 81' lang='lat' dir='ltr'>debeant;</span> <span class='ocrx_word' id='word_1_85' title='bbox 1368 498 1526 542; x_wconf 81' lang='lat' dir='ltr'>alioquin,</span> <span class='ocrx_word' id='word_1_86' title='bbox 1565 498 1661 541; x_wconf 90' lang='lat' dir='ltr'>lapsis</span> <span class='ocrx_word' id='word_1_87' title='bbox 1695 497 1795 530; x_wconf 86' lang='lat' dir='ltr'>trihus</span> 
     </span>
     <span class='ocr_line' id='line_1_20' title="bbox 1055 551 1795 595; baseline -0.004 -9"><span class='ocrx_word' id='word_1_88' title='bbox 1055 555 1227 590; x_wconf 73' lang='lat' dir='ltr'>mensibus.</span> <span class='ocrx_word' id='word_1_89' title='bbox 1245 553 1428 586; x_wconf 84' lang='lat' dir='ltr'>huiusmodi</span> <span class='ocrx_word' id='word_1_90' title='bbox 1451 551 1558 595; x_wconf 70' lang='lat' dir='ltr'>gratiis</span> <span class='ocrx_word' id='word_1_91' title='bbox 1570 557 1599 584; x_wconf 87' lang='lat' dir='ltr'>et</span> <span class='ocrx_word' id='word_1_92' title='bbox 1617 551 1795 584; x_wconf 80' lang='lat' dir='ltr'>concessio-</span> 
     </span>
     <span class='ocr_line' id='line_1_21' title="bbox 1055 605 1796 651; baseline -0.004 -11"><span class='ocrx_word' id='word_1_93' title='bbox 1055 608 1147 640; x_wconf 82' lang='lat' dir='ltr'>uibus</span> <span class='ocrx_word' id='word_1_94' title='bbox 1167 608 1336 651; x_wconf 71' lang='lat' dir='ltr'>praedictis</span> <span class='ocrx_word' id='word_1_95' title='bbox 1356 617 1421 639; x_wconf 88' lang='lat' dir='ltr'>non</span> <span class='ocrx_word' id='word_1_96' title='bbox 1439 605 1657 649; x_wconf 81' lang='lat' dir='ltr'>praesentatis,</span> <span class='ocrx_word' id='word_1_97' title='bbox 1676 605 1796 637; x_wconf 87' lang='lat' dir='ltr'>minus-</span> 
     </span>
     <span class='ocr_line' id='line_1_22' title="bbox 1054 659 1795 705; baseline -0.004 -11"><span class='ocrx_word' id='word_1_98' title='bbox 1054 673 1115 705; x_wconf 90' lang='lat' dir='ltr'>que</span> <span class='ocrx_word' id='word_1_99' title='bbox 1135 662 1319 704; x_wconf 69' lang='lat' dir='ltr'>registratis,</span> <span class='ocrx_word' id='word_1_100' title='bbox 1344 662 1374 694; x_wconf 90' lang='lat' dir='ltr'>in</span> <span class='ocrx_word' id='word_1_101' title='bbox 1396 661 1514 694; x_wconf 88' lang='lat' dir='ltr'>iudicio</span> <span class='ocrx_word' id='word_1_102' title='bbox 1545 665 1575 693; x_wconf 84' lang='lat' dir='ltr'>et.</span> <span class='ocrx_word' id='word_1_103' title='bbox 1603 665 1689 692; x_wconf 88' lang='lat' dir='ltr'>extra</span> <span class='ocrx_word' id='word_1_104' title='bbox 1717 659 1795 691; x_wconf 85' lang='lat' dir='ltr'>illud</span> 
     </span>
     <span class='ocr_line' id='line_1_23' title="bbox 1054 714 1796 758; baseline -0.001 -11"><span class='ocrx_word' id='word_1_105' title='bbox 1054 716 1234 747; x_wconf 89' lang='lat' dir='ltr'>nullatenus</span> <span class='ocrx_word' id='word_1_106' title='bbox 1256 716 1352 747; x_wconf 84' lang='lat' dir='ltr'>tidem</span> <span class='ocrx_word' id='word_1_107' title='bbox 1383 717 1485 748; x_wconf 76' lang='lat' dir='ltr'>tacere</span> <span class='ocrx_word' id='word_1_108' title='bbox 1506 714 1642 758; x_wconf 76' lang='lat' dir='ltr'>possint:</span> <span class='ocrx_word' id='word_1_109' title='bbox 1667 719 1697 746; x_wconf 88' lang='lat' dir='ltr'>et</span> <span class='ocrx_word' id='word_1_110' title='bbox 1726 719 1796 746; x_wconf 85' lang='lat' dir='ltr'>tan—</span> 
     </span>
     <span class='ocr_line' id='line_1_24' title="bbox 1054 767 1796 812; baseline -0.001 -12"><span class='ocrx_word' id='word_1_111' title='bbox 1054 780 1149 812; x_wconf 88' lang='lat' dir='ltr'>quam</span> <span class='ocrx_word' id='word_1_112' title='bbox 1171 780 1235 801; x_wconf 84' lang='lat' dir='ltr'>non</span> <span class='ocrx_word' id='word_1_113' title='bbox 1262 779 1431 801; x_wconf 77' lang='lat' dir='ltr'>concessae</span> <span class='ocrx_word' id='word_1_114' title='bbox 1462 780 1497 801; x_wconf 79' lang='lat' dir='ltr'>ac</span> <span class='ocrx_word' id='word_1_115' title='bbox 1527 768 1633 800; x_wconf 83' lang='lat' dir='ltr'>nullae</span> <span class='ocrx_word' id='word_1_116' title='bbox 1664 778 1702 799; x_wconf 86' lang='lat' dir='ltr'>eo</span> <span class='ocrx_word' id='word_1_117' title='bbox 1728 767 1796 811; x_wconf 89' lang='lat' dir='ltr'>ipso</span> 
     </span>
    </p>
   </div>
   <div class='ocr_carea' id='block_1_6' title="bbox 1694 279 1989 316">
    <p class='ocr_par' dir='ltr' id='par_1_6' title="bbox 1694 279 1989 316">
     <span class='ocr_line' id='line_1_25' title="bbox 1694 279 1989 316; baseline 0.01 -3"><span class='ocrx_word' id='word_1_118' title='bbox 1694 279 1758 313; x_wconf 75' lang='lat'>349</span> <span class='ocrx_word' id='word_1_119' title='bbox 1803 288 1852 316; x_wconf 68' lang='lat' dir='ltr'>An.</span> <span class='ocrx_word' id='word_1_120' title='bbox 1872 288 1899 316; x_wconf 84' lang='lat' dir='ltr'>c.</span> <span class='ocrx_word' id='word_1_121' title='bbox 1923 288 1989 316; x_wconf 79' lang='lat'>¹589</span> 
     </span>
    </p>
   </div>
   <div class='ocr_carea' id='block_1_7' title="bbox 1035 821 1799 972">
    <p class='ocr_par' dir='ltr' id='par_1_7' title="bbox 1035 821 1799 972">
     <span class='ocr_line' id='line_1_26' title="bbox 1035 821 1796 865; baseline -0.003 -11"><span class='ocrx_word' id='word_1_122' title='bbox 1035 822 1082 862; x_wconf 72' lang='lat' dir='ltr'>let</span> <span class='ocrx_word' id='word_1_123' title='bbox 1104 822 1259 854; x_wconf 76' lang='lat' dir='ltr'>invalidae</span> <span class='ocrx_word' id='word_1_124' title='bbox 1280 822 1463 865; x_wconf 67' lang='lat' dir='ltr'>nulliusque</span> <span class='ocrx_word' id='word_1_125' title='bbox 1493 821 1618 854; x_wconf 91' lang='lat' dir='ltr'>roboris</span> <span class='ocrx_word' id='word_1_126' title='bbox 1648 821 1695 853; x_wconf 77' lang='lat' dir='ltr'>vel</span> <span class='ocrx_word' id='word_1_127' title='bbox 1726 831 1796 853; x_wconf 91' lang='lat' dir='ltr'>mo-</span> 
     </span>
     <span class='ocr_line' id='line_1_27' title="bbox 1056 873 1796 907; baseline -0.001 -1"><span class='ocrx_word' id='word_1_128' title='bbox 1056 875 1153 907; x_wconf 85' lang='lat' dir='ltr'>menti</span> <span class='ocrx_word' id='word_1_129' title='bbox 1184 874 1244 907; x_wconf 84' lang='lat' dir='ltr'>sint</span> <span class='ocrx_word' id='word_1_130' title='bbox 1267 880 1296 907; x_wconf 87' lang='lat' dir='ltr'>et</span> <span class='ocrx_word' id='word_1_131' title='bbox 1318 885 1384 907; x_wconf 76' lang='lat' dir='ltr'>esse</span> <span class='ocrx_word' id='word_1_132' title='bbox 1405 880 1595 906; x_wconf 75' lang='lat' dir='ltr'>censeantur</span> <span class='ocrx_word' id='word_1_133' title='bbox 1620 884 1656 906; x_wconf 84' lang='lat' dir='ltr'>ac</span> <span class='ocrx_word' id='word_1_134' title='bbox 1676 873 1796 906; x_wconf 87' lang='lat' dir='ltr'>nemini</span> 
     </span>
     <span class='ocr_line' id='line_1_28' title="bbox 1055 927 1799 972; baseline -0.001 -11"><span class='ocrx_word' id='word_1_135' title='bbox 1055 929 1221 970; x_wconf 63' lang='lat' dir='ltr'>suffragari</span> <span class='ocrx_word' id='word_1_136' title='bbox 1242 929 1377 961; x_wconf 74' lang='lat' dir='ltr'>valeant.</span> <span class='ocrx_word' id='word_1_137' title='bbox 1394 929 1503 972; x_wconf 81' lang='lat' dir='ltr'>Itaque</span> <span class='ocrx_word' id='word_1_138' title='bbox 1516 927 1687 960; x_wconf 83' lang='lat' dir='ltr'>consiliarii</span> <span class='ocrx_word' id='word_1_139' title='bbox 1708 938 1799 971; x_wconf 82' lang='lat' dir='ltr'>prae-</span> 
     </span>
    </p>
   </div>
   <div class='ocr_carea' id='block_1_8' title="bbox 103 826 1021 977">
    <p class='ocr_par' dir='ltr' id='par_1_8' title="bbox 103 826 1021 977">
     <span class='ocr_line' id='line_1_29' title="bbox 282 826 888 872; baseline -0.003 -11"><span class='ocrx_word' id='word_1_140' title='bbox 282 833 434 872; x_wconf 85' lang='lat' dir='ltr'>perpetuo</span> <span class='ocrx_word' id='word_1_141' title='bbox 455 826 622 859; x_wconf 74' lang='lat' dir='ltr'>statuimus</span> <span class='ocrx_word' id='word_1_142' title='bbox 643 832 671 859; x_wconf 87' lang='lat' dir='ltr'>et</span> <span class='ocrx_word' id='word_1_143' title='bbox 692 826 888 859; x_wconf 81' lang='lat' dir='ltr'>ordinamus.</span> 
     </span>
     <span class='ocr_line' id='line_1_30' title="bbox 325 880 1021 923; baseline -0.001 -10"><span class='ocrx_word' id='word_1_144' title='bbox 325 880 391 923; x_wconf 55' lang='lat'>§2</span> <span class='ocrx_word' id='word_1_145' title='bbox 414 881 477 913; x_wconf 80' lang='lat' dir='ltr'>Nec</span> <span class='ocrx_word' id='word_1_146' title='bbox 502 890 566 912; x_wconf 92' lang='lat' dir='ltr'>non</span> <span class='ocrx_word' id='word_1_147' title='bbox 598 885 713 913; x_wconf 89' lang='lat' dir='ltr'>statuta</span> <span class='ocrx_word' id='word_1_148' title='bbox 745 886 773 913; x_wconf 85' lang='lat' dir='ltr'>et</span> <span class='ocrx_word' id='word_1_149' title='bbox 803 880 1021 913; x_wconf 76' lang='lat' dir='ltr'>ordinationes</span> 
     </span>
     <span class='ocr_line' id='line_1_31' title="bbox 103 929 1020 977; baseline -0.003 -9"><span class='ocrx_word' id='word_1_150' title='bbox 103 933 188 954; x_wconf 54' lang='lat' dir='ltr'>¹³¹⁵b¹¹5</span> <span class='ocrx_word' id='word_1_151' title='bbox 203 933 266 951; x_wconf 59' lang='lat'>‘¹³¹⁰&#39;</span> <span class='ocrx_word' id='word_1_152' title='bbox 281 933 475 973; x_wconf 84' lang='lat' dir='ltr'>huiusmodi⁷</span> <span class='ocrx_word' id='word_1_153' title='bbox 499 929 672 977; x_wconf 78' lang='lat' dir='ltr'>omniaque</span> <span class='ocrx_word' id='word_1_154' title='bbox 696 933 756 966; x_wconf 84' lang='lat' dir='ltr'>alia</span> <span class='ocrx_word' id='word_1_155' title='bbox 777 933 961 977; x_wconf 80' lang='lat' dir='ltr'>praemissa,</span> <span class='ocrx_word' id='word_1_156' title='bbox 985 944 1020 966; x_wconf 84' lang='lat' dir='ltr'>ac</span> 
     </span>
    </p>
   </div>
   <div class='ocr_carea' id='block_1_9' title="bbox 84 1011 236 1040">
    <p class='ocr_par' dir='ltr' id='par_1_9' title="bbox 84 1011 236 1040">
     <span class='ocr_line' id='line_1_32' title="bbox 84 1011 236 1040; baseline -0.013 -7"><span class='ocrx_word' id='word_1_157' title='bbox 84 1020 122 1040; x_wconf 69' lang='lat' dir='ltr'>pm·</span> <span class='ocrx_word' id='word_1_158' title='bbox 135 1011 236 1033; x_wconf 73' lang='lat' dir='ltr'>standum.</span> 
     </span>
    </p>
   </div>
   <div class='ocr_carea' id='block_1_10' title="bbox 90 2219 272 2267">
    <p class='ocr_par' dir='ltr' id='par_1_10' title="bbox 90 2219 272 2267">
     <span class='ocr_line' id='line_1_33' title="bbox 103 2219 272 2245; baseline 0 -5"><span class='ocrx_word' id='word_1_159' title='bbox 103 2219 272 2245; x_wconf 81' lang='lat' dir='ltr'>Quibuscumquc</span> 
     </span>
     <span class='ocr_line' id='line_1_34' title="bbox 90 2246 272 2267; baseline -0.011 0"><span class='ocrx_word' id='word_1_160' title='bbox 90 2252 130 2267; x_wconf 82' lang='lat' dir='ltr'>non</span> <span class='ocrx_word' id='word_1_161' title='bbox 141 2246 272 2266; x_wconf 63' lang='lat' dir='ltr'>obstantibus</span> 
     </span>
    </p>
   </div>
   <div class='ocr_carea' id='block_1_11' title="bbox 80 958 1030 2737">
    <p class='ocr_par' dir='ltr' id='par_1_11' title="bbox 80 958 1026 2148">
     <span class='ocr_line' id='line_1_35' title="bbox 91 958 267 981; baseline -0.017 -1"><span class='ocrx_word' id='word_1_162' title='bbox 91 961 107 981; x_wconf 78' lang='lat' dir='ltr'>‘s</span> <span class='ocrx_word' id='word_1_163' title='bbox 138 974 143 980; x_wconf 80' lang='grc'><strong>.</strong></span> <span class='ocrx_word' id='word_1_164' title='bbox 158 958 267 979; x_wconf 58' lang='lat' dir='ltr'>sentibus-</span> 
     </span>
     <span class='ocr_line' id='line_1_36' title="bbox 80 964 1019 1031; baseline 0 -12"><span class='ocrx_word' id='word_1_165' title='bbox 80 964 266 1014; x_wconf 52' lang='lat' dir='ltr'>¹¹i¹¹¹⁸³r¹i¹l²¹ff⁵³³¹⁰·</span> <span class='ocrx_word' id='word_1_166' title='bbox 282 992 465 1031; x_wconf 76' lang='lat' dir='ltr'>praesentes</span> <span class='ocrx_word' id='word_1_167' title='bbox 485 992 609 1020; x_wconf 86' lang='lat' dir='ltr'>nostras</span> <span class='ocrx_word' id='word_1_168' title='bbox 628 987 749 1020; x_wconf 80' lang='lat' dir='ltr'>litteras</span> <span class='ocrx_word' id='word_1_169' title='bbox 769 987 857 1020; x_wconf 92' lang='lat' dir='ltr'>nullo</span> <span class='ocrx_word' id='word_1_170' title='bbox 879 998 1019 1030; x_wconf 84' lang='lat' dir='ltr'>unquam</span> 
     </span>
     <span class='ocr_line' id='line_1_37' title="bbox 282 1041 1022 1085; baseline 0 -11"><span class='ocrx_word' id='word_1_171' title='bbox 282 1047 425 1085; x_wconf 88' lang='lat' dir='ltr'>tempore</span> <span class='ocrx_word' id='word_1_172' title='bbox 445 1041 557 1085; x_wconf 77' lang='lat' dir='ltr'>quovis</span> <span class='ocrx_word' id='word_1_173' title='bbox 577 1041 721 1085; x_wconf 84' lang='lat' dir='ltr'>quaesito</span> <span class='ocrx_word' id='word_1_174' title='bbox 741 1041 848 1074; x_wconf 80' lang='lat' dir='ltr'>colore</span> <span class='ocrx_word' id='word_1_175' title='bbox 866 1042 914 1073; x_wconf 79' lang='lat' dir='ltr'>xel</span> <span class='ocrx_word' id='word_1_176' title='bbox 935 1041 1022 1084; x_wconf 73' lang='lat' dir='ltr'>inge-</span> 
     </span>
     <span class='ocr_line' id='line_1_38' title="bbox 281 1095 1021 1139; baseline 0 -11"><span class='ocrx_word' id='word_1_177' title='bbox 281 1095 346 1133; x_wconf 83' lang='lat' dir='ltr'>nio,</span> <span class='ocrx_word' id='word_1_178' title='bbox 370 1096 410 1128; x_wconf 87' lang='lat' dir='ltr'>de</span> <span class='ocrx_word' id='word_1_179' title='bbox 429 1095 645 1139; x_wconf 77' lang='lat' dir='ltr'>subreptionis</span> <span class='ocrx_word' id='word_1_180' title='bbox 666 1095 711 1127; x_wconf 72' lang='lat' dir='ltr'>vel</span> <span class='ocrx_word' id='word_1_181' title='bbox 742 1095 939 1138; x_wconf 80' lang='lat' dir='ltr'>obreptionis</span> <span class='ocrx_word' id='word_1_182' title='bbox 969 1101 1021 1128; x_wconf 87' lang='lat' dir='ltr'>aut</span> 
     </span>
     <span class='ocr_line' id='line_1_39' title="bbox 280 1146 1023 1182; baseline 0 0"><span class='ocrx_word' id='word_1_183' title='bbox 280 1146 433 1182; x_wconf 83' lang='lat' dir='ltr'>nullitatis</span> <span class='ocrx_word' id='word_1_184' title='bbox 452 1148 527 1182; x_wconf 74' lang='lat' dir='ltr'>vitio</span> <span class='ocrx_word' id='word_1_185' title='bbox 548 1160 603 1182; x_wconf 88' lang='lat' dir='ltr'>seu</span> <span class='ocrx_word' id='word_1_186' title='bbox 621 1148 805 1181; x_wconf 87' lang='lat' dir='ltr'>intentionis</span> <span class='ocrx_word' id='word_1_187' title='bbox 822 1155 948 1181; x_wconf 85' lang='lat' dir='ltr'>nostrae</span> <span class='ocrx_word' id='word_1_188' title='bbox 969 1150 1023 1182; x_wconf 91' lang='lat' dir='ltr'>de-</span> 
     </span>
     <span class='ocr_line' id='line_1_40' title="bbox 279 1201 1022 1245; baseline 0.001 -11"><span class='ocrx_word' id='word_1_189' title='bbox 279 1202 363 1236; x_wconf 79' lang='lat' dir='ltr'>fectu</span> <span class='ocrx_word' id='word_1_190' title='bbox 382 1201 486 1235; x_wconf 86' lang='lat' dir='ltr'>notari</span> <span class='ocrx_word' id='word_1_191' title='bbox 506 1202 554 1235; x_wconf 74' lang='lat' dir='ltr'>vel</span> <span class='ocrx_word' id='word_1_192' title='bbox 576 1201 768 1245; x_wconf 78' lang='lat' dir='ltr'>impugnari,</span> <span class='ocrx_word' id='word_1_193' title='bbox 793 1208 844 1235; x_wconf 88' lang='lat' dir='ltr'>aut</span> <span class='ocrx_word' id='word_1_194' title='bbox 866 1202 961 1235; x_wconf 86' lang='lat' dir='ltr'>etiam</span> <span class='ocrx_word' id='word_1_195' title='bbox 983 1203 1022 1235; x_wconf 86' lang='lat' dir='ltr'>ad</span> 
     </span>
     <span class='ocr_line' id='line_1_41' title="bbox 280 1255 1018 1298; baseline 0 -10"><span class='ocrx_word' id='word_1_196' title='bbox 280 1255 466 1298; x_wconf 86' lang='lat' dir='ltr'>quorumvis</span> <span class='ocrx_word' id='word_1_197' title='bbox 498 1255 679 1288; x_wconf 78' lang='lat' dir='ltr'>instantiam</span> <span class='ocrx_word' id='word_1_198' title='bbox 711 1255 865 1290; x_wconf 75' lang='lat' dir='ltr'>revocari.</span> <span class='ocrx_word' id='word_1_199' title='bbox 890 1256 1018 1293; x_wconf 76' lang='lat' dir='ltr'>cassari,</span> 
     </span>
     <span class='ocr_line' id='line_1_42' title="bbox 280 1308 1022 1353; baseline 0.001 -12"><span class='ocrx_word' id='word_1_200' title='bbox 280 1308 449 1348; x_wconf 76' lang='lat' dir='ltr'>annullari,</span> <span class='ocrx_word' id='word_1_201' title='bbox 466 1309 577 1342; x_wconf 88' lang='lat' dir='ltr'>reduci</span> <span class='ocrx_word' id='word_1_202' title='bbox 598 1309 645 1342; x_wconf 78' lang='lat' dir='ltr'>vel</span> <span class='ocrx_word' id='word_1_203' title='bbox 666 1309 830 1342; x_wconf 86' lang='lat' dir='ltr'>retractari</span> <span class='ocrx_word' id='word_1_204' title='bbox 848 1320 951 1353; x_wconf 81' lang='lat' dir='ltr'>posse,</span> <span class='ocrx_word' id='word_1_205' title='bbox 968 1310 1022 1342; x_wconf 91' lang='lat' dir='ltr'>sed</span> 
     </span>
     <span class='ocr_line' id='line_1_43' title="bbox 280 1362 1020 1406; baseline 0.001 -11"><span class='ocrx_word' id='word_1_206' title='bbox 280 1362 351 1395; x_wconf 88' lang='lat' dir='ltr'>illas</span> <span class='ocrx_word' id='word_1_207' title='bbox 385 1373 513 1406; x_wconf 87' lang='lat' dir='ltr'>semper</span> <span class='ocrx_word' id='word_1_208' title='bbox 547 1362 666 1395; x_wconf 74' lang='lat' dir='ltr'>validas</span> <span class='ocrx_word' id='word_1_209' title='bbox 701 1368 729 1395; x_wconf 87' lang='lat' dir='ltr'>et</span> <span class='ocrx_word' id='word_1_210' title='bbox 766 1363 911 1396; x_wconf 80' lang='lat' dir='ltr'>efficaces</span> <span class='ocrx_word' id='word_1_211' title='bbox 941 1364 1020 1398; x_wconf 83' lang='lat' dir='ltr'>sore.</span> 
     </span>
     <span class='ocr_line' id='line_1_44' title="bbox 280 1415 1024 1459; baseline 0.001 -11"><span class='ocrx_word' id='word_1_212' title='bbox 280 1426 420 1459; x_wconf 87' lang='lat' dir='ltr'>suosque</span> <span class='ocrx_word' id='word_1_213' title='bbox 430 1415 592 1459; x_wconf 84' lang='lat' dir='ltr'>plenarios</span> <span class='ocrx_word' id='word_1_214' title='bbox 607 1422 637 1448; x_wconf 88' lang='lat' dir='ltr'>et</span> <span class='ocrx_word' id='word_1_215' title='bbox 657 1415 798 1458; x_wconf 68' lang='lat' dir='ltr'>integros</span> <span class='ocrx_word' id='word_1_216' title='bbox 810 1416 940 1449; x_wconf 80' lang='lat' dir='ltr'>effectus</span> <span class='ocrx_word' id='word_1_217' title='bbox 957 1427 1024 1449; x_wconf 87' lang='grc'><strong>501·-</strong></span> 
     </span>
     <span class='ocr_line' id='line_1_45' title="bbox 281 1469 1024 1513; baseline -0.003 -11"><span class='ocrx_word' id='word_1_218' title='bbox 281 1469 333 1502; x_wconf 86' lang='lat' dir='ltr'>tiri</span> <span class='ocrx_word' id='word_1_219' title='bbox 354 1475 382 1502; x_wconf 86' lang='lat' dir='ltr'>et</span> <span class='ocrx_word' id='word_1_220' title='bbox 408 1469 634 1502; x_wconf 63' lang='lat' dir='ltr'>inviolabiliter</span> <span class='ocrx_word' id='word_1_221' title='bbox 664 1469 842 1506; x_wconf 69' lang='lat' dir='ltr'>observari2</span> <span class='ocrx_word' id='word_1_222' title='bbox 869 1470 1024 1513; x_wconf 73' lang='lat' dir='ltr'>dictisque</span> 
     </span>
     <span class='ocr_line' id='line_1_46' title="bbox 282 1521 1024 1567; baseline 0.001 -13"><span class='ocrx_word' id='word_1_223' title='bbox 282 1521 409 1563; x_wconf 81' lang='lat' dir='ltr'>civitati,</span> <span class='ocrx_word' id='word_1_224' title='bbox 433 1522 609 1558; x_wconf 77' lang='lat' dir='ltr'>comitatui.</span> <span class='ocrx_word' id='word_1_225' title='bbox 635 1522 824 1555; x_wconf 88' lang='lat' dir='ltr'>consiliariis</span> <span class='ocrx_word' id='word_1_226' title='bbox 845 1529 872 1555; x_wconf 87' lang='lat' dir='ltr'>et</span> <span class='ocrx_word' id='word_1_227' title='bbox 905 1524 1024 1567; x_wconf 85' lang='lat' dir='ltr'>populo</span> 
     </span>
     <span class='ocr_line' id='line_1_47' title="bbox 282 1575 1026 1621; baseline 0.003 -13"><span class='ocrx_word' id='word_1_228' title='bbox 282 1575 465 1608; x_wconf 90' lang='lat' dir='ltr'>huiusmodi</span> <span class='ocrx_word' id='word_1_229' title='bbox 486 1576 653 1618; x_wconf 72' lang='lat' dir='ltr'>suffragari</span> <span class='ocrx_word' id='word_1_230' title='bbox 678 1577 816 1611; x_wconf 78' lang='lat' dir='ltr'>debere:</span> <span class='ocrx_word' id='word_1_231' title='bbox 839 1577 948 1620; x_wconf 76' lang='lat' dir='ltr'>sicque</span> <span class='ocrx_word' id='word_1_232' title='bbox 968 1588 1026 1621; x_wconf 89' lang='lat' dir='ltr'>per</span> 
     </span>
     <span class='ocr_line' id='line_1_48' title="bbox 282 1629 1024 1672; baseline 0.004 -11"><span class='ocrx_word' id='word_1_233' title='bbox 282 1639 503 1672; x_wconf 80' lang='lat' dir='ltr'>quoscumque</span> <span class='ocrx_word' id='word_1_234' title='bbox 523 1629 643 1662; x_wconf 83' lang='lat' dir='ltr'>iudices</span> <span class='ocrx_word' id='word_1_235' title='bbox 663 1636 693 1662; x_wconf 83' lang='lat' dir='ltr'>ct</span> <span class='ocrx_word' id='word_1_236' title='bbox 723 1630 959 1664; x_wconf 81' lang='lat' dir='ltr'>commissarios</span> <span class='ocrx_word' id='word_1_237' title='bbox 989 1642 1024 1664; x_wconf 87' lang='lat' dir='ltr'>ac</span> 
     </span>
     <span class='ocr_line' id='line_1_49' title="bbox 282 1682 1024 1727; baseline 0.003 -12"><span class='ocrx_word' id='word_1_238' title='bbox 282 1682 377 1716; x_wconf 88' lang='lat' dir='ltr'>etiam</span> <span class='ocrx_word' id='word_1_239' title='bbox 397 1683 574 1725; x_wconf 74' lang='lat' dir='ltr'>delegatos,</span> <span class='ocrx_word' id='word_1_240' title='bbox 602 1694 806 1727; x_wconf 79' lang='lat' dir='ltr'>quacumque</span> <span class='ocrx_word' id='word_1_241' title='bbox 838 1684 1024 1718; x_wconf 83' lang='lat' dir='ltr'>auctoritate</span> 
     </span>
     <span class='ocr_line' id='line_1_50' title="bbox 282 1738 1025 1781; baseline 0.001 -11"><span class='ocrx_word' id='word_1_242' title='bbox 282 1742 313 1770; x_wconf 86' lang='lat' dir='ltr'>et</span> <span class='ocrx_word' id='word_1_243' title='bbox 334 1743 487 1781; x_wconf 72' lang='lat' dir='ltr'>potestate</span> <span class='ocrx_word' id='word_1_244' title='bbox 507 1738 674 1779; x_wconf 74' lang='lat' dir='ltr'>fungentes</span> <span class='ocrx_word' id='word_1_245' title='bbox 693 1749 729 1770; x_wconf 86' lang='lat' dir='ltr'>ac</span> <span class='ocrx_word' id='word_1_246' title='bbox 751 1738 781 1771; x_wconf 90' lang='lat' dir='ltr'>S.</span> <span class='ocrx_word' id='word_1_247' title='bbox 802 1738 838 1771; x_wconf 90' lang='lat' dir='ltr'>R.</span> <span class='ocrx_word' id='word_1_248' title='bbox 860 1739 892 1770; x_wconf 79' lang='lat' dir='ltr'>E.</span> <span class='ocrx_word' id='word_1_249' title='bbox 923 1739 1025 1771; x_wconf 86' lang='lat' dir='ltr'>cardi-</span> 
     </span>
     <span class='ocr_line' id='line_1_51' title="bbox 283 1791 1025 1835; baseline 0.003 -12"><span class='ocrx_word' id='word_1_250' title='bbox 283 1791 380 1828; x_wconf 72' lang='lat' dir='ltr'>nales,</span> <span class='ocrx_word' id='word_1_251' title='bbox 404 1791 528 1824; x_wconf 85' lang='lat' dir='ltr'>sublata</span> <span class='ocrx_word' id='word_1_252' title='bbox 549 1791 594 1824; x_wconf 87' lang='lat' dir='ltr'>eis</span> <span class='ocrx_word' id='word_1_253' title='bbox 614 1797 643 1824; x_wconf 88' lang='lat' dir='ltr'>et</span> <span class='ocrx_word' id='word_1_254' title='bbox 664 1802 777 1824; x_wconf 87' lang='lat' dir='ltr'>eorum</span> <span class='ocrx_word' id='word_1_255' title='bbox 798 1791 926 1824; x_wconf 78' lang='lat' dir='ltr'>cuilibet</span> <span class='ocrx_word' id='word_1_256' title='bbox 947 1804 1025 1835; x_wconf 88' lang='lat' dir='ltr'>qua-</span> 
     </span>
     <span class='ocr_line' id='line_1_52' title="bbox 282 1844 1024 1889; baseline 0.004 -13"><span class='ocrx_word' id='word_1_257' title='bbox 282 1844 328 1877; x_wconf 84' lang='lat' dir='ltr'>vis</span> <span class='ocrx_word' id='word_1_258' title='bbox 347 1844 439 1877; x_wconf 86' lang='lat' dir='ltr'>aliter</span> <span class='ocrx_word' id='word_1_259' title='bbox 469 1844 631 1877; x_wconf 88' lang='lat' dir='ltr'>iudicandi</span> <span class='ocrx_word' id='word_1_260' title='bbox 661 1851 689 1878; x_wconf 87' lang='lat' dir='ltr'>et</span> <span class='ocrx_word' id='word_1_261' title='bbox 720 1845 949 1889; x_wconf 85' lang='lat' dir='ltr'>interpretandi</span> <span class='ocrx_word' id='word_1_262' title='bbox 979 1848 1024 1879; x_wconf 81' lang='lat' dir='ltr'>sa-</span> 
     </span>
     <span class='ocr_line' id='line_1_53' title="bbox 283 1891 1023 1941; baseline 0.001 -10"><span class='ocrx_word' id='word_1_263' title='bbox 283 1899 399 1931; x_wconf 85' lang='lat' dir='ltr'>cultate</span> <span class='ocrx_word' id='word_1_264' title='bbox 419 1904 448 1931; x_wconf 89' lang='lat' dir='ltr'>et</span> <span class='ocrx_word' id='word_1_265' title='bbox 469 1891 667 1939; x_wconf 88' lang='lat' dir='ltr'>auctoritate,</span> <span class='ocrx_word' id='word_1_266' title='bbox 684 1899 830 1941; x_wconf 59' lang='lat' dir='ltr'>‚iudicari</span> <span class='ocrx_word' id='word_1_267' title='bbox 848 1905 876 1932; x_wconf 82' lang='lat' dir='ltr'>et</span> <span class='ocrx_word' id='word_1_268' title='bbox 898 1900 1023 1932; x_wconf 86' lang='lat' dir='ltr'>definiri</span> 
     </span>
     <span class='ocr_line' id='line_1_54' title="bbox 283 1953 1026 1997; baseline 0.001 -12"><span class='ocrx_word' id='word_1_269' title='bbox 283 1953 417 1993; x_wconf 69' lang='lat' dir='ltr'>debere,</span> <span class='ocrx_word' id='word_1_270' title='bbox 440 1953 630 1997; x_wconf 84' lang='lat' dir='ltr'>irritumque</span> <span class='ocrx_word' id='word_1_271' title='bbox 651 1959 680 1986; x_wconf 89' lang='lat' dir='ltr'>et</span> <span class='ocrx_word' id='word_1_272' title='bbox 702 1953 807 1991; x_wconf 81' lang='lat' dir='ltr'>inane,</span> <span class='ocrx_word' id='word_1_273' title='bbox 825 1954 849 1986; x_wconf 91' lang='lat' dir='ltr'>si</span> <span class='ocrx_word' id='word_1_274' title='bbox 864 1965 955 1986; x_wconf 82' lang='lat' dir='ltr'>secus</span> <span class='ocrx_word' id='word_1_275' title='bbox 974 1966 1026 1987; x_wconf 89' lang='lat' dir='ltr'>su-</span> 
     </span>
     <span class='ocr_line' id='line_1_55' title="bbox 284 2006 1021 2051; baseline 0.004 -13"><span class='ocrx_word' id='word_1_276' title='bbox 284 2017 342 2049; x_wconf 88' lang='lat' dir='ltr'>per</span> <span class='ocrx_word' id='word_1_277' title='bbox 362 2006 410 2039; x_wconf 82' lang='lat' dir='ltr'>his</span> <span class='ocrx_word' id='word_1_278' title='bbox 440 2018 456 2039; x_wconf 90' lang='lat' dir='ltr'>a</span> <span class='ocrx_word' id='word_1_279' title='bbox 486 2018 661 2051; x_wconf 77' lang='lat' dir='ltr'>quoquam,</span> <span class='ocrx_word' id='word_1_280' title='bbox 686 2008 795 2051; x_wconf 77' lang='lat' dir='ltr'>quavis</span> <span class='ocrx_word' id='word_1_281' title='bbox 824 2008 1021 2049; x_wconf 86' lang='lat' dir='ltr'>auctoritate,</span> 
     </span>
     <span class='ocr_line' id='line_1_56' title="bbox 285 2059 1024 2103; baseline 0.004 -12"><span class='ocrx_word' id='word_1_282' title='bbox 285 2059 421 2092; x_wconf 83' lang='lat' dir='ltr'>scienter</span> <span class='ocrx_word' id='word_1_283' title='bbox 440 2061 489 2093; x_wconf 80' lang='lat' dir='ltr'>vel</span> <span class='ocrx_word' id='word_1_284' title='bbox 521 2061 706 2103; x_wconf 71' lang='lat' dir='ltr'>ignoranter</span> <span class='ocrx_word' id='word_1_285' title='bbox 729 2061 896 2101; x_wconf 62' lang='lat' dir='ltr'>eontigerit</span> <span class='ocrx_word' id='word_1_286' title='bbox 922 2068 1024 2094; x_wconf 83' lang='lat' dir='ltr'>atten-</span> 
     </span>
     <span class='ocr_line' id='line_1_57' title="bbox 288 2113 844 2148; baseline 0.004 -3"><span class='ocrx_word' id='word_1_287' title='bbox 288 2113 344 2145; x_wconf 88' lang='lat' dir='ltr'>tari</span> <span class='ocrx_word' id='word_1_288' title='bbox 365 2114 569 2147; x_wconf 76' lang='lat' dir='ltr'>decernimus</span> <span class='ocrx_word' id='word_1_289' title='bbox 586 2120 614 2147; x_wconf 90' lang='lat' dir='ltr'>et</span> <span class='ocrx_word' id='word_1_290' title='bbox 633 2115 844 2148; x_wconf 72' lang='lat' dir='ltr'>declaramus.</span> 
     </span>
    </p>

    <p class='ocr_par' dir='ltr' id='par_1_12' title="bbox 286 2166 1030 2737">
     <span class='ocr_line' id='line_1_58' title="bbox 333 2166 1026 2209; baseline 0.004 -10"><span class='ocrx_word' id='word_1_291' title='bbox 333 2168 348 2209; x_wconf 70' lang='lat'>§</span> <span class='ocrx_word' id='word_1_292' title='bbox 367 2166 397 2199; x_wconf 83' lang='lat'>8.</span> <span class='ocrx_word' id='word_1_293' title='bbox 421 2167 489 2199; x_wconf 76' lang='lat' dir='ltr'>Non</span> <span class='ocrx_word' id='word_1_294' title='bbox 510 2168 725 2205; x_wconf 80' lang='lat' dir='ltr'>obstantibus,</span> <span class='ocrx_word' id='word_1_295' title='bbox 747 2169 1026 2203; x_wconf 79' lang='lat' dir='ltr'>ronstitutionibus</span> 
     </span>
     <span class='ocr_line' id='line_1_59' title="bbox 288 2216 1026 2263; baseline 0.007 -13"><span class='ocrx_word' id='word_1_296' title='bbox 288 2224 444 2261; x_wconf 85' lang='lat' dir='ltr'>quatenus</span> <span class='ocrx_word' id='word_1_297' title='bbox 455 2230 535 2263; x_wconf 92' lang='lat' dir='ltr'>opus</span> <span class='ocrx_word' id='word_1_298' title='bbox 554 2221 603 2261; x_wconf 84' lang='lat' dir='ltr'>sit,</span> <span class='ocrx_word' id='word_1_299' title='bbox 621 2221 720 2254; x_wconf 81' lang='lat' dir='ltr'>felicis</span> <span class='ocrx_word' id='word_1_300' title='bbox 732 2216 964 2255; x_wconf 84' lang='lat' dir='ltr'>recordationis</span> <span class='ocrx_word' id='word_1_301' title='bbox 979 2223 1026 2255; x_wconf 89' lang='lat' dir='ltr'>Pii</span> 
     </span>
     <span class='ocr_line' id='line_1_60' title="bbox 286 2272 1026 2319; baseline 0.007 -15"><span class='ocrx_word' id='word_1_302' title='bbox 286 2272 390 2315; x_wconf 84' lang='lat' dir='ltr'>Papae</span> <span class='ocrx_word' id='word_1_303' title='bbox 410 2273 446 2305; x_wconf 68' lang='lat' dir='ltr'>lv</span> <span class='ocrx_word' id='word_1_304' title='bbox 470 2275 722 2316; x_wconf 82' lang='lat' dir='ltr'>praedecessoris</span> <span class='ocrx_word' id='word_1_305' title='bbox 742 2275 852 2314; x_wconf 79' lang='lat' dir='ltr'>nostri,</span> <span class='ocrx_word' id='word_1_306' title='bbox 871 2286 928 2318; x_wconf 84' lang='lat' dir='ltr'>per</span> <span class='ocrx_word' id='word_1_307' title='bbox 948 2287 1026 2319; x_wconf 85' lang='lat' dir='ltr'>quas</span> 
     </span>
     <span class='ocr_line' id='line_1_61' title="bbox 288 2329 1026 2371; baseline 0.007 -14"><span class='ocrx_word' id='word_1_308' title='bbox 288 2336 433 2369; x_wconf 82' lang='lat' dir='ltr'>expresse</span> <span class='ocrx_word' id='word_1_309' title='bbox 454 2332 581 2360; x_wconf 84' lang='lat' dir='ltr'>cavetur</span> <span class='ocrx_word' id='word_1_310' title='bbox 601 2329 687 2371; x_wconf 90' lang='lat' dir='ltr'>quod</span> <span class='ocrx_word' id='word_1_311' title='bbox 705 2339 817 2361; x_wconf 89' lang='lat' dir='ltr'>omnes</span> <span class='ocrx_word' id='word_1_312' title='bbox 834 2334 862 2361; x_wconf 91' lang='lat' dir='ltr'>et</span> <span class='ocrx_word' id='word_1_313' title='bbox 883 2329 1026 2371; x_wconf 70' lang='lat' dir='ltr'>singulae</span> 
     </span>
     <span class='ocr_line' id='line_1_62' title="bbox 289 2378 1027 2425; baseline 0.005 -14"><span class='ocrx_word' id='word_1_314' title='bbox 289 2378 410 2412; x_wconf 79' lang='lat' dir='ltr'>litterae</span> <span class='ocrx_word' id='word_1_315' title='bbox 423 2390 478 2412; x_wconf 89' lang='lat' dir='ltr'>seu</span> <span class='ocrx_word' id='word_1_316' title='bbox 491 2381 713 2414; x_wconf 85' lang='lat' dir='ltr'>concessiones</span> <span class='ocrx_word' id='word_1_317' title='bbox 723 2382 928 2425; x_wconf 84' lang='lat' dir='ltr'>apostolicae.</span> <span class='ocrx_word' id='word_1_318' title='bbox 945 2393 1027 2425; x_wconf 88' lang='lat' dir='ltr'>quae</span> 
     </span>
     <span class='ocr_line' id='line_1_63' title="bbox 289 2433 1026 2478; baseline 0.004 -13"><span class='ocrx_word' id='word_1_319' title='bbox 289 2433 395 2476; x_wconf 88' lang='lat' dir='ltr'>aliqua</span> <span class='ocrx_word' id='word_1_320' title='bbox 406 2444 442 2465; x_wconf 85' lang='lat' dir='ltr'>ex</span> <span class='ocrx_word' id='word_1_321' title='bbox 458 2439 546 2477; x_wconf 88' lang='lat' dir='ltr'>parte</span> <span class='ocrx_word' id='word_1_322' title='bbox 559 2435 670 2478; x_wconf 73' lang='lat' dir='ltr'>quavis</span> <span class='ocrx_word' id='word_1_323' title='bbox 692 2435 831 2472; x_wconf 82' lang='lat' dir='ltr'>ratione,</span> <span class='ocrx_word' id='word_1_324' title='bbox 855 2447 911 2468; x_wconf 85' lang='lat' dir='ltr'>sen</span> <span class='ocrx_word' id='word_1_325' title='bbox 932 2436 1026 2469; x_wconf 86' lang='lat' dir='ltr'>etiam</span> 
     </span>
     <span class='ocr_line' id='line_1_64' title="bbox 289 2486 1029 2532; baseline 0.005 -14"><span class='ocrx_word' id='word_1_326' title='bbox 289 2486 408 2518; x_wconf 82' lang='lat' dir='ltr'>directe</span> <span class='ocrx_word' id='word_1_327' title='bbox 422 2487 469 2519; x_wconf 79' lang='lat' dir='ltr'>vel</span> <span class='ocrx_word' id='word_1_328' title='bbox 489 2486 653 2528; x_wconf 80' lang='lat' dir='ltr'>indirecte,</span> <span class='ocrx_word' id='word_1_329' title='bbox 670 2488 899 2532; x_wconf 77' lang='lat' dir='ltr'>principaliter,</span> <span class='ocrx_word' id='word_1_330' title='bbox 916 2500 1029 2522; x_wconf 84' lang='lat' dir='ltr'>secun-</span> 
     </span>
     <span class='ocr_line' id='line_1_65' title="bbox 289 2539 1028 2585; baseline 0.005 -14"><span class='ocrx_word' id='word_1_331' title='bbox 289 2539 376 2572; x_wconf 87' lang='lat' dir='ltr'>darie</span> <span class='ocrx_word' id='word_1_332' title='bbox 397 2540 443 2572; x_wconf 63' lang='grc'>161</span> <span class='ocrx_word' id='word_1_333' title='bbox 456 2541 631 2574; x_wconf 69' lang='grc'><strong>3666550116</strong></span> <span class='ocrx_word' id='word_1_334' title='bbox 645 2547 697 2574; x_wconf 87' lang='grc'><strong>3111</strong></span> <span class='ocrx_word' id='word_1_335' title='bbox 709 2542 786 2574; x_wconf 85' lang='lat' dir='ltr'>alias</span> <span class='ocrx_word' id='word_1_336' title='bbox 800 2542 911 2585; x_wconf 86' lang='lat' dir='ltr'>quovis</span> <span class='ocrx_word' id='word_1_337' title='bbox 931 2544 1028 2576; x_wconf 91' lang='lat' dir='ltr'>modo</span> 
     </span>
     <span class='ocr_line' id='line_1_66' title="bbox 289 2593 1030 2639; baseline 0.004 -13"><span class='ocrx_word' id='word_1_338' title='bbox 289 2594 440 2627; x_wconf 82' lang='lat' dir='ltr'>Gamerae</span> <span class='ocrx_word' id='word_1_339' title='bbox 460 2593 668 2638; x_wconf 62' lang='lat' dir='ltr'>Apostolicae‘</span> <span class='ocrx_word' id='word_1_340' title='bbox 681 2596 916 2639; x_wconf 82' lang='lat' dir='ltr'>qualecumque</span> <span class='ocrx_word' id='word_1_341' title='bbox 937 2596 1030 2629; x_wconf 92' lang='lat' dir='ltr'>mini-</span> 
     </span>
     <span class='ocr_line' id='line_1_67' title="bbox 290 2647 1030 2692; baseline 0.004 -12"><span class='ocrx_word' id='word_1_342' title='bbox 290 2658 379 2680; x_wconf 89' lang='lat' dir='ltr'>mum</span> <span class='ocrx_word' id='word_1_343' title='bbox 400 2647 633 2691; x_wconf 85' lang='lat' dir='ltr'>praeiudicium</span> <span class='ocrx_word' id='word_1_344' title='bbox 653 2649 700 2681; x_wconf 86' lang='lat' dir='ltr'>vel</span> <span class='ocrx_word' id='word_1_345' title='bbox 733 2649 894 2688; x_wconf 84' lang='lat' dir='ltr'>interesse,</span> <span class='ocrx_word' id='word_1_346' title='bbox 918 2661 1030 2692; x_wconf 72' lang='lat' dir='ltr'>grava-</span> 
     </span>
     <span class='ocr_line' id='line_1_68' title="bbox 290 2702 1030 2737; baseline 0.004 -3"><span class='ocrx_word' id='word_1_347' title='bbox 290 2712 364 2735; x_wconf 88' lang='lat' dir='ltr'>men</span> <span class='ocrx_word' id='word_1_348' title='bbox 384 2712 441 2735; x_wconf 88' lang='lat' dir='ltr'>seu</span> <span class='ocrx_word' id='word_1_349' title='bbox 461 2702 689 2736; x_wconf 78' lang='lat' dir='ltr'>detrimentum</span> <span class='ocrx_word' id='word_1_350' title='bbox 707 2714 902 2737; x_wconf 85' lang='lat' dir='ltr'>concernere</span> <span class='ocrx_word' id='word_1_351' title='bbox 922 2714 1030 2737; x_wconf 84' lang='lat' dir='ltr'>cense-</span> 
     </span>
    </p>
   </div>
   <div class='ocr_carea' id='block_1_12' title="bbox 1056 981 1804 2585">
    <p class='ocr_par' dir='ltr' id='par_1_13' title="bbox 1056 981 1803 1887">
     <span class='ocr_line' id='line_1_69' title="bbox 1056 981 1799 1026; baseline -0.003 -11"><span class='ocrx_word' id='word_1_352' title='bbox 1056 983 1130 1015; x_wconf 82' lang='lat' dir='ltr'>dicti</span> <span class='ocrx_word' id='word_1_353' title='bbox 1152 989 1202 1015; x_wconf 91' lang='lat' dir='ltr'>aut</span> <span class='ocrx_word' id='word_1_354' title='bbox 1226 983 1277 1016; x_wconf 90' lang='lat' dir='ltr'>alii</span> <span class='ocrx_word' id='word_1_355' title='bbox 1299 983 1331 1015; x_wconf 92' lang='lat' dir='ltr'>in</span> <span class='ocrx_word' id='word_1_356' title='bbox 1364 982 1545 1026; x_wconf 81' lang='lat' dir='ltr'>praemissis</span> <span class='ocrx_word' id='word_1_357' title='bbox 1570 981 1721 1014; x_wconf 84' lang='lat' dir='ltr'>interesse</span> <span class='ocrx_word' id='word_1_358' title='bbox 1742 981 1799 1013; x_wconf 91' lang='lat' dir='ltr'>ha-</span> 
     </span>
     <span class='ocr_line' id='line_1_70' title="bbox 1056 1033 1801 1079; baseline -0.003 -12"><span class='ocrx_word' id='word_1_359' title='bbox 1056 1035 1166 1068; x_wconf 77' lang='lat' dir='ltr'>bentes</span> <span class='ocrx_word' id='word_1_360' title='bbox 1186 1036 1225 1068; x_wconf 87' lang='lat' dir='ltr'>ad</span> <span class='ocrx_word' id='word_1_361' title='bbox 1246 1040 1429 1079; x_wconf 83' lang='lat' dir='ltr'>praesentes</span> <span class='ocrx_word' id='word_1_362' title='bbox 1458 1039 1583 1066; x_wconf 84' lang='lat' dir='ltr'>nostras</span> <span class='ocrx_word' id='word_1_363' title='bbox 1606 1033 1743 1072; x_wconf 86' lang='lat' dir='ltr'>litteras,</span> <span class='ocrx_word' id='word_1_364' title='bbox 1768 1039 1801 1066; x_wconf 83' lang='lat' dir='ltr'>ut</span> 
     </span>
     <span class='ocr_line' id='line_1_71' title="bbox 1057 1087 1801 1132; baseline -0.003 -11"><span class='ocrx_word' id='word_1_365' title='bbox 1057 1089 1271 1132; x_wconf 87' lang='lat' dir='ltr'>praemittitur</span> <span class='ocrx_word' id='word_1_366' title='bbox 1290 1088 1539 1132; x_wconf 86' lang='lat' dir='ltr'>praesentandas</span> <span class='ocrx_word' id='word_1_367' title='bbox 1569 1093 1597 1120; x_wconf 82' lang='lat' dir='ltr'>et</span> <span class='ocrx_word' id='word_1_368' title='bbox 1630 1087 1801 1129; x_wconf 60' lang='grc'><strong>1631511311-</strong></span> 
     </span>
     <span class='ocr_line' id='line_1_72' title="bbox 1057 1142 1799 1186; baseline -0.003 -12"><span class='ocrx_word' id='word_1_369' title='bbox 1057 1142 1112 1174; x_wconf 83' lang='grc'><strong>(135</strong></span> <span class='ocrx_word' id='word_1_370' title='bbox 1133 1142 1214 1174; x_wconf 89' lang='lat' dir='ltr'>iul&#39;ra</span> <span class='ocrx_word' id='word_1_371' title='bbox 1226 1142 1437 1186; x_wconf 77' lang='lat' dir='ltr'>praedictum,</span> <span class='ocrx_word' id='word_1_372' title='bbox 1454 1147 1486 1174; x_wconf 86' lang='grc'>111</span> <span class='ocrx_word' id='word_1_373' title='bbox 1503 1142 1691 1185; x_wconf 73' lang='lat' dir='ltr'>praelertur,</span> <span class='ocrx_word' id='word_1_374' title='bbox 1707 1151 1799 1184; x_wconf 87' lang='lat' dir='ltr'>prae-</span> 
     </span>
     <span class='ocr_line' id='line_1_73' title="bbox 1058 1194 1801 1239; baseline -0.004 -10"><span class='ocrx_word' id='word_1_375' title='bbox 1058 1199 1155 1230; x_wconf 82' lang='lat' dir='ltr'>fixum</span> <span class='ocrx_word' id='word_1_376' title='bbox 1176 1197 1224 1229; x_wconf 76' lang='lat' dir='ltr'>vel</span> <span class='ocrx_word' id='word_1_377' title='bbox 1245 1196 1380 1239; x_wconf 70' lang='lat' dir='ltr'>quodvis</span> <span class='ocrx_word' id='word_1_378' title='bbox 1401 1195 1487 1228; x_wconf 89' lang='lat' dir='ltr'>aliud</span> <span class='ocrx_word' id='word_1_379' title='bbox 1519 1201 1644 1238; x_wconf 85' lang='lat' dir='ltr'>tempus</span> <span class='ocrx_word' id='word_1_380' title='bbox 1668 1194 1801 1227; x_wconf 85' lang='lat' dir='ltr'>minime</span> 
     </span>
     <span class='ocr_line' id='line_1_74' title="bbox 1058 1248 1801 1293; baseline -0.005 -9"><span class='ocrx_word' id='word_1_381' title='bbox 1058 1256 1237 1289; x_wconf 87' lang='lat' dir='ltr'>teneantur,</span> <span class='ocrx_word' id='word_1_382' title='bbox 1254 1260 1312 1283; x_wconf 87' lang='lat' dir='ltr'>nec</span> <span class='ocrx_word' id='word_1_383' title='bbox 1331 1250 1463 1282; x_wconf 87' lang='lat' dir='ltr'>eaedem</span> <span class='ocrx_word' id='word_1_384' title='bbox 1478 1254 1661 1293; x_wconf 87' lang='lat' dir='ltr'>praesentes</span> <span class='ocrx_word' id='word_1_385' title='bbox 1678 1248 1801 1281; x_wconf 89' lang='lat' dir='ltr'>litterae</span> 
     </span>
     <span class='ocr_line' id='line_1_75' title="bbox 1058 1302 1799 1346; baseline -0.003 -9"><span class='ocrx_word' id='word_1_386' title='bbox 1058 1311 1185 1337; x_wconf 89' lang='lat' dir='ltr'>nostrae</span> <span class='ocrx_word' id='word_1_387' title='bbox 1206 1304 1246 1336; x_wconf 93' lang='lat' dir='ltr'>ob</span> <span class='ocrx_word' id='word_1_388' title='bbox 1267 1303 1395 1336; x_wconf 88' lang='lat' dir='ltr'>illarum</span> <span class='ocrx_word' id='word_1_389' title='bbox 1420 1314 1484 1335; x_wconf 92' lang='lat' dir='ltr'>non</span> <span class='ocrx_word' id='word_1_390' title='bbox 1510 1302 1799 1346; x_wconf 86' lang='lat' dir='ltr'>praesentationem</span> 
     </span>
     <span class='ocr_line' id='line_1_76' title="bbox 1058 1357 1803 1400; baseline -0.001 -9"><span class='ocrx_word' id='word_1_391' title='bbox 1058 1370 1115 1391; x_wconf 89' lang='lat' dir='ltr'>uec</span> <span class='ocrx_word' id='word_1_392' title='bbox 1136 1358 1391 1400; x_wconf 73' lang='lat' dir='ltr'>registrationem</span> <span class='ocrx_word' id='word_1_393' title='bbox 1414 1357 1609 1394; x_wconf 76' lang='lat' dir='ltr'>huiusmodi,</span> <span class='ocrx_word' id='word_1_394' title='bbox 1625 1357 1730 1389; x_wconf 89' lang='lat' dir='ltr'>nullae</span> <span class='ocrx_word' id='word_1_395' title='bbox 1749 1364 1803 1390; x_wconf 84' lang='lat' dir='ltr'>aut</span> 
     </span>
     <span class='ocr_line' id='line_1_77' title="bbox 1059 1410 1802 1454; baseline -0.001 -10"><span class='ocrx_word' id='word_1_396' title='bbox 1059 1411 1215 1444; x_wconf 75' lang='lat' dir='ltr'>invalidae</span> <span class='ocrx_word' id='word_1_397' title='bbox 1236 1411 1297 1444; x_wconf 87' lang='lat' dir='ltr'>dici</span> <span class='ocrx_word' id='word_1_398' title='bbox 1315 1416 1367 1444; x_wconf 87' lang='lat' dir='ltr'>aut</span> <span class='ocrx_word' id='word_1_399' title='bbox 1386 1411 1508 1443; x_wconf 76' lang='lat' dir='ltr'>censeri</span> <span class='ocrx_word' id='word_1_400' title='bbox 1527 1410 1659 1454; x_wconf 76' lang='lat' dir='ltr'>possint.</span> <span class='ocrx_word' id='word_1_401' title='bbox 1677 1411 1733 1443; x_wconf 85' lang='lat' dir='ltr'>sed</span> <span class='ocrx_word' id='word_1_402' title='bbox 1750 1421 1802 1443; x_wconf 75' lang='lat' dir='ltr'>va-</span> 
     </span>
     <span class='ocr_line' id='line_1_78' title="bbox 1059 1465 1801 1507; baseline -0.001 -9"><span class='ocrx_word' id='word_1_403' title='bbox 1059 1466 1141 1498; x_wconf 88' lang='lat' dir='ltr'>lidae</span> <span class='ocrx_word' id='word_1_404' title='bbox 1160 1472 1187 1499; x_wconf 89' lang='lat' dir='ltr'>et</span> <span class='ocrx_word' id='word_1_405' title='bbox 1207 1466 1351 1499; x_wconf 84' lang='lat' dir='ltr'>efficaces</span> <span class='ocrx_word' id='word_1_406' title='bbox 1363 1465 1510 1499; x_wconf 82' lang='lat' dir='ltr'>existant:</span> <span class='ocrx_word' id='word_1_407' title='bbox 1526 1465 1711 1507; x_wconf 86' lang='lat' dir='ltr'>eisdemque</span> <span class='ocrx_word' id='word_1_408' title='bbox 1725 1475 1801 1497; x_wconf 85' lang='lat' dir='ltr'>con-</span> 
     </span>
     <span class='ocr_line' id='line_1_79' title="bbox 1059 1517 1802 1562; baseline -0.001 -12"><span class='ocrx_word' id='word_1_409' title='bbox 1059 1519 1185 1551; x_wconf 77' lang='lat' dir='ltr'>siliariis</span> <span class='ocrx_word' id='word_1_410' title='bbox 1205 1525 1232 1551; x_wconf 86' lang='lat' dir='ltr'>et</span> <span class='ocrx_word' id='word_1_411' title='bbox 1264 1519 1384 1562; x_wconf 86' lang='lat' dir='ltr'>populo</span> <span class='ocrx_word' id='word_1_412' title='bbox 1413 1517 1579 1557; x_wconf 57' lang='lat' dir='ltr'>sufflat-*tui</span> <span class='ocrx_word' id='word_1_413' title='bbox 1612 1517 1750 1550; x_wconf 84' lang='lat' dir='ltr'>debeant</span> <span class='ocrx_word' id='word_1_414' title='bbox 1771 1517 1802 1550; x_wconf 91' lang='lat' dir='ltr'>in</span> 
     </span>
     <span class='ocr_line' id='line_1_80' title="bbox 1059 1572 1802 1617; baseline -0.003 -11"><span class='ocrx_word' id='word_1_415' title='bbox 1059 1573 1209 1606; x_wconf 90' lang='lat' dir='ltr'>omnibns</span> <span class='ocrx_word' id='word_1_416' title='bbox 1220 1580 1249 1606; x_wconf 88' lang='lat' dir='ltr'>et</span> <span class='ocrx_word' id='word_1_417' title='bbox 1268 1584 1324 1617; x_wconf 86' lang='lat' dir='ltr'>per</span> <span class='ocrx_word' id='word_1_418' title='bbox 1341 1573 1460 1609; x_wconf 78' lang='lat' dir='ltr'>onmia,</span> <span class='ocrx_word' id='word_1_419' title='bbox 1477 1572 1610 1616; x_wconf 83' lang='lat' dir='ltr'>perinde</span> <span class='ocrx_word' id='word_1_420' title='bbox 1628 1583 1663 1605; x_wconf 88' lang='lat' dir='ltr'>ac</span> <span class='ocrx_word' id='word_1_421' title='bbox 1677 1572 1701 1604; x_wconf 89' lang='lat' dir='ltr'>si</span> <span class='ocrx_word' id='word_1_422' title='bbox 1722 1572 1802 1604; x_wconf 75' lang='lat' dir='ltr'>infra</span> 
     </span>
     <span class='ocr_line' id='line_1_81' title="bbox 1059 1626 1802 1670; baseline -0.001 -11"><span class='ocrx_word' id='word_1_423' title='bbox 1059 1633 1185 1670; x_wconf 90' lang='lat' dir='ltr'>tempus</span> <span class='ocrx_word' id='word_1_424' title='bbox 1196 1627 1373 1670; x_wconf 82' lang='lat' dir='ltr'>praefixum</span> <span class='ocrx_word' id='word_1_425' title='bbox 1387 1626 1571 1659; x_wconf 89' lang='lat' dir='ltr'>huiusmodi</span> <span class='ocrx_word' id='word_1_426' title='bbox 1584 1630 1802 1669; x_wconf 80' lang='lat' dir='ltr'>praesentatae</span> 
     </span>
     <span class='ocr_line' id='line_1_82' title="bbox 1060 1679 1803 1723; baseline -0.004 -9"><span class='ocrx_word' id='word_1_427' title='bbox 1060 1687 1087 1714; x_wconf 87' lang='lat' dir='ltr'>et</span> <span class='ocrx_word' id='word_1_428' title='bbox 1110 1681 1295 1723; x_wconf 63' lang='lat' dir='ltr'>registi-atae</span> <span class='ocrx_word' id='word_1_429' title='bbox 1316 1681 1462 1717; x_wconf 81' lang='lat' dir='ltr'>t&#39;uissent;</span> <span class='ocrx_word' id='word_1_430' title='bbox 1485 1686 1515 1713; x_wconf 90' lang='lat' dir='ltr'>et</span> <span class='ocrx_word' id='word_1_431' title='bbox 1546 1679 1710 1723; x_wconf 70' lang='lat' dir='ltr'>quibusvis</span> <span class='ocrx_word' id='word_1_432' title='bbox 1734 1679 1803 1712; x_wconf 87' lang='lat' dir='ltr'>aliis</span> 
     </span>
     <span class='ocr_line' id='line_1_83' title="bbox 1060 1734 1803 1777; baseline -0.001 -10"><span class='ocrx_word' id='word_1_433' title='bbox 1060 1735 1338 1768; x_wconf 79' lang='lat' dir='ltr'>constitutionibus</span> <span class='ocrx_word' id='word_1_434' title='bbox 1376 1741 1403 1767; x_wconf 83' lang='grc'>61</span> <span class='ocrx_word' id='word_1_435' title='bbox 1434 1734 1691 1768; x_wconf 83' lang='lat' dir='ltr'>ordinationibus</span> <span class='ocrx_word' id='word_1_436' title='bbox 1727 1744 1803 1777; x_wconf 88' lang='lat' dir='ltr'>apo-</span> 
     </span>
     <span class='ocr_line' id='line_1_84' title="bbox 1059 1787 1802 1832; baseline -0.004 -9"><span class='ocrx_word' id='word_1_437' title='bbox 1059 1789 1179 1823; x_wconf 82' lang='lat' dir='ltr'>stolicis</span> <span class='ocrx_word' id='word_1_438' title='bbox 1217 1789 1415 1832; x_wconf 84' lang='lat' dir='ltr'>caeterisque</span> <span class='ocrx_word' id='word_1_439' title='bbox 1459 1788 1626 1821; x_wconf 78' lang='lat' dir='ltr'>contrariis</span> <span class='ocrx_word' id='word_1_440' title='bbox 1668 1787 1802 1831; x_wconf 87' lang='lat' dir='ltr'>quibus-</span> 
     </span>
     <span class='ocr_line' id='line_1_85' title="bbox 1060 1854 1209 1887; baseline -0.007 -10"><span class='ocrx_word' id='word_1_441' title='bbox 1060 1854 1209 1887; x_wconf 85' lang='lat' dir='ltr'>cumque.</span> 
     </span>
    </p>

    <p class='ocr_par' dir='ltr' id='par_1_14' title="bbox 1060 1896 1804 2367">
     <span class='ocr_line' id='line_1_86' title="bbox 1104 1896 1803 1940; baseline -0.003 -10"><span class='ocrx_word' id='word_1_442' title='bbox 1104 1899 1118 1939; x_wconf 64' lang='grc' dir='ltr'>ξ</span> <span class='ocrx_word' id='word_1_443' title='bbox 1139 1898 1169 1931; x_wconf 81' lang='grc'>9.</span> <span class='ocrx_word' id='word_1_444' title='bbox 1194 1898 1347 1930; x_wconf 65' lang='lat' dir='ltr'>Volumus</span> <span class='ocrx_word' id='word_1_445' title='bbox 1366 1903 1473 1930; x_wconf 86' lang='lat' dir='ltr'>autem</span> <span class='ocrx_word' id='word_1_446' title='bbox 1503 1897 1590 1940; x_wconf 87' lang='lat' dir='ltr'>quod</span> <span class='ocrx_word' id='word_1_447' title='bbox 1616 1896 1803 1929; x_wconf 87' lang='lat' dir='ltr'>earumdem</span> 
     </span>
     <span class='ocr_line' id='line_1_87' title="bbox 1060 1949 1804 1995; baseline -0.004 -11"><span class='ocrx_word' id='word_1_448' title='bbox 1060 1951 1275 1995; x_wconf 85' lang='lat' dir='ltr'>praesentium</span> <span class='ocrx_word' id='word_1_449' title='bbox 1296 1950 1606 1993; x_wconf 68' lang='lat' dir='ltr'>litterarum0copiis‚</span> <span class='ocrx_word' id='word_1_450' title='bbox 1630 1949 1725 1982; x_wconf 87' lang='lat' dir='ltr'>etiam</span> <span class='ocrx_word' id='word_1_451' title='bbox 1745 1950 1804 1982; x_wconf 84' lang='lat' dir='ltr'>iin-</span> 
     </span>
     <span class='ocr_line' id='line_1_88' title="bbox 1060 2000 1800 2048; baseline -0.003 -11"><span class='ocrx_word' id='word_1_452' title='bbox 1060 2005 1187 2048; x_wconf 76' lang='lat' dir='ltr'>pressis,</span> <span class='ocrx_word' id='word_1_453' title='bbox 1212 2015 1310 2037; x_wconf 87' lang='lat' dir='ltr'>manu</span> <span class='ocrx_word' id='word_1_454' title='bbox 1327 2004 1442 2037; x_wconf 89' lang='lat' dir='ltr'>notarii</span> <span class='ocrx_word' id='word_1_455' title='bbox 1462 2003 1583 2047; x_wconf 79' lang='lat' dir='ltr'>publici</span> <span class='ocrx_word' id='word_1_456' title='bbox 1603 2000 1800 2047; x_wconf 79' lang='lat' dir='ltr'>subscriptis,</span> 
     </span>
     <span class='ocr_line' id='line_1_89' title="bbox 1060 2057 1804 2101; baseline -0.003 -9"><span class='ocrx_word' id='word_1_457' title='bbox 1060 2065 1088 2092; x_wconf 86' lang='lat' dir='ltr'>ct</span> <span class='ocrx_word' id='word_1_458' title='bbox 1109 2059 1213 2101; x_wconf 72' lang='lat' dir='ltr'>sigillo</span> <span class='ocrx_word' id='word_1_459' title='bbox 1234 2058 1368 2091; x_wconf 84' lang='lat' dir='ltr'>alicuius</span> <span class='ocrx_word' id='word_1_460' title='bbox 1400 2068 1555 2101; x_wconf 86' lang='lat' dir='ltr'>personae</span> <span class='ocrx_word' id='word_1_461' title='bbox 1587 2057 1618 2089; x_wconf 93' lang='lat' dir='ltr'>in</span> <span class='ocrx_word' id='word_1_462' title='bbox 1651 2057 1804 2099; x_wconf 72' lang='lat' dir='ltr'>dignitate</span> 
     </span>
     <span class='ocr_line' id='line_1_90' title="bbox 1061 2110 1801 2150; baseline -0.003 -6"><span class='ocrx_word' id='word_1_463' title='bbox 1061 2111 1274 2145; x_wconf 82' lang='lat' dir='ltr'>ecclesiastica</span> <span class='ocrx_word' id='word_1_464' title='bbox 1304 2111 1493 2144; x_wconf 88' lang='lat' dir='ltr'>constitutae</span> <span class='ocrx_word' id='word_1_465' title='bbox 1524 2110 1665 2150; x_wconf 87' lang='lat' dir='ltr'>munitis,</span> <span class='ocrx_word' id='word_1_466' title='bbox 1689 2111 1801 2143; x_wconf 87' lang='lat' dir='ltr'>eadem</span> 
     </span>
     <span class='ocr_line' id='line_1_91' title="bbox 1060 2163 1802 2210; baseline -0.004 -11"><span class='ocrx_word' id='word_1_467' title='bbox 1060 2177 1191 2210; x_wconf 88' lang='lat' dir='ltr'>prorsus</span> <span class='ocrx_word' id='word_1_468' title='bbox 1211 2166 1302 2201; x_wconf 76' lang='lat' dir='ltr'>fides,</span> <span class='ocrx_word' id='word_1_469' title='bbox 1326 2165 1358 2197; x_wconf 92' lang='lat' dir='ltr'>in</span> <span class='ocrx_word' id='word_1_470' title='bbox 1380 2164 1497 2197; x_wconf 85' lang='lat' dir='ltr'>iudicio</span> <span class='ocrx_word' id='word_1_471' title='bbox 1529 2170 1557 2196; x_wconf 89' lang='lat' dir='ltr'>ct</span> <span class='ocrx_word' id='word_1_472' title='bbox 1589 2170 1686 2199; x_wconf 80' lang='lat' dir='ltr'>extra.</span> <span class='ocrx_word' id='word_1_473' title='bbox 1710 2163 1802 2197; x_wconf 88' lang='lat' dir='ltr'>adhi-</span> 
     </span>
     <span class='ocr_line' id='line_1_92' title="bbox 1060 2217 1803 2262; baseline -0.003 -10"><span class='ocrx_word' id='word_1_474' title='bbox 1060 2220 1184 2256; x_wconf 83' lang='lat' dir='ltr'>beatur,</span> <span class='ocrx_word' id='word_1_475' title='bbox 1208 2229 1290 2261; x_wconf 90' lang='lat' dir='ltr'>quae</span> <span class='ocrx_word' id='word_1_476' title='bbox 1311 2218 1451 2262; x_wconf 85' lang='lat' dir='ltr'>ipsismet</span> <span class='ocrx_word' id='word_1_477' title='bbox 1472 2217 1695 2261; x_wconf 77' lang='lat' dir='ltr'>praesentilms</span> <span class='ocrx_word' id='word_1_478' title='bbox 1719 2217 1803 2250; x_wconf 85' lang='lat' dir='ltr'>litte·</span> 
     </span>
     <span class='ocr_line' id='line_1_93' title="bbox 1061 2270 1803 2309; baseline -0.004 -3"><span class='ocrx_word' id='word_1_479' title='bbox 1061 2274 1104 2306; x_wconf 85' lang='lat' dir='ltr'>ris</span> <span class='ocrx_word' id='word_1_480' title='bbox 1124 2272 1240 2306; x_wconf 91' lang='lat' dir='ltr'>nostris</span> <span class='ocrx_word' id='word_1_481' title='bbox 1261 2272 1478 2309; x_wconf 70' lang='lat' dir='ltr'>adhibcietur,</span> <span class='ocrx_word' id='word_1_482' title='bbox 1499 2271 1523 2303; x_wconf 91' lang='lat' dir='ltr'>si</span> <span class='ocrx_word' id='word_1_483' title='bbox 1541 2271 1670 2303; x_wconf 89' lang='lat' dir='ltr'>realiter</span> <span class='ocrx_word' id='word_1_484' title='bbox 1689 2276 1719 2303; x_wconf 90' lang='lat' dir='ltr'>et</span> <span class='ocrx_word' id='word_1_485' title='bbox 1739 2270 1803 2303; x_wconf 89' lang='lat' dir='ltr'>ori-</span> 
     </span>
     <span class='ocr_line' id='line_1_94' title="bbox 1061 2325 1778 2367; baseline -0.003 -9"><span class='ocrx_word' id='word_1_486' title='bbox 1061 2327 1208 2367; x_wconf 65' lang='lat' dir='ltr'>ginaliter</span> <span class='ocrx_word' id='word_1_487' title='bbox 1228 2325 1454 2358; x_wconf 79' lang='lat' dir='ltr'>exhiberentur</span> <span class='ocrx_word' id='word_1_488' title='bbox 1473 2330 1503 2357; x_wconf 89' lang='lat' dir='ltr'>et</span> <span class='ocrx_word' id='word_1_489' title='bbox 1522 2325 1778 2357; x_wconf 86' lang='lat' dir='ltr'>ostenderentur.</span> 
     </span>
    </p>

    <p class='ocr_par' dir='ltr' id='par_1_15' title="bbox 1062 2378 1804 2530">
     <span class='ocr_line' id='line_1_95' title="bbox 1106 2378 1802 2417; baseline -0.004 -4"><span class='ocrx_word' id='word_1_490' title='bbox 1106 2381 1219 2414; x_wconf 81' lang='lat' dir='ltr'>Datum</span> <span class='ocrx_word' id='word_1_491' title='bbox 1238 2379 1360 2412; x_wconf 84' lang='lat' dir='ltr'>Romae</span> <span class='ocrx_word' id='word_1_492' title='bbox 1380 2378 1412 2411; x_wconf 91' lang='lat' dir='ltr'>in</span> <span class='ocrx_word' id='word_1_493' title='bbox 1433 2379 1537 2411; x_wconf 87' lang='lat' dir='ltr'>Monte</span> <span class='ocrx_word' id='word_1_494' title='bbox 1556 2378 1723 2417; x_wconf 80' lang='lat' dir='ltr'>Quirinali,</span> <span class='ocrx_word' id='word_1_495' title='bbox 1744 2378 1802 2411; x_wconf 86' lang='lat' dir='ltr'>sub</span> 
     </span>
     <span class='ocr_line' id='line_1_96' title="bbox 1062 2432 1804 2476; baseline -0.003 -10"><span class='ocrx_word' id='word_1_496' title='bbox 1062 2434 1182 2466; x_wconf 88' lang='lat' dir='ltr'>annulo</span> <span class='ocrx_word' id='word_1_497' title='bbox 1212 2432 1401 2470; x_wconf 82' lang='lat' dir='ltr'>Piscatoris,</span> <span class='ocrx_word' id='word_1_498' title='bbox 1444 2432 1494 2465; x_wconf 89' lang='lat' dir='ltr'>die</span> <span class='ocrx_word' id='word_1_499' title='bbox 1527 2443 1584 2466; x_wconf 84' lang='lat' dir='ltr'>xttt</span> <span class='ocrx_word' id='word_1_500' title='bbox 1614 2432 1804 2476; x_wconf 89' lang='lat' dir='ltr'>septembris</span> 
     </span>
     <span class='ocr_line' id='line_1_97' title="bbox 1062 2486 1734 2530; baseline -0.003 -9"><span class='ocrx_word' id='word_1_501' title='bbox 1062 2497 1236 2525; x_wconf 77' lang='lat' dir='ltr'>MDLxxx1x‚</span> <span class='ocrx_word' id='word_1_502' title='bbox 1260 2486 1463 2530; x_wconf 85' lang='lat' dir='ltr'>pontificatus</span> <span class='ocrx_word' id='word_1_503' title='bbox 1482 2487 1581 2519; x_wconf 89' lang='lat' dir='ltr'>nostri</span> <span class='ocrx_word' id='word_1_504' title='bbox 1600 2497 1684 2519; x_wconf 92' lang='lat' dir='ltr'>anno</span> <span class='ocrx_word' id='word_1_505' title='bbox 1705 2497 1734 2518; x_wconf 79' lang='lat' dir='ltr'>v.</span> 
     </span>
    </p>

    <p class='ocr_par' dir='ltr' id='par_1_16' title="bbox 1100 2549 1754 2585">
     <span class='ocr_line' id='line_1_98' title="bbox 1100 2549 1754 2585; baseline 0.002 -9"><span class='ocrx_word' id='word_1_506' title='bbox 1100 2549 1158 2576; x_wconf 82' lang='lat' dir='ltr'>Dat.</span> <span class='ocrx_word' id='word_1_507' title='bbox 1179 2549 1222 2575; x_wconf 86' lang='lat' dir='ltr'>die</span> <span class='ocrx_word' id='word_1_508' title='bbox 1244 2549 1276 2576; x_wconf 83' lang='lat'>13</span> <span class='ocrx_word' id='word_1_509' title='bbox 1295 2549 1456 2584; x_wconf 84' lang='lat' dir='ltr'>septembris</span> <span class='ocrx_word' id='word_1_510' title='bbox 1472 2549 1550 2583; x_wconf 81' lang='lat'><strong>1589,</strong></span> <span class='ocrx_word' id='word_1_511' title='bbox 1571 2553 1646 2585; x_wconf 89' lang='lat' dir='ltr'>pont.</span> <span class='ocrx_word' id='word_1_512' title='bbox 1667 2558 1710 2576; x_wconf 77' lang='lat' dir='ltr'>an.</span> <span class='ocrx_word' id='word_1_513' title='bbox 1728 2556 1754 2577; x_wconf 84' lang='lat' dir='ltr'>v.</span> 
     </span>
    </p>
   </div>
   <div class='ocr_carea' id='block_1_13' title="bbox 1818 1912 2003 1959">
    <p class='ocr_par' dir='ltr' id='par_1_17' title="bbox 1818 1912 2003 1959">
     <span class='ocr_line' id='line_1_99' title="bbox 1859 1912 2002 1936; baseline -0.007 -5"><span class='ocrx_word' id='word_1_514' title='bbox 1859 1912 2002 1936; x_wconf 71' lang='lat' dir='ltr'>Trau=umptis</span> 
     </span>
     <span class='ocr_line' id='line_1_100' title="bbox 1818 1938 2003 1959; baseline -0.022 1"><span class='ocrx_word' id='word_1_515' title='bbox 1818 1938 1939 1959; x_wconf 55' lang='lat' dir='ltr'>adhibenda</span> <span class='ocrx_word' id='word_1_516' title='bbox 1951 1938 2003 1957; x_wconf 74' lang='grc'><strong>111165</strong></span> 
     </span>
    </p>
   </div>
  </div>
 </body>
</html>
