2226 3070
195 277 246 304 An<
265 278 289 303 C.
313 277 379 305 1590

443 266 502 299 180
1036 275 1218 299 nocmmou
1239 275 1390 299 noMANUM
1959 276 2009 304 An.
2028 277 2056 305 C.
2073 277 2141 306 ¹590

392 333 551 371 quatenus
562 339 644 372 opus
658 329 765 369 suerit,
784 328 964 366 inhibendi,
977 334 1004 360 et
1026 338 1146 370 poenas

393 392 505 414 eorum
536 382 671 414 arbitrio
708 381 910 425 pecuniarias
941 380 1143 423 iniungendi,

392 440 488 477 atque
506 435 544 467 ad
566 435 695 467 illarum
719 435 868 467 incursus
889 433 1143 466 declarationem

393 493 423 519 ct
443 488 680 526 executionem,
701 487 788 519 emm
810 492 840 519 et
860 497 1067 529 quacumque
1088 498 1145 530 ap-

393 541 566 585 pellatione
601 541 729 584 penitus
764 545 900 579 remota,
933 540 1143 582 procedendi.

392 595 588 638 procedique
610 594 783 626 mandandi
805 599 836 626 et
850 593 1001 633 faciendi,
1017 593 1146 637 aliaque

392 648 571 681 necessaria
593 653 619 679 et
643 652 841 690 opportuna,
870 647 969 680 etiam
990 647 1145 690 privative

391 712 455 744 quo
476 702 515 733 ad
540 711 766 744 quoscumque
781 700 905 733 iudices
927 706 957 732 et
977 700 1143 741 officiales,

390 754 522 796 gerendi
544 760 574 787 et
595 753 787 797 exequendi,
811 754 940 797 plenam
959 759 986 786 et
1011 753 1145 786 liberam

391 807 574 840 facultatem
606 812 764 850 perpetuo
794 807 1004 840 concedimus
1034 811 1064 839 et
1090 807 1147 839 im-

392 860 562 903 partimur.
602 860 633 893 Si
664 871 738 893 vero
766 861 835 903 ipsa
872 862 1079 902 congregatio
1106 861 1146 892 ob

390 924 503 946 causas
523 914 628 947 eidem
645 914 728 946 bene
753 913 833 946 visas
858 914 890 946 in
911 913 1072 957 aliquibus
1093 924 1146 946 ca-

392 967 479 1000 sibus
504 968 542 1000 ad
577 967 757 1009 graviorem
788 977 968 1010 poenarum
1000 967 1146 1000 declara-

392 1020 512 1053 tionem
530 1021 774 1065 procedendum
788 1020 926 1061 duxerit,
944 1025 1021 1053 tunc
1042 1020 1146 1053 eidem

392 1074 635 1117 congregationi
670 1074 894 1107 auctoritatem
935 1074 1170 1107 concedimus⁴

392 1128 600 1171 gubernatori
629 1128 721 1161 Urbis
750 1138 837 1161 nunc
858 1134 888 1161 et
922 1139 980 1171 pro
1002 1134 1148 1172 tempore

392 1182 553 1223 existenti,
577 1181 840 1215 committendiet
855 1182 1043 1223 mandandi,
1063 1187 1096 1214 ut
1116 1182 1147 1214 in

392 1235 580 1269 huiusmodi
602 1236 740 1276 easibus,
763 1241 855 1279 prout
880 1236 985 1269 eidem
1015 1246 1149 1279 congre-

390 1290 513 1333 gationi
530 1290 632 1323 visum
655 1290 764 1330 tuerit,
788 1295 900 1323 contra
922 1300 1149 1333 quoscumque

392 1343 619 1387 delinquentes
637 1343 675 1376 ad
697 1343 776 1375 alias
798 1353 931 1387 poenas,
959 1343 1054 1376 etiam
1080 1353 1150 1376 cor-

392 1396 481 1441 poris
506 1396 680 1436 alllictivas,
707 1395 794 1429 omni
821 1402 849 1428 et
865 1407 1073 1439 quacumque
1092 1407 1149 1440 ap-
1170 1402 1172 1419 ’ν

392 1450 568 1494 pellatione
593 1456 730 1490 remota,
754 1450 920 1493 procedat.

435 1504 449 1547 ξ
471 1504 500 1536 7.
524 1504 602 1537 Cum
624 1514 699 1537 vero
721 1504 753 1536 iu
775 1503 964 1536 huiusmodi
986 1504 1151 1548 aquaedu-

255 1567 375 1587 ¹¹=in=¹n³⁴1<=
392 1563 444 1591 ctu
463 1563 492 1591 et
511 1557 652 1590 lontibus
670 1557 912 1598 conservandis,
931 1563 962 1590 et
978 1568 1052 1590 cum
1071 1569 1153 1602 opus

200 1597 318 1612 intuentum
340 1600 376 1618 pto

192 1627 293 1652 nqaeittetlw«
305 1628 343 1650 tus,
356 1628 376 1645 ct

192 1658 277 1675 tonitium
322 1663 354 1676 rot
365 1668 376 1671 -

192 1689 315 1709 §effatione
335 1694 375 1708 as-

392 1611 464 1651 erit,
499 1610 701 1654 reparandis,
743 1611 955 1655 quamplures
987 1611 1153 1655 impensae

391 1664 593 1698 necessariae
629 1664 852 1705 futurae-sint,
881 1675 950 1705 nos,
979 1665 1017 1698 de
1043 1665 1153 1708 aliquo

391 1724 479 1752 certo
501 1724 532 1752 et
551 1719 591 1751 ad
623 1718 654 1751 id
675 1718 833 1752 destinato
864 1724 1024 1761 proventu
1046 1718 1153 1762 provi-

391 1772 468 1804 dere
489 1771 671 1815 cupientes,
694 1772 754 1804 hac
772 1771 883 1804 eadem
905 1777 1015 1804 nostra
1036 1772 1155 1805 consti-

390 1825 526 1865 tutione,
544 1836 581 1858 ac
597 1825 636 1858 de
657 1825 849 1858 eorumdem
866 1825 1005 1858 fratrum
1027 1831 1154 1859 nostro-

392 1889 464 1911 rum
485 1879 621 1911 consilio
650 1884 679 1911 et
706 1889 851 1918 assensu,
880 1879 949 1912 loca
975 1879 1154 1922 nonaginta

391 1937 420 1963 et
440 1942 542 1963 unum
559 1931 673 1963 Montis
696 1931 862 1974 religionis
888 1932 1078 1975 nuncupati,
1097 1944 1155 1976 pel·

391 1990 518 2018 nostras
543 1985 683 2028 desuper
709 1985 872 2028 expeditas
901 1985 1035 2027 litteras,
1057 1987 1153 2020 certis

392 2039 489 2071 modo
508 2044 537 2071 et
555 2039 659 2071 forma
682 2049 788 2082 nuper
809 2039 909 2080 aucti,
928 2049 1075 2072 annuum
1101 2052 1152 2073 re-

390 2091 492 2124 ditum
511 2098 680 2125 scutorum
699 2092 981 2135 sel‘itingentorum
1004 2100 1154 2127 monetae

390 2151 422 2178 et
445 2146 695 2179 bononenorum
722 2147 925 2190 septuaginta
953 2148 1154 2181 constituen-

390 2200 444 2240 tia,
465 2199 570 2233 eidem
592 2200 816 2243 aquaeductus
837 2205 867 2233 et
893 2201 1034 2233 sontium
1060 2211 1152 2245 operi

391 2264 571 2296 eorumque
592 2253 756 2287 custodiae
777 2260 808 2287 et
828 2254 1056 2287 restaurationi
1077 2266 1151 2299 per-

393 2312 490 2350 petuo
511 2307 721 2340 concedimus
742 2314 772 2341 et
802 2308 1016 2351 assignanu1s;
1045 2319 1082 2342 ea
1103 2308 1152 2341 ni-

393 2360 511 2392 mirum
533 2360 602 2403 lege
623 2366 656 2393 ut,
682 2361 787 2394 dictus
813 2372 942 2394 annuus
968 2362 1090 2395 reditus
1112 2361 1151 2394 il-

393 2413 519 2457 liusque
530 2423 597 2447 sors
612 2424 791 2457 numquam
805 2414 1032 2455 imminuatur,
1046 2425 1152 2459 neque

393 2462 425 2494 in
446 2462 526 2495 alios
546 2474 624 2495 usus
646 2469 862 2497 convertatur.
886 2464 977 2503 Quod
1004 2464 1029 2498 si
1048 2475 1151 2508 quan-

392 2511 497 2554 doque
526 2512 631 2555 ipsum
659 2523 741 2555 opus
767 2513 923 2546 resarcire
958 2524 1022 2547 non
1058 2514 1152 2547 suerit

392 2570 545 2601 necesse,
574 2567 650 2594 tunc
677 2562 839 2605 praefatus
874 2572 1000 2595 annuus
1027 2563 1152 2596 reditus

393 2608 470 2642 sorti
491 2616 666 2651 accrescat,
690 2615 720 2643 et
740 2610 772 2642 in
793 2611 990 2654 emptionem
1012 2612 1151 2644 aliorum

392 2660 540 2695 locorum
569 2660 712 2694 eiusdem
737 2660 851 2694 Montis
884 2660 917 2693 in
946 2660 1042 2694 sortis
1071 2671 1150 2703 aug-

1189 332 1334 359 mentum
1374 333 1592 360 convertatur.
1626 327 1944 362 Administrationem

1188 385 1297 413 autem
1318 380 1450 423 praefati
1474 381 1594 413 reditus
1613 387 1639 413 et
1659 382 1840 424 augmenti,
1867 393 1944 416 nec-

1188 444 1253 466 non
1279 433 1365 465 illius
1386 433 1521 466 liberam
1543 433 1787 478 dispositionem
1808 445 1895 468 nunc
1916 442 1946 469 et

1189 491 1348 530 perpetuo
1369 497 1468 530 penes
1489 487 1636 520 eamdem
1658 488 1944 531 congregationem

1188 550 1257 572 esse
1289 539 1461 580 volumus;
1494 536 1763 584 praedictumque
1805 541 1945 575 reditum

1188 594 1221 626 in
1235 600 1302 627 toto
1321 595 1370 627 vel
1386 594 1418 627 in
1432 600 1536 638 parte,
1557 595 1636 627 alias
1651 605 1748 638 quam
1766 606 1825 639 per
1841 596 1947 630 dictae

1189 648 1448 690 congregationis
1470 648 1622 681 mandata
1646 648 1844 692 depositario
1864 649 1947 683 eius-

1189 701 1261 734 dem
1279 701 1393 734 Montis
1410 712 1498 735 nune
1512 707 1542 735 et
1558 712 1617 745 pro
1635 707 1781 745 tempore
1797 702 1947 736 existenti

1189 755 1372 797 dirigenda,
1402 755 1518 799 exponi
1540 761 1571 788 et
1591 766 1650 799 per
1671 755 1796 789 dictum
1817 756 1947 800 deposi-

1190 807 1307 841 tarium
1329 808 1397 841 sine
1420 807 1564 842 eiusdem
1584 809 1948 852 congregationisman-

1189 861 1271 894 datis
1292 861 1370 894 solvi
1388 861 1523 895 omnino
1543 863 1767 905 prohibemus.

1235 915 1249 957 g
1270 914 1300 947 8.
1322 914 1484 955 Ceterum,
1509 920 1545 948 ut
1565 916 1754 959 praemissa,
1787 926 1871 960 quae
1895 916 1949 949 de·
2017 923 2147 959 VusiJutores

1190 968 1274 1001 bitae
1295 968 1478 1001 executioni
1499 969 1689 1002 demandari
1711 969 1874 1012 cupimus,
1892 981 1951 1014 per
1963 955 2148 1007 3322&ssssss

1191 1022 1317 1065 aliquos
1342 1021 1512 1064 diligentes
1536 1033 1573 1055 ac
1603 1022 1736 1055 solertes
1761 1022 1859 1064 viros,
1893 1023 1950 1067 qui
1965 1019 2014 1045 ²¹⁵⁸³
2031 1017 2095 1039 ‘'¹⁵⁰‘'

1191 1075 1268 1108 huic
1281 1075 1370 1119 operi
1384 1075 1513 1119 saepius
1528 1075 1689 1115 assistant,
1703 1082 1803 1119 prout
1815 1076 1951 1111 omnino

1169 1159 1170 1162 ,
1191 1129 1409 1162 necessarium
1429 1135 1486 1169 est,
1504 1135 1655 1162 accurate
1671 1129 1896 1173 perficiantur,
1914 1140 1951 1163 ex

1192 1193 1279 1216 nunc
1301 1183 1383 1215 duos
1404 1182 1487 1215 cives
1508 1183 1671 1216 Romanos
1691 1183 1730 1215 ad
1757 1193 1878 1217 munus
1908 1183 1952 1217 vi-

1191 1237 1350 1270 sitationis
1377 1237 1538 1269 dictorum
1565 1237 1789 1281 aquaeductus
1820 1242 1851 1271 et
1879 1238 1951 1271 fon-

1192 1290 1273 1323 tium
1304 1290 1506 1331 obeundum,
1533 1301 1669 1334 pernes
1695 1296 1725 1324 et
1749 1301 1952 1326 successores

1192 1350 1321 1377 nostros
1358 1345 1527 1377 annuatim
1560 1345 1591 1377 in
1622 1344 1785 1389 principio
1818 1345 1953 1378 cuiusli-

1193 1398 1246 1430 bet
1267 1397 1356 1438 anni,
1380 1403 1527 1442 tempore
1547 1409 1612 1441 quo
1638 1398 1736 1432 ceteri
1757 1398 1870 1441 populi
1891 1399 1953 1432 Ro-

1170 1461 1172 1476 2
1194 1451 1281 1484 mani
1302 1451 1457 1484 officiales
1483 1451 1557 1494 eligi
1590 1462 1627 1484 ac
1654 1452 1817 1495 deputari,
1845 1457 1876 1485 et
1895 1463 1954 1496 per

1194 1515 1249 1537 eos
1263 1504 1425 1537 fidelitatis
1439 1505 1659 1538 iuramentum
1676 1506 1709 1538 in
1731 1505 1881 1539 manibus
1893 1516 1953 1539 no-

1194 1558 1267 1591 stris
1288 1563 1319 1591 et
1343 1569 1569 1592 successorum
1590 1564 1776 1592 nostrorum
1803 1559 1842 1592 de
1863 1570 1954 1593 more

1196 1622 1253 1655 per
1264 1611 1344 1644 alios
1361 1611 1515 1645 officiales
1526 1612 1682 1656 praestari
1698 1612 1842 1654 solitum,
1859 1624 1952 1657 prae-

1196 1665 1275 1698 stari
1292 1665 1455 1699 volumus.
2030 1704 2034 1708 ⁴

1240 1719 1255 1763 ξ
1276 1718 1306 1751 9.
1330 1719 1451 1752 Eorum
1469 1725 1577 1753 autem
1596 1720 1811 1764 praecipuum
1834 1731 1954 1756 munus
1968 1721 2153 1774 mmmff‘ssffl'g'r‘i‘}

1196 1773 1247 1813 sit,
1259 1772 1393 1815 singulis
1406 1772 1509 1806 tribus
1525 1773 1701 1813 mensibus,
1714 1774 1814 1807 semel
1823 1775 1949 1816 saltem,
1967 1786 2003 1807 im.
2049 1759 2059 1779 Ρ

1197 1827 1302 1870 ipsum
1324 1837 1426 1870 aquae
1448 1832 1546 1870 caput
1565 1837 1623 1870 per
1643 1837 1676 1860 se
1696 1826 1782 1871 ipsos
1802 1827 1952 1869 invisere,

1196 1880 1324 1922 singula
1354 1880 1571 1923 receptacula,
1594 1890 1706 1912 omnes
1732 1887 1852 1924 portas,
1875 1892 1955 1925 quas

1197 1932 1317 1965 ibidem
1342 1933 1381 1965 ad
1407 1932 1593 1976 purgandos
1613 1932 1719 1966 alveos
1739 1933 1951 1975 extruximus,

1196 1997 1353 2029 quasque,
1367 1997 1407 2019 ne
1420 1986 1696 2030 facileirruptioni
1710 1992 1851 2030 pateant,
1868 1988 1954 2021 ferro

1198 2040 1406 2080 munivimus,
1434 2046 1616 2084 puteosque
1648 2046 1679 2073 et
1713 2041 1874 2074 foramina
1903 2040 1953 2074 in-

1195 2094 1333 2138 spicere,
1355 2094 1471 2127 deindc
1492 2094 1576 2137 ipsas
1593 2094 1815 2137 aquaeductus
1830 2100 1951 2138 partes.

1195 2159 1278 2192 quae
1303 2148 1465 2191 specubus
1494 2147 1714 2189 continentur,
1734 2154 1765 2181 ct
1784 2159 1868 2193 quae
1892 2159 1953 2183 nec

1194 2201 1351 2244 gelicidiis
1372 2212 1433 2234 nec
1448 2201 1611 2234 caloribus
1631 2202 1805 2245 expositae,
1826 2202 1904 2235 limo
1920 2202 1953 2236 in

1196 2259 1337 2287 crustam
1358 2255 1563 2295 durescente,
1586 2254 1646 2288 iter
1664 2265 1769 2298 aquae
1789 2261 1955 2290 coarctare

1195 2314 1248 2341 aut
1275 2308 1307 2341 in
1332 2308 1457 2341 alveum
1489 2308 1638 2352 delapsae
1665 2319 1781 2353 aquam
1807 2320 1955 2343 corrum-

1196 2373 1272 2406 pere
1296 2362 1502 2403 videbuntur,
1529 2362 1659 2406 saepius
1684 2363 1896 2407 perlustrare,
1923 2369 1955 2397 et

1195 2415 1346 2449 sordibus
1366 2416 1482 2459 egestis
1508 2416 1677 2460 repurgari
1708 2416 1832 2457 sacere3
1864 2422 1895 2450 et
1914 2427 1955 2450 ne

1195 2476 1291 2509 aqua,
1319 2476 1402 2509 quae
1431 2466 1520 2498 alveo
1541 2476 1600 2498 suo
1627 2464 1800 2509 purissimo
1819 2465 1952 2506 labitur,

1195 2514 1313 2558 pluviis
1334 2515 1425 2547 coelo
1447 2514 1638 2547 cadentibus
1658 2519 1711 2547 aut
1734 2514 1833 2547 humo
1853 2514 1954 2547 fluen-

1196 2564 1282 2596 tibus
1297 2563 1389 2606 aquis
1405 2563 1584 2604 inficiatur,
1602 2563 1735 2607 provide
1747 2573 1871 2605 cavere,
1889 2564 1953 2597 sor-

1195 2612 1350 2656 nicesque
1375 2622 1473 2656 supra
1495 2618 1626 2654 terram,
1651 2612 1857 2656 parietesque
1877 2612 1951 2645 uni-

1194 2672 1302 2695 versos
1320 2671 1424 2705 usque
1439 2661 1478 2694 ad
1498 2662 1680 2705 praefatum
1701 2661 1821 2696 fontem
1842 2660 1874 2696 S.
1896 2661 1952 2704 Su-
