2226 3070
106 282 156 308 An.
175 280 204 309 C.
222 279 289 309 1588

626 331 729 366 XXXI.

300 407 451 440 Alnmnis
485 408 658 450 superioris
688 409 884 441 Germzmiac
909 409 1054 451 comessio-

344 471 416 493 rum
432 472 453 493 α
467 461 620 503 Greqori'o
633 462 700 494 ΡΡ.
725 462 814 495 XIII
828 464 1054 496 institutorum

343 514 528 548 conceditur
560 520 594 547 ut
619 517 688 548 sinc
724 516 818 548 titulo
849 517 996 558 beneficii
1026 521 1055 549 et

343 568 413 600 sine
438 567 557 600 litteris
577 569 849 601 stimmortalibus
879 569 920 601 ad
948 580 1055 602 saeros

343 621 471 654 ordines
484 623 668 665 promoveri
692 623 822 655 valeant
850 634 870 655 arv
904 634 1053 666 quocum-

343 685 400 718 que
420 675 575 718 episcope,
597 677 763 709 accedente
783 676 825 707 ad
845 677 879 708 iot
893 681 1054 708 rectorum

341 728 477 761 licentia
497 733 526 762 et
546 731 729 763 testimonie
750 729 777 762 ¹.

318 809 416 838 Sixtus
430 809 501 845 Papa
517 811 546 843 V,
569 811 602 838 ad
621 812 784 846 perpetuam
804 811 844 838 rei
859 811 1031 839 memoriam.

341 881 537 915 Provisionis
548 888 675 915 nostrae
687 882 782 915 debet
793 882 964 925 provenire
976 883 1052 915 sub-

161 937 281 961 E¹⁰fd³um
295 934 378 968 sidio
393 963 400 975 ‚
433 941 467 968 ut
502 936 552 967 ius
587 946 681 967 suum
714 935 891 979 unicuique
923 947 1052 969 conser-

295 994 399 1022 vetur.

340 1043 406 1086 §t
431 1043 511 1076 Hine
532 1044 682 1087 estquod
710 1054 769 1076 nos
797 1050 940 1077 tenorem
971 1055 1051 1088 qua-

106 1101 186 1122 »unum
200 1103 283 1137 indulti,
296 1096 446 1128 rumdam
473 1096 654 1129 litterarum
688 1096 790 1129 felicis
815 1097 1052 1130 recordationis

97 1134 283 1186 iifff‘lu‘fi'„'ss¹ffsf¹¹{.
297 1148 441 1192 Gregorii
476 1150 580 1192 Papae
606 1150 682 1185 Xlll,
712 1150 971 1193 praedecessoris
995 1161 1050 1183 no-

96 1195 282 1248 {222⁴adflffg‘gffffl'*
297 1202 364 1243 stri,
388 1203 420 1235 in
441 1203 613 1236 secretaria
634 1204 810 1236 domestica
836 1204 936 1247 ipsius
961 1215 1051 1248 prae-

294 1255 472 1289 decessoris
489 1262 667 1300 repertum,
698 1267 735 1289 ex
756 1257 879 1290 minuta
900 1257 1049 1300 originali

294 1308 333 1341 de
346 1309 443 1342 verbo
464 1310 503 1342 ad
529 1309 662 1342 verbum
692 1311 863 1343 transcribi
900 1317 931 1344 et
955 1322 1049 1355 prae—

293 1362 437 1396 sentibus
456 1364 605 1396 annotari
628 1364 776 1404 fecimus,
809 1365 865 1408 qui
897 1365 968 1398 talis
989 1372 1046 1403 est,

293 1416 453 1450 videlicet:

337 1470 352 1513 ξ
373 1470 403 1504 2.
427 1472 601 1515 Gregorius
623 1473 706 1516 Papa
734 1473 812 1511 Xlll,
836 1473 873 1505 ad
906 1474 1047 1507 futuram

122 1531 191 1552 renas
207 1533 278 1553 havis
293 1524 338 1557 rei
355 1525 557 1558 memoriam.
582 1527 744 1560 Perlatum
766 1532 813 1560 est
832 1527 870 1560 ad
887 1538 946 1560 nos
962 1539 1049 1561 eom-

92 1562 180 1588 GH'W'
195 1563 250 1584 ΚΜ
294 1579 404 1622 plures
424 1580 574 1613 alumnos
589 1581 817 1624 collegiorum,
835 1582 962 1625 quaein
975 1582 1049 1616 Ger-

295 1633 402 1665 mania
422 1644 438 1665 a
459 1634 553 1666 nobis
574 1640 678 1667 erecta
700 1640 786 1675 sunt,
808 1635 857 1668 vel
873 1636 950 1680 quia
970 1636 1048 1669 titu-

293 1687 359 1718 lum
386 1697 449 1719 nou
468 1687 587 1720 habent
612 1689 749 1721 alicuius
768 1689 918 1722 beneficii
944 1691 1048 1723 eecle-

293 1740 425 1780 siastici,
447 1741 494 1773 vel
508 1741 585 1784 quia
601 1742 729 1775 illorum
746 1743 903 1775 ordinarii
926 1743 958 1776 in
975 1755 1049 1777 con-

291 1793 443 1826 cedendis
470 1794 586 1827 litteris
616 1795 808 1829 dimissoriis
833 1796 981 1830 difficiles
1010 1809 1048 1831 ac

292 1857 436 1880 morosos
451 1859 482 1881 se
503 1849 656 1889 reddunt,
679 1850 718 1882 ad
740 1850 871 1883 ordines
889 1851 985 1884 etiam
1001 1863 1048 1884 sa-

291 1911 363 1934 cros
378 1903 560 1945 promoveri
580 1914 645 1936 non
670 1915 775 1947 posse.
798 1904 871 1943 Nos,
900 1905 1046 1938 conside-

290 1961 398 1988 rantes
418 1962 552 2000 propter
568 1957 712 2000 iniquam
735 1964 920 2001 temporum
937 1959 1048 1992 condi-

291 2009 410 2042 tionem
436 2011 630 2044 clericorum
657 2012 689 2044 in
710 2012 772 2045 illis
793 2013 940 2057 partibus
965 2013 1047 2046 rari-

291 2069 399 2103 tatem,
423 2065 491 2108 qui,
515 2065 712 2099 orthodoxae
727 2067 893 2100 doctrinae
915 2068 1048 2111 dogma-

290 2117 375 2149 tibus
395 2123 422 2150 et
452 2118 595 2152 honestis
625 2120 772 2153 moribus
796 2132 833 2154 ac
865 2121 1048 2165 disciplinis

292 2171 421 2212 imbuti,
443 2172 556 2212 dignos
572 2172 626 2205 Dei
643 2174 806 2207 ministros
818 2186 850 2208 se
863 2175 1044 2212 exhibeant,

290 2231 322 2257 et
339 2225 412 2258 ideo
434 2225 493 2269 piis
515 2225 657 2269 ipsorum
676 2228 767 2265 votis,
791 2239 874 2271 quae
891 2240 928 2262 ex
948 2229 1045 2263 devo-

289 2279 387 2311 tionis
413 2279 536 2313 fervore
567 2281 772 2323 proveniunt,
800 2283 990 2326 praesertim
1013 2285 1044 2316 in

289 2332 528 2366 difficilioribus
552 2335 656 2368 dictae
673 2336 863 2370 Germaniae
885 2338 1044 2380 partibus,

290 2387 579 2429 benigneanmiere
587 2389 739 2429 volentes,
753 2390 944 2424 auctoritate
956 2402 1046 2435 prae-

289 2441 427 2473 sentium
454 2441 664 2475 concedimus
685 2450 713 2476 et
740 2444 948 2487 indulgemus
978 2446 1045 2477 alu-

291 2493 372 2526 mnis
391 2495 538 2527 omnium
553 2496 764 2539 collegiorum
778 2499 958 2542 superioris
968 2498 1046 2531 Ger-

291 2549 416 2581 maniae
437 2560 454 2581 a
480 2549 573 2582 nobis
601 2550 835 2591 institutorum,
864 2558 896 2585 ut
928 2564 945 2585 a
962 2564 1044 2595 quo-

290 2613 429 2646 cumque
443 2603 615 2636 maluerint
634 2605 793 2638 catholieo
804 2606 958 2643 antistite,
969 2617 1043 2647 gra-

327 2681 335 2706 1
359 2679 401 2706 Ex
416 2679 528 2713 Regest.
549 2680 575 2706 111
596 2680 704 2709 8001011
726 2680 871 2711 Brevium.

970 278 1075 302 SlXTUS
1095 278 1144 302 Pr.
1167 279 1197 302 V.

1742 268 1808 303 319

1098 331 1173 364 tiam
1195 337 1226 364 et
1251 330 1517 364 communionem
1547 331 1630 363 sedis
1657 331 1854 374 apostolicae:

1097 386 1258 423 habente,
1297 390 1328 418 et
1363 385 1395 418 in
1416 396 1472 417 sua
1506 384 1645 418 dioecesi
1673 385 1849 421 residente,

1097 439 1193 471 etiam
1211 444 1299 472 extra
1320 444 1479 482 tempora,
1503 443 1533 471 et
1550 438 1618 470 sine
1637 439 1730 471 titulo
1751 438 1851 471 bene-

1096 492 1162 525 ficii
1184 492 1392 525 ecclesiastici
1423 498 1477 525 aut
1503 492 1706 535 patrimonii,
1734 498 1765 525 et
1784 493 1852 525 sine

1096 545 1290 578 dimissoriis
1302 545 1426 589 proprii
1438 545 1604 582 ordinarii,
1619 545 1798 578 dummodo
1815 546 1852 577 ad

1097 599 1126 630 id
1149 600 1227 632 alias
1253 600 1311 632 sint
1346 600 1467 634 idonei.
1488 605 1518 632 et
1538 600 1625 632 aliud
1656 599 1850 632 canonicum

1096 663 1160 686 11011
1182 653 1311 686 obsistat
1336 653 1618 698 impedimentum,
1650 665 1687 687 ae
1708 654 1852 686 testimo-

1096 706 1150 739 nio
1172 707 1307 740 rectoris
1321 712 1352 739 et
1364 707 1573 750 superiorum
1590 707 1660 740 eius
1673 707 1850 742 seminarii.

1097 759 1189 792 cuius
1205 760 1328 793 alumni
1342 761 1474 797 suerint,
1487 761 1769 801 commendentur,
1783 772 1852 804 spe-

1096 813 1276 857 cialemque
1297 814 1335 846 ad
1357 814 1386 846 id
1408 815 1448 847 ab
1469 815 1546 859 ipsis
1580 815 1741 848 licentiam
1768 815 1851 847 obti-

1095 867 1238 907 nuci-int,
1262 868 1402 900 clericali
1430 869 1618 901 charactere
1639 868 1798 912 insigniri,
1821 875 1847 900 et

1095 922 1134 953 ad
1155 932 1268 954 omnes
1293 921 1389 954 etiam
1412 932 1520 954 sas-ros
1550 927 1577 954 et
1610 923 1851 966 presbyteratus

1094 975 1224 1008 ordines
1252 975 1454 1018 promoveri:
1490 981 1521 1008 et
1550 976 1690 1019 promoti
1722 977 1753 1008 111
1788 976 1851 1008 illis

1094 1028 1189 1061 etiam
1212 1029 1243 1061 in
1265 1029 1374 1061 altaris
1395 1029 1575 1062 ministerio
1596 1029 1778 1062 ministrare
1810 1030 1849 1062 li-

1094 1084 1170 1116 bere
1191 1089 1223 1116 et
1244 1083 1330 1115 licite
1350 1083 1488 1123 valeant:
1512 1083 1795 1117 constitutionibus
1821 1090 1849 1117 et

1094 1137 1355 1170 ordinationibus
1374 1137 1574 1180 apostolicis,
1597 1148 1634 1169 ac
1659 1137 1691 1169 in
1715 1149 1849 1180 genera-

1093 1191 1188 1232 libus,
1209 1191 1464 1235 provineialibus
1489 1197 1519 1223 et
1544 1191 1752 1235 synodalibus
1772 1202 1850 1225 con-

1093 1244 1175 1277 ciliis
1196 1245 1307 1285 editis,
1326 1245 1505 1289 ceterisque
1521 1244 1692 1277 contrariis
1712 1255 1777 1277 non
1792 1246 1849 1278 ob-

1093 1299 1250 1331 stantibus
1285 1298 1561 1342 quibuseumque.
1586 1298 1701 1331 Datum
1729 1299 1849 1332 Romae

1092 1353 1178 1396 apud
1205 1352 1237 1385 S.
1272 1353 1427 1389 Marcum,
1454 1352 1512 1385 sub
1540 1353 1639 1385 anulo
1664 1352 1847 1388 Piscator-is,

1092 1406 1143 1439 die
1174 1417 1203 1439 1v
1225 1407 1415 1451 septembris
1443 1417 1613 1446 mntxxxlv,
1641 1407 1849 1451 pontificatus

1092 1460 1192 1493 nostri
1213 1471 1298 1493 anno
1319 1470 1386 1494 xm.
1451 1460 1523 1494 Cae.
1552 1460 1743 1494 Glorierius.

1136 1515 1150 1557 ἕ
1171 1513 1203 1547 3.
1231 1514 1393 1552 Ceterum,
1412 1520 1445 1547 111.
1459 1515 1649 1547 earumdem
1664 1514 1846 1547 litterarum

1092 1573 1186 1601 tenor
1202 1568 1427 1611 praesentibus
1449 1568 1494 1600 sic
1521 1568 1660 1600 insertus
1689 1568 1848 1600 omnimo-

1091 1622 1163 1654 dam
1191 1622 1236 1655 rei
1258 1633 1314 1655 seu
1334 1622 1408 1654 sacti
1430 1621 1659 1655 certitudinem
1672 1621 1778 1659 saciat,
1792 1633 1847 1654 au-

1091 1675 1238 1708 ctoritate
1256 1675 1433 1720 apostolica
1463 1675 1681 1715 decernimus,
1707 1681 1740 1708 ut
1767 1675 1846 1708 illud

1091 1729 1174 1762 idem
1196 1729 1297 1763 robur
1317 1729 1531 1772 eamdemque
1547 1729 1609 1761 vim
1631 1740 1667 1762 ac.
1695 1730 1845 1762 eumdem

1090 1783 1232 1826 vigorem
1255 1784 1362 1817 dictus
1384 1789 1476 1817 tenor
1500 1794 1559 1827 per
1579 1783 1689 1816 omnia
1716 1784 1844 1820 habeat,

1090 1849 1173 1881 quae
1193 1837 1352 1871 haberent
1377 1837 1550 1881 originales
1578 1837 1704 1870 litterae
1735 1848 1848 1882 supra-

1091 1892 1211 1928 dictae:
1240 1904 1275 1925 ac
1302 1892 1413 1925 eadem
1442 1903 1577 1936 prorsus
1606 1891 1710 1924 eidem
1741 1892 1845 1925 tenori

1089 1946 1169 1979 fides
1194 1946 1389 1979 adhibeatur
1415 1945 1611 1989 quandoque
1633 1951 1663 1978 et
1693 1946 1844 1979 ubicum-

1090 2011 1166 2044 que,
1189 2001 1253 2033 sive
1274 2001 1307 2033 111
1333 2000 1454 2033 iudicio
1476 2000 1539 2033 sive
1560 2000 1651 2039 alibi,
1674 2000 1728 2033 ubi
1750 2001 1847 2033 suerit

1090 2054 1249 2088 exhibitus
1274 2056 1321 2087 vel
1342 2060 1501 2093 ostensus,
1525 2064 1559 2087 ac
1582 2053 1688 2086 eidem
1710 2053 1847 2086 firmiter

1089 2114 1192 2142 stetur
1211 2109 1242 2140 in
1260 2109 1424 2149 omnibus,
1448 2108 1531 2140 sicut
1562 2107 1683 2140 eisdem
1706 2107 1846 2150 origina-

1089 2162 1174 2195 libus
1186 2167 1336 2198 staretur,
1352 2161 1376 2194 si
1390 2162 1495 2195 forent
1507 2161 1667 2194 exhibitae
1679 2161 1727 2194 vel
1740 2167 1845 2194 osten-

1089 2227 1153 2249 sae.
1176 2216 1237 2249 Per
1256 2216 1319 2249 hoc
1339 2221 1447 2249 autem
1462 2216 1589 2248 nullum
1609 2215 1658 2247 ius
1674 2215 1792 2258 cuique
1806 2216 1844 2247 de

1089 2281 1171 2303 novo
1192 2270 1315 2314 acquiri
1336 2270 1498 2307 volumus,
1515 2269 1569 2302 sed
1588 2269 1756 2312 antiquum
1776 2275 1843 2301 tan-

1088 2324 1258 2356 tummodo
1279 2323 1474 2356 conservari.

1131 2377 1247 2410 Datum
1268 2377 1389 2409 Romae
1405 2376 1490 2420 apud
1506 2376 1537 2409 S.
1557 2377 1711 2416 Marcum,
1734 2377 1794 2408 sub
1812 2388 1843 2410 a-

1088 2431 1165 2463 nulo
1176 2431 1360 2470 piscatoris,
1380 2430 1429 2463 die
1444 2441 1482 2463 xx
1500 2430 1628 2472 augusti
1645 2439 1839 2468 unitxxxvui.

1088 2484 1294 2527 pontificatus
1319 2484 1420 2517 nostri
1446 2495 1531 2516 anno
1549 2494 1589 2516 lv.

1869 277 1923 304 An.
1937 276 1966 305 C.
1987 278 2054 305 15⁸8

1909 1530 2049 1551 Canllrnussur

1864 1569 1876 1582 a
1889 1562 1946 1582 Sixto
1960 1563 1990 1582 ΡΡ

1137 2548 1199 2577 hai.
1220 2548 1267 2577 die
1283 2547 1322 2578 ⁹20
1342 2557 1410 2586 aug.
1439 2547 1524 2581 1588,
1546 2551 1628 2587 pont.
1647 2557 1725 2576 anno
1743 2555 1783 2576 iv.
