2226 3070
848 295 943 317 {Not-lx·
966 294 1166 316 nrnnnuxnrn

247 358 379 393 CXLIII.
404 357 559 391 Statuitur
580 357 667 401 quod
688 358 853 390 decretum
873 356 990 389 factum
1008 356 1009 367 ¹

337 412 368 444 in
398 411 539 455 capitulo
568 410 709 453 generali
738 410 833 443 totius
864 403 1010 442 Ordinis

336 465 468 497 fratrum
490 464 647 497 Minorum
669 464 707 496 de
733 462 938 496 Observantia
960 462 990 494 in
1009 488 1010 507 ἦ

337 517 420 550 Urbe
431 517 603 553 celebrato,
620 516 768 549 videlicet
787 516 874 559 quod
895 516 992 547 abba-
1009 515 1010 519 ’

339 570 431 602 tissae
459 569 729 602 monasteriorum
758 569 833 602 dieti
865 568 1010 601 Ordinisl

337 623 368 655 in
406 633 517 655 earum
555 623 668 656 officiis
703 628 912 666 permaneant
952 623 991 654 ad

339 676 510 709 triennium
532 681 668 713 tantum,
699 676 729 708 in
751 675 901 708 omnibus
922 686 991 707 mo-

336 730 483 763 nasteriis
503 730 532 763 S.
557 730 666 763 Clarae
697 729 883 772 quarumvis
911 739 988 771 pro-

336 783 512 816 vinciarum
525 784 564 816 ad
576 794 717 825 unguem
728 783 925 819 observetur,
937 781 988 813 72).

248 846 376 879 CXLIV.
402 847 528 879 Poenae
553 852 582 878 et
600 846 846 878 confiscationes
868 844 991 877 malesi-
1009 835 1010 839 Ἰ

337 899 461 932 ciorum
484 899 639 942 cuiusque
669 899 803 932 civitatis
834 904 862 931 et
889 895 1010 945 terrae}

337 952 442 985 Status
473 952 684 985 Ecclesiastici
717 953 928 995 locorumque
965 947 1010 984 ei'

337 1006 577 1045 subiectorum,
605 1006 808 1050 applicantur
838 1016 989 1038 reveren·
1008 1007 1010 1035 ἒ

338 1060 397 1093 dae
417 1060 567 1093 Gamerae
587 1059 800 1103 Apostolieae,
817 1069 889 1091 cum
911 1068 1010 1100 non-i

338 1113 434 1146 nullis
451 1113 575 1145 statutis
593 1118 619 1145 et
636 1112 895 1145 ordinationibus
909 1112 994 1143 circa

339 1177 449 1200 earum
482 1166 681 1199 exactionem
714 1172 809 1209 atque
836 1165 1010 1198 distribu-1

339 1221 458 1254 tionem
477 1220 694 1259 observandis,
717 1219 768 1252 73.

250 1283 364 1317 CXLV.
386 1282 545 1316 Institutio
567 1283 667 1315 Rotae
688 1282 718 1314 in
741 1282 866 1315 civitate
886 1282 989 1314 Mace·
1010 1274 1012 1285 ’

339 1335 473 1373 ratensi,
498 1335 682 1379 provinciae
707 1336 865 1368 Marohiae
890 1336 1012 1368 Status*

338 1389 566 1428 Ecclesiastici‚
590 1390 630 1422 ad
659 1390 898 1429 cognoscendas
926 1379 1013 1434 lites}

340 1443 444 1476 dictae
462 1443 656 1486 provinciae⁷
674 1442 725 1475 81.

384 1496 536 1540 Sequitur
550 1502 642 1529 tenor
660 1497 898 1529 constitutionis
913 1497 994 1529 circa
1013 1501 1014 1525 ἶ

340 1551 534 1584 erectionem
555 1556 582 1583 ct
600 1550 839 1583 concessionem
857 1551 996 1583 notaria-

340 1605 481 1637 riatuum
503 1610 530 1637 et
559 1610 783 1636 cursoratuum
810 1605 919 1639 Rotae,
941 1604 993 1636 91.
1014 1633 1015 1637 ,

252 1666 381 1700 CXLVI.
399 1666 525 1699 Erectio
540 1665 726 1698 monasterii
745 1665 851 1698 Sancti
866 1666 996 1698 Adriani

342 1721 381 1752 de
401 1720 485 1752 Urbe
504 1730 562 1762 pro
583 1719 703 1752 Ordine
727 1720 860 1751 fratrum
886 1720 918 1752 B.
937 1720 997 1751 Ma-
1015 1727 1016 1738 ¹

342 1773 406 1805 riae
425 1773 464 1805 (le
484 1773 628 1805 Mercede
642 1772 883 1815 Redemptionis
896 1773 999 1816 Capti-

342 1836 477 1865 vorum,
506 1836 579 1857 cum
614 1825 821 1857 concessione
852 1825 1017 1858 omnium¹

342 1878 518 1920 gratiarum
533 1883 560 1910 et
582 1877 792 1915 indultorum,
808 1878 925 1921 quibus
945 1879 999 1910 alii

343 1932 456 1964 fratres
474 1931 611 1964 alioruin
631 1931 902 1964 monasteriorum
925 1931 999 1964 dicti
1015 1935 1017 1941 '

343 1984 470 2017 Ordinis
491 1985 642 2026 gaudent,
666 1984 718 2016 at.

255 2048 399 2082 CXLVII.
415 2049 453 2081 Ut
465 2048 578 2080 electio
593 2048 796 2091 provincialis
815 2054 845 2080 et
861 2048 998 2080 aliorum
1017 2043 1018 2070 i

345 2101 531 2134 officialium
559 2101 685 2134 Ordinis
710 2102 844 2134 fratrum
869 2102 1000 2135 Praedi-

345 2161 502 2195 catorum‚
528 2156 558 2188 iu
581 2155 745 2199 provincia
771 2156 822 2188 del
842 2157 927 2189 Pera
950 2158 1000 2189 ln—

347 2209 484 2251 diarum,
501 2209 553 2241 fiat
574 2209 658 2242 iuxta
672 2209 802 2242 Concilii
823 2209 999 2242 Tridentini

347 2264 486 2301 decreta,
511 2263 563 2295 96.

258 2325 414 2359 CXLVIII.
439 2325 645 2358 Confirmatio
665 2331 858 2359 statutorum
881 2333 908 2359 et
932 2326 999 2370 pri-
1019 2356 1021 2358 ,

347 2379 537 2421 vilegiorum
571 2379 698 2412 Ordinis
738 2380 851 2412 Beatae
888 2369 1021 2412 Mariae

348 2434 386 2466 de
416 2433 560 2466 Mercede
592 2433 835 2476 Redemptionis
857 2433 1002 2477 Captivo-

348 2497 431 2526 rum,
455 2486 507 2519 97.

260 2539 392 2582 CXLIX}
417 2548 585 2580 Mandatur
614 2558 699 2580 nunc
728 2554 756 2580 et
780 2559 838 2591 pro
860 2554 1005 2591 tempore

349 2601 493 2634 existenti
524 2601 719 2633 Venetorum
749 2602 884 2641 Nuncio,
911 2607 941 2633 ut
973 2612 1006 2634 0-

351 2665 440 2687 nmes
462 2654 634 2687 electiones
663 2660 824 2687 rectorum
851 2654 1002 2687 eeclesia-

351 2719 422 2741 rum
455 2707 690 2752 parochialium
727 2708 880 2741 hactenus
910 2708 1025 2741 factas¹

1674 280 1737 309 (⁷399

1115 360 1142 386 et
1176 365 1234 397 pro
1266 359 1411 397 tempore
1446 353 1627 390 faciendas,
1656 353 1680 385 si
1716 364 1770 386 eos

1116 408 1248 440 idoneos
1269 406 1423 450 repererit
1451 406 1535 438 iuxta
1562 407 1689 439 decreta
1714 407 1770 440 Sa-

1116 461 1159 493 cri
1172 460 1304 494 Concilii
1316 459 1505 497 Tridentini.
1523 459 1703 499 confirmet,
1714 459 1766 492 98.

1026 523 1083 555 (IL.
1107 523 1232 555 Erectio
1251 522 1404 555 ecelesiae
1425 521 1616 565 episcopalis
1638 521 1771 554 civitatis

1115 576 1224 611 Firmi,
1251 575 1281 607 in
1301 575 1466 618 provincia
1483 575 1653 614 Marchiae,
1669 575 1700 607 in
1722 586 1771 608 ec-

1116 629 1245 661 clesiam
1268 629 1587 672 archiepiscopalem‚
1609 628 1661 661 99.

1027 692 1098 725 CLI.
1128 692 1219 730 Quod
1252 692 1363 723 fratres
1396 697 1426 724 et
1455 691 1612 723 moniales
1644 691 1771 724 Ordinis

1116 745 1228 776 Beatac
1260 744 1375 776 Mariae
1407 745 1446 776 de
1483 745 1587 776 Monte
1626 744 1772 777 Carmelo

1121 796 1380 839 congregationis
1422 797 1696 830 Discaleeatorum
1740 798 1772 829 in

1115 850 1204 883 ltalia
1231 850 1366 883 recitare
1399 851 1522 883 valeant
1548 852 1644 884 lioras
1670 862 1769 884 eano-

1116 915 1168 936 cas
1203 904 1287 936 iuxta
1321 904 1417 936 ritum
1453 905 1603 937 Breviarii
1637 905 1772 938 Romani

1116 958 1293 997 reformati,
1310 959 1537 1001 praetermisso
1555 959 1681 991 Ordinis
1699 970 1770 999 usu,

1117 1017 1145 1044 et
1168 1012 1352 1044 celebrandi
1375 1013 1454 1044 festa
1478 1013 1669 1045 Sanctorum
1698 1012 1772 1045 dicti

1116 1065 1243 1098 Ordinis
1257 1065 1352 1097 etiam
1371 1065 1402 1096 in
1421 1065 1608 1097 kalendario
1627 1066 1773 1098 Romano

1116 1129 1180 1152 non
1203 1118 1451 1162 descriptorum.
1473 1117 1547 1151 103.

1027 1182 1114 1216 CLII.
1150 1183 1241 1221 Quod
1272 1181 1611 1214 archiconfraternitas
1643 1181 1774 1215 Pietatis

1116 1238 1358 1270 Carceratorum
1395 1247 1413 1268 a
1449 1235 1604 1277 Gregorio
1640 1235 1706 1268 XIII
1743 1235 1775 1267 in

1117 1291 1201 1323 Urbe
1223 1290 1364 1322 instituta
1386 1289 1500 1322 habeat
1536 1289 1678 1322 officium
1700 1299 1775 1332 pro-

1118 1343 1230 1376 visoris
1251 1344 1541 1376 condemnatorum
1568 1343 1607 1375 ad
1631 1343 1777 1375 triremes

1119 1397 1214 1430 totius
1242 1397 1347 1431 Status
1376 1395 1599 1429 Ecclesiastici.
1624 1396 1658 1428 Et
1680 1396 1776 1428 etiam

1119 1451 1261 1485 officium
1282 1451 1453 1484 visitatoris
1473 1461 1637 1483 carcerum
1661 1450 1773 1486 Urbis,

1120 1506 1159 1538 ab
1180 1506 1248 1538 eius
1269 1505 1431 1549 praefecto
1453 1504 1681 1542 exercendum,
1706 1514 1778 1547 pos-

1120 1559 1223 1602 sitque
1245 1557 1336 1591 annis
1356 1557 1503 1599 singulis,
1529 1557 1670 1590 secunda
1700 1557 1776 1589 feria

1122 1619 1190 1656 post
1213 1612 1351 1656 primam
1374 1611 1571 1644 dominicam
1594 1611 1775 1654 quadrage-

1121 1667 1231 1704 simae,
1248 1676 1348 1698 unum
1370 1670 1582 1701 carceratum,
1600 1665 1696 1697 etiam
1719 1675 1778 1707 pro

1122 1720 1249 1763 capitali
1285 1718 1421 1752 crimine
1456 1719 1662 1755 damnatum,
1694 1718 1776 1750 libe-

1123 1784 1205 1812 rare,
1232 1771 1303 1804 104.

1167 1834 1318 1878 Sequitur
1339 1833 1512 1866 declaratio
1527 1833 1630 1866 dietae
1651 1844 1780 1866 conces-

1123 1888 1233 1925 sionis,
1258 1886 1332 1919 106.

1169 1941 1321 1984 Sequitur
1342 1940 1503 1973 indultum
1530 1939 1687 1972 liberandi
1714 1950 1782 1971 car-

1124 1999 1279 2030 ceratum,
1304 1992 1378 2025 107.

1167 2047 1318 2091 Sequitur
1339 2046 1543 2090 privilegium
1558 2046 1711 2089 praefecti
1724 2046 1783 2078 bu-

1124 2102 1172 2134 ius
1193 2099 1557 2133 arcliiconfraternitatis
1571 2099 1782 2132 interessendi

1124 2154 1360 2188 visitationibus
1381 2163 1547 2186 carcerum
1567 2153 1665 2189 urbis,
1688 2151 1761 2185 ⁴108.

1036 2219 1138 2251 CLIII.
1156 2217 1335 2250 Nonnullae
1357 2215 1577 2248 ordinationes
1598 2226 1694 2258 super
1708 2226 1784 2248 con-

1127 2269 1288 2303 troversiis
1309 2269 1392 2301 inter
1413 2268 1571 2301 civitatem
1591 2268 1652 2301 Esii
1668 2273 1699 2301 et
1717 2268 1784 2301 eius

1126 2325 1230 2359 cives,
1255 2329 1283 2355 ct
1306 2322 1543 2361 universitates,
1576 2328 1606 2354 et
1638 2322 1785 2354 homines

1127 2383 1305 2411 castrorum
1336 2377 1488 2417 Massarii‚
1514 2376 1628 2409 Montis
1648 2376 1781 2413 Carotti,

1128 2431 1301 2465 Belvederii
1324 2436 1352 2463 et
1374 2431 1512 2464 aliorum
1535 2430 1705 2463 comitatus
1723 2429 1784 2462 Esii

1128 2485 1256 2525 exortis,
1278 2484 1353 2518 IO9.

1040 2548 1140 2581 CLIV.
1166 2540 1375 2580 Confirmatio
1399 2553 1486 2579 taxae
1508 2547 1726 2590 sliiortularum
1755 2546 1786 2578 in

1129 2601 1232 2633 causis
1254 2600 1404 2633 omnihus
1432 2600 1462 2632 in
1495 2599 1619 2632 civitate
1651 2598 1786 2631 Fanensi

1124 2654 1310 2688 'iudicandis
1331 2654 1511 2687 debitarum
1543 2658 1606 2685 tam
1628 2651 1787 2684 iudicibus

1131 2707 1304 2741 ordinariis
1330 2718 1427 2751 quam
1448 2705 1686 2745 commissariis,
1710 2704 1782 2737 «1115.
