2226 3070
275 290 323 314 Λιι.
345 288 372 313 G.
394 287 455 313 teat

321 1297 350 1315 tu·
361 1298 401 1315 tam
417 1301 433 1313 c«
444 1301 465 1314 n·

426 1328 465 1341 ffl-
481 1301 591 1323 earum
613 1291 801 1333 praesertim
823 1302 904 1334 quae
924 1291 1016 1324 nobis
1036 1302 1072 1324 ac
1093 1293 1122 1325 S.
1137 1292 1172 1325 R.
1188 1293 1220 1325 E.

366 1355 431 1368 ιιυι·Ι
462 1343 513 1375 -ἰιι
534 1343 754 1386 spiritualibus
784 1350 815 1376 et
846 1345 1077 1388 ten'iporalibus
1114 1346 1226 1378 imme-

505 278 568 310 1'11713

474 346 596 373 corum,
613 335 808 379 oppidorum
839 340 893 367 aut
912 333 1121 377 particulares
1146 343 1218 375 per-

473 398 568 421 sonas
588 400 624 420 ex
655 399 728 425 una,
761 394 791 420 et
823 387 924 419 dictos
955 396 1067 418 eorum
1108 385 1217 417 scuda-

475 441 571 473 tarios
600 453 634 473 ex
667 441 782 476 altera:
816 450 874 471 nec
902 439 998 471 etiam
1032 443 1218 471 censeretur

475 495 663 535 derogatum
694 492 866 536 p1·ivil‹3=giis
897 492 936 524 ab
964 491 1038 523 hinc
1073 490 1217 534 partibus

477 547 649 590 respective
669 546 817 584 obtentis,
842 545 899 578 nisi
922 546 954 577 in
976 545 1024 585 iis,
1049 546 1087 577 de
1101 544 1218 588 quibus

476 600 530 631 t'uit
549 599 674 642 saepius
687 598 867 642 specialiter
881 604 908 632 ct
922 609 1068 642 expresse
1081 608 1218 631 conven-

477 659 540 685 tum
563 658 590 684 et
612 651 854 691 concordatum,
875 652 930 684 sed
956 657 1123 684 manerent
1152 651 1218 683 eui-

475 716 548 748 (μισ,
573 710 666 747 prout
689 705 863 747 respective
883 705 1120 748 competebant,
1139 704 1218 737 inte-

475 768 530 797 gra
551 763 579 789 et
600 757 695 795 salva,
719 763 814 800 atque
836 758 1217 801 mediantibuspraemis-

475 811 527 847 sis,
554 816 583 843 et
597 810 657 843 illis
676 811 782 851 salvis,
807 811 909 844 dictae
923 811 998 844 liiuc
1018 811 1091 844 inde
1113 817 1218 854 partes

476 863 668 906 supradictis
690 863 874 897 nominibus
895 864 1165 897 renunciaverunt.
1186 875 1220 897 o-

478 916 605 949 mnibus
626 916 744 955 litibus,
768 917 981 960 processibus,
998 918 1220 961 appellationi-

478 970 536 1001 bus
561 975 589 1001 et
626 970 850 1003 controversiis
888 971 1036 1014 superius
1065 971 1216 1011 narratis,

480 1023 518 1055 ita
542 1029 576 1055 ut
596 1029 677 1056 esset
696 1034 755 1066 pax
776 1029 805 1056 et
827 1024 999 1057 eoncordia
1018 1024 1100 1057 inter
1120 1024 1221 1057 dictos

478 1082 588 1116 status,
612 1083 704 1119 prout
727 1077 758 1109 in
780 1077 911 1110 diversis
932 1078 1151 1111 instrumentis
1165 1089 1222 1121 pu-

479 1130 570 1162 blicis
599 1131 737 1174 desuper
779 1131 931 1164 consectis
963 1131 1088 1174 plenius
1120 1132 1221 1165 eonti-

480 1189 584 1216 netur.

525 1237 539 1279 ἓ
560 1236 590 1269 3.
615 1237 687 1277 Nos,
698 1238 753 1281 qui
767 1248 978 1281 personarum
991 1239 1220 1281 quarumlibet,

482 1396 565 1428 tliatc
594 1397 743 1434 subsunt,
778 1397 922 1439 quietum
955 1403 985 1430 et
1015 1398 1223 1442 tranquillum

480 1455 597 1481 statum
619 1449 743 1482 sincero
758 1450 978 1483 desideramus
991 1451 1118 1491 affectu,
1136 1458 1224 1485 motu

481 1502 625 1546 proprio,
650 1513 714 1535 non
736 1504 775 1536 ad
807 1504 982 1537 electorum
1012 1511 1043 1538 et
1065 1506 1223 1539 baronum

481 1566 517 1588 ac
539 1556 791 1589 l'eudatariorum
813 1558 1051 1601 praedictorum
1073 1570 1128 1592 seu
1147 1560 1225 1593 alio—

483 1620 553 1641 rum
574 1620 631 1652 pro
653 1610 697 1642 eis
718 1611 810 1643 nobis
830 1622 926 1654 super
946 1612 1008 1645 hoc
1028 1612 1153 1645 oblatae
1171 1624 1225 1657 pe-

484 1662 818 1703 titionisinstantiam,
842 1664 897 1696 sed
930 1675 966 1697 ex
995 1675 1083 1698 mera
1110 1665 1226 1699 libera-

484 1716 570 1748 litate
591 1722 619 1748 ct
641 1722 727 1748 certa
745 1717 877 1750 scicntia
895 1718 1020 1758 nostris,
1045 1730 1081 1751 ac
1102 1720 1226 1763 dcapo-

483 1769 613 1801 stolicae
635 1769 798 1812 potestatis
819 1771 1030 1813 plenitudine,
1061 1773 1169 1805 onmia
1196 1780 1225 1806 et

483 1821 608 1863 singula
628 1821 838 1855 instrui‘ucnta
859 1824 1032 1866 praedicta,
1068 1836 1104 1858 ac
1131 1832 1228 1869 prout

484 1875 537 1907 illa
558 1881 767 1915 concernunt,
788 1877 897 1909 onmia
918 1883 948 1909 et
972 1878 1097 1920 singula
1130 1879 1160 1911 in
1182 1880 1227 1912 eis

484 1934 633 1961 contenta
663 1940 699 1961 ac
737 1929 810 1962 inde
848 1936 956 1963 secuta
991 1942 1223 1977 quaecumque,

484 1983 673 2016 auctoritate
681 1984 867 2026 apostolica,
878 1986 1223 2028 tenorepraesentium,

486 2041 640 2078 perpetuo
670 2037 889 2080 approbamus
920 2044 949 2070 et
982 2039 1224 2079 confirmamus,

485 2089 594 2122 :mittis
614 2096 788 2133 perpetuae
809 2096 837 2123 et
859 2091 1051 2125 inviolabilis
1069 2092 1227 2127 firmitatis

486 2143 584 2176 robur
604 2143 784 2184 adiicimus,
805 2154 982 2188 omnesque
1018 2152 1048 2178 et
1085 2146 1228 2189 singulos

487 2196 565 2229 iuris
591 2202 620 2229 ct
650 2197 723 2229 sacti
756 2208 791 2230 ae
821 2198 1061 2232 solemnitatum
1091 2201 1229 2245 desuper

487 2250 591 2282 l'orsan
613 2250 804 2283 emissarum
826 2252 979 2293 desectus,
1002 2253 1026 2286 si
1048 2254 1102 2297 qui
1131 2255 1228 2288 inter-

487 2309 642 2336 venerunt
659 2305 904 2347 quomodolibet
928 2306 959 2339 in
989 2307 1121 2347 eisdem,
1155 2320 1229 2352 sup-

487 2357 629 2400 plemus,
653 2368 777 2390 necnon
799 2359 940 2401 singulas
960 2370 1114 2403 personas
1131 2362 1227 2395 trium

488 2414 627 2442 statuum
646 2411 885 2453 praedictorum
907 2414 946 2445 ad
968 2413 1098 2446 illorum
1120 2415 1228 2447 obser-

488 2463 647 2495 vationem
685 2465 846 2507 perpetuis
886 2465 1000 2499 futuris
1030 2468 1228 2510 temporibus

488 2516 620 2549 omnino
660 2517 759 2550 teneri
799 2523 827 2550 et
864 2518 1035 2551 efficaciter
1072 2520 1228 2563 obligatos

490 2570 568 2609 sore,
596 2575 690 2613 atque
720 2570 894 2609 sententiis,
927 2572 1068 2605 censuris
1098 2579 1128 2606 ct
1153 2585 1229 2617 poe-

488 2624 537 2656 nis
557 2623 777 2656 ecclesiasticis
798 2624 837 2656 ad
859 2624 889 2656 id
908 2625 977 2666 cogi
1004 2631 1034 2658 et
1065 2627 1225 2670 compelli,

489 2687 548 2710 nec
567 2677 606 2710 ab
628 2676 688 2710 illis
708 2677 774 2710 ullo
792 2687 945 2721 umquam
967 2684 1122 2722 tempore,
1150 2691 1229 2724 quo-

1058 285 1240 309 BULLARIUM
1261 285 1412 309 ROMANUM

1250 332 1295 365 vis
1312 337 1488 375 praetextu,
1512 333 1681 365 occasione
1701 334 1748 365 vel
1762 344 1857 366 causa
1870 334 1993 367 resilire

1251 395 1359 428 posse;
1382 396 1419 417 ac
1439 385 1596 428 quidquid
1608 396 1698 418 secus
1715 386 1873 428 superbis
1886 397 1903 419 a
1914 397 1994 430 quo-

1251 449 1370 481 quam,
1401 438 1511 481 quavis
1542 438 1750 478 auctoritate,
1782 438 1921 472 scienter
1946 440 1993 472 vel

1252 491 1450 532 ignoranter,
1474 491 1623 524 attentari
1642 491 1824 533 contigerit,
1848 497 1937 524 motu
1962 498 1995 524 et

1251 545 1383 578 seientia
1404 556 1440 578 ac
1460 545 1627 589 potestatis
1654 545 1853 589 plenitudine
1881 545 1994 578 simili-

1252 598 1311 631 bus
1331 609 1368 631 ex
1388 609 1473 631 nunc
1484 598 1608 631 irritum
1623 603 1654 630 et
1671 597 1766 630 inane
1779 597 1992 630 decernimus.

1297 653 1313 693 ἕ
1334 651 1365 684 4.
1389 652 1458 685 Νοιι
1490 651 1690 685 obstantibus
1714 650 1996 684 constitutionibus

1253 710 1283 737 et
1296 704 1554 738 ordinationibus
1580 703 1776 748 apostolicis,
1808 715 1845 737 ae
1861 703 1996 737 civitatis

1253 758 1480 791 Avenienensis
1498 764 1529 792 et
1546 758 1716 791 comitatus
1741 758 1993 801 praedictorum,

1253 811 1348 844 etiam
1376 811 1567 851 iuramento,
1601 811 1848 844 confirmatione
1867 816 1996 855 aposto-

1255 864 1315 897 tica
1341 865 1388 897 vel
1416 864 1526 908 quavis
1563 864 1714 898 firmitate
1738 864 1801 897 alia
1824 864 1994 904 roboratis,

1254 918 1377 950 statutis
1408 923 1439 950 et
1459 917 1758 958 consuetudinibus,
1799 917 1998 961 caeterisque

1255 970 1426 1003 contrariis
1446 971 1714 1014 quitmscumque.

1299 1024 1412 1057 Datum
1434 1025 1555 1057 Romae
1576 1025 1661 1067 apud
1674 1024 1825 1057 Sanctum
1843 1024 1996 1063 Marcum,

1256 1078 1314 1110 sub
1336 1078 1455 1111 annulo
1479 1077 1660 1117 Piscatoris,
1685 1077 1736 1110 die
1756 1089 1787 1111 1x
1807 1075 1999 1121 septembris

1257 1142 1366 1171 mcxci,
1390 1131 1595 1175 pontificatus
1616 1131 1715 1164 nostri
1736 1141 1821 1164 anno
1842 1142 1863 1164 1.

1293 1195 1352 1222 Dat.
1370 1195 1413 1222 die
1432 1195 1449 1222 9
1464 1194 1597 1230 septemb.
1621 1194 1698 1229 1591,
1719 1194 1814 1229 pontif.
1835 1203 1879 1221 an.
1901 1200 1919 1221 t.

1601 1356 1661 1389 XL.

1260 1453 1380 1495 Definil
1400 1463 1493 1485 casas
1513 1454 1631 1496 quibus
1657 1454 1793 1487 Cmncra
1817 1453 2001 1497 Apostolica

1304 1506 1496 1539 concordare
1506 1511 1608 1550 polest
1627 1517 1700 1539 cum
1715 1508 1890 1540 baronibus
1906 1518 2004 1551 saper

1303 1560 1409 1603 feudis
1429 1560 1604 1600 dovotutis;
1626 1571 1662 1592 ac
1682 1561 1740 1593 Pii
1757 1560 1783 1593 V
1800 1561 2002 1594 constitutio-

1303 1624 1376 1646 nem
1395 1623 1492 1656 super
1507 1613 1581 1655 fisco
1601 1613 1808 1655 applicandis
1829 1614 1919 1646 bonis
1946 1615 2002 1646 ho-

1271 1696 1273 1698 ,
1305 1666 1516 1705 micalmam,
1551 1666 1726 1698 allodialia
1758 1670 1887 1699 tantum
1920 1678 2004 1702 com-

1302 1719 1521 1763 praelicmlere
1541 1719 1695 1759 declarat,
1711 1719 1795 1752 etad
1815 1719 2004 1753 descenden-

1307 1778 1349 1806 tes
1370 1773 1560 1805 lraiusn'zodz'
1571 1773 1642 1806 hom
1650 1773 1812 1806 icidaram
1825 1774 1969 1807 exlendit
1980 1774 1998 1807 ¹.

1464 1863 1620 1897 Gregorius
1636 1863 1714 1897 Papa
1731 1864 1801 1895 xlv,

1410 1916 1446 1943 ad
1467 1916 1600 1943 futuram
1619 1916 1662 1943 rei
1679 1917 1860 1944 memoriam.

1327 1986 1485 2019 Ecclesiae
1520 1985 1699 2020 Catholicae
1739 1993 1769 2020 et
1804 1989 2005 2032 Apostolieae

1262 2051 1349 2081 cura,
1362 2051 1459 2083 quam
1474 2040 1566 2073 nobis
1583 2041 1665 2073 Deus
1685 2040 1831 2084 Optimus
1851 2043 2005 2076 Maximus

1262 2093 1464 2127 committere
1484 2103 1543 2136 pro
1563 2104 1619 2126 sua
1649 2093 1680 2126 in
1713 2104 1771 2127 nos
1798 2094 2004 2128 inenarrabili

1263 2147 1432 2181 clementia
1450 2147 1598 2189 dignatus
1619 2153 1676 2187 est,
1697 2158 1755 2181 nos
1783 2148 1919 2182 subinde
1949 2151 2005 2183 ad-

1263 2207 1372 2234 monet
1389 2201 1485 2234 officii
1506 2201 1618 2240 nostri,
1641 2207 1676 2234 ut
1696 2202 1727 2234 in
1748 2202 1785 2235 iis
1805 2203 2005 2237 constitutio-

1262 2255 1367 2296 nibus,
1385 2265 1466 2298 quae
1488 2265 1505 2288 a
1518 2255 1670 2288 Romanis
1683 2255 1893 2289 Pontificibus
1913 2267 2005 2300 prae-

1262 2308 1483 2341 decessoribus
1504 2308 1620 2341 nostris
1634 2307 1788 2341 hactenus
1800 2316 2001 2350 emanarunt,

1262 2368 1325 2394 tam
1338 2361 1422 2394 circa
1435 2360 1637 2404 disciplinam
1647 2362 1894 2396 ecclesiasticam
1908 2373 2003 2406 quam

1262 2414 1346 2447 circa
1367 2415 1509 2447 forenses
1529 2415 1777 2455 controversias,
1798 2415 1877 2448 nihil
1889 2416 2004 2450 obseu-

1264 2478 1346 2507 tum,
1370 2467 1449 2500 nihil
1471 2467 1658 2509 ambiguum
1677 2473 1729 2500 aut
1751 2468 1909 2502 incertum
1929 2480 2005 2503 con—

1264 2520 1356 2553 tineri
1376 2520 1549 2563 patiamur,
1570 2521 1657 2564 quod
1684 2521 1885 2555 occasionem
1905 2533 2001 2565 prae-

1262 2574 1337 2606 bere
1358 2572 1458 2616 possit
1482 2573 1716 2614 controversiis,
1747 2585 1830 2617 quae
1860 2575 2003 2618 plerum-

1263 2637 1324 2670 que
1345 2627 1384 2659 ab
1405 2626 1504 2660 avidis
1533 2627 1718 2661 hominibus
1735 2628 1766 2661 in
1788 2639 1858 2662 eam
1878 2634 2003 2672 partem

1299 2690 1307 2716 t
1328 2688 1366 2716 Ex
1382 2689 1489 2724 Regest.
1505 2689 1532 2716 in
1546 2689 1646 2717 Secret.
1665 2689 1798 2717 Brevium.

2006 285 2054 311 An.
2073 285 2100 311 C.
2125 286 2187 313 1591

2012 744 2089 765 trariis

2046 1995 2166 2016 Exordium.
