2226 3070
68 269 123 299 An.
139 267 170 297 C.
187 268 255 297 1590

934 265 1037 290 SIXTUS
1053 264 1083 289 V.
1102 264 1150 290 PP-

268 320 415 361 existere,
429 330 526 364 quam
540 320 635 354 etiam
649 319 829 352 iuramenta
838 329 936 362 super
946 329 1023 351 con-

268 374 423 407 tractibus
448 373 634 407 huiusmodi
661 373 826 416 praestita,
855 384 890 405 ex
919 373 979 405 lioc
996 371 1021 404 i-

269 437 325 471 pso
365 427 476 460 illicita
510 438 716 470 nequaquam
748 425 903 458 servanda
934 436 1019 465 esse,

267 492 303 513 ac
334 492 432 525 snper
456 481 518 514 illis
542 480 642 514 editas
672 490 689 512 a
721 478 1023 522 p1·aedecess‹:›ribus

268 535 386 567 nostris
433 533 716 571 confirmationes,
760 532 1022 575 quilmscumque

269 587 522 631 praeservativiS,
542 585 740 624 restitutivis,
766 584 881 617 inentis
897 590 1022 617 attesta-

268 641 350 681 tivis,
373 639 653 683 derogatoriarum
671 637 896 680 derogatoriis,
911 643 964 669 aut
987 650 1020 669 a—

268 693 318 727 tiis
339 692 537 732 fortioribus,
562 691 699 724 insolitis
721 697 818 734 atque
840 690 1021 724 efficacissi-

269 747 328 780 mis
354 745 508 779 clausulis
535 745 802 788 irritantibusque
824 750 850 775 et
874 743 945 775 :iliis
965 743 1020 775 de-

267 800 363 833 cretis
383 799 535 838 munitas,
558 804 723 842 tamquam
747 797 779 830 in
801 797 947 830 fraudem
969 797 1021 828 de<

266 859 429 886 cretosum
447 857 478 885 et
493 851 724 884 canonicarum
743 850 948 884 sanctionum
965 861 1022 894 per

266 906 508 950 subreptionem
529 906 577 938 vel
600 905 827 948 obreptionem
846 915 914 944 seu,
931 910 962 936 ut
975 903 1021 936 di-

266 961 361 1001 citur,
385 971 442 1003 per
467 964 785 1004 praeocmipationem
807 963 947 991 extortas
967 969 1019 990 ve-

266 1013 333 1046 rius
351 1024 447 1057 quam
473 1013 633 1052 obtentas,
657 1022 694 1044 ac
719 1012 841 1055 pariter
861 1011 966 1043 nullas
992 1015 1021 1043 et

265 1067 371 1099 irritas
391 1077 459 1099 esse
479 1072 509 1099 et
535 1065 671 1098 censeri.
704 1064 782 1098 Cum
814 1075 1018 1108 nequaqnam

263 1121 460 1153 credendum
483 1120 520 1152 sit
543 1119 729 1163 quempiam
743 1129 777 1151 ex
791 1118 911 1150 eisdem
926 1129 1019 1161 prae-

263 1173 486 1206 decessoribus
518 1172 637 1205 nostris
663 1172 799 1204 voluisse
825 1172 1020 1204 confirmare

262 1227 348 1271 quod
376 1237 440 1259 non
460 1226 554 1261 licet:
574 1236 634 1258 neo
659 1224 831 1257 verisimile
852 1224 888 1257 sit
910 1231 1018 1268 (prout

263 1280 340 1313 alias
361 1291 377 1312 a
402 1280 597 1323 quibusdam
613 1279 644 1310 in
666 1278 820 1310 similium
842 1278 1018 1321 gratiarum

263 1332 566 1366 confirmationibus
589 1342 776 1375 expressum
797 1342 833 1363 ac
854 1337 1019 1364 narratum

263 1387 359 1419 t'uisse
382 1386 595 1430 accepimus),
623 1396 681 1429 pro
711 1385 864 1418 solvenda
894 1386 940 1417 wt
970 1396 1019 1418 re-

263 1441 424 1473 stituenda
456 1439 550 1473 dictis
584 1439 777 1472 officialibus
804 1439 1021 1472 alienantibus

263 1494 376 1537 exigua
398 1493 614 1537 pecuniarum
638 1503 777 1529 summa,
801 1504 859 1536 pro
885 1493 1022 1525 servitiis

263 1547 335 1580 Sedi
358 1548 561 1591 Apostolicae
578 1546 739 1591 praestitis
762 1551 814 1578 aut
838 1546 1022 1589 sumptibus

263 1601 407 1634 eiusdem
435 1601 526 1634 Sedis
548 1611 643 1633 causa
659 1599 817 1642 susceptis
834 1600 976 1641 erogata,
996 1600 1020 1632 i-

264 1655 352 1699 psius
382 1655 534 1688 Gamerae
559 1655 716 1697 Sedisque
742 1653 946 1697 Apostolicae
968 1664 1020 1686 ae-

264 1709 384 1741 rarium
408 1709 445 1741 ad
468 1720 505 1741 eo
527 1719 681 1751 umquam
709 1708 901 1740 exhaustum
927 1707 1021 1739 t'uisse

264 1769 317 1795 aut
335 1763 373 1795 iis
393 1762 549 1805 angustiis
572 1763 734 1795 laborasse
756 1768 789 1794 ut
807 1772 938 1794 necesse
957 1762 1023 1793 sue-

265 1817 304 1849 rit
331 1817 368 1850 ad
391 1817 577 1849 huiusmodi
609 1816 822 1849 alienationes
843 1826 1022 1858 earumque

265 1869 528 1903 confirmationes
553 1875 616 1902 tam
639 1869 837 1913 perniciosas
856 1869 1018 1901 devenire.

264 1924 411 1963 Cumque
430 1935 465 1956 ex
487 1924 549 1956 hoc
571 1924 641 1967 ipso
661 1923 737 1955 satis
763 1928 913 1966 appareat
938 1922 1023 1965 ipsos

265 1978 531 2022 praedecessores
566 1977 702 2009 subdola
732 1982 762 2008 et
788 1975 891 2008 fallaci
923 1976 1023 2019 impe-

266 2032 421 2064 trantium
451 2031 625 2064 calliditate
652 2031 890 2062 circumventos
916 2029 1023 2066 fuiss-v,

267 2095 330 2118 non
353 2091 459 2118 autem
482 2096 554 2118 vere
581 2085 610 2116 id
632 2083 842 2127 approbasse,
867 2083 967 2126 quod,
991 2089 1021 2115 ut

268 2139 419 2178 diximus,
442 2150 504 2172 non
528 2139 629 2183 ipsius
643 2137 875 2176 Camerae,sed
892 2148 1023 2169 eornm-

269 2192 340 2225 dem
362 2193 573 2226 alienantium
597 2193 689 2224 lucro
710 2191 817 2228 cessit,
846 2191 901 2233 qni
930 2201 1023 2234 prae-

269 2247 378 2279 sertim
399 2247 512 2280 eodem
536 2252 682 2289 tempore
704 2256 736 2278 se
763 2246 857 2287 plane
883 2245 1025 2285 ingratos

270 2306 300 2332 et
320 2300 521 2343 Apostolicae
542 2300 631 2332 Sedis
647 2299 814 2331 beneficiis
828 2309 961 2341 prorsus
980 2298 1025 2330 in-

270 2353 384 2395 dignos
403 2353 680 2386 demonstrarunt.
710 2353 739 2384 Si
762 2352 847 2384 enini
870 2351 1024 2383 Dominus

270 2406 467 2440 eiiciendum
481 2407 606 2440 censuit
631 2407 660 2437 in
682 2405 830 2437 tenebras
851 2404 1025 2437 exteriores

272 2465 398 2487 servum
417 2456 551 2494 malum,
571 2455 698 2497 pigrum
721 2460 748 2486 et
772 2454 931 2491 inutilem,
950 2454 1025 2496 quia

271 2504 424 2536 traditum
442 2503 501 2536 sibi
524 2504 680 2536 talentum
699 2502 835 2539 fodiens,
856 2504 885 2534 in
906 2508 1024 2533 terrain

271 2554 439 2586 abscondit
465 2565 501 2586 ac
523 2553 743 2597 superlucrari
764 2552 883 2590 omisit,
908 2552 960 2583 sed
980 2558 1025 2583 ta-

272 2613 346 2635 men
363 2603 449 2646 quod
473 2609 656 2647 acceperat,
679 2602 853 2645 integrum,
872 2602 940 2633 sine
963 2601 1026 2632 nlla

271 2652 499 2691 diminutione,
520 2652 653 2684 servavit
676 2657 705 2683 et
727 2650 881 2689 reddidit,
904 2654 1026 2694 quanto

1065 317 1203 360 graxiori
1226 316 1389 361 supplicio
1415 327 1489 349 eum
1511 315 1681 356 affecisset,
1705 316 1759 359 qni
1781 316 1818 347 il-

1065 371 1120 404 lud
1154 371 1259 414 ipsum
1293 369 1498 409 defraudare,
1525 369 1820 411 defraudatumque

1066 424 1268 468 Apostolicae
1286 422 1544 456 confirmationis
1565 427 1751 465 tegumento
1768 433 1820 454 ce-

1066 479 1144 518 lare,
1169 478 1380 521 fraudemque
1402 477 1585 509 mendicato
1606 476 1644 508 ab
1657 486 1692 508 ea
1704 485 1822 519 appro-

1065 530 1204 563 bationis
1230 535 1395 573 [naetextu
1425 529 1634 573 pertinaciter
1662 528 1744 561 tueri
1767 539 1822 560 au-

1065 594 1118 615 sus
1140 584 1243 615 esset?
1264 583 1447 620 Praeterea,
1471 582 1494 615 si
1516 581 1673 615 Ananiam
1691 581 1728 614 de
1750 592 1821 624 pre-

1065 636 1108 668 tio
1125 637 1249 679 proprii
1271 637 1338 678 agri
1362 636 1509 668 fraudata
1530 641 1621 681 parte
1638 634 1821 673 mentitum,

1065 689 1164 729 illico,
1189 690 1218 722 in
1246 690 1368 722 fraudis
1400 701 1557 733 poenam,
1586 690 1623 722 ad
1650 689 1820 732 Apostolo-

1065 754 1136 775 rum
1155 743 1252 785 pedes
1269 741 1819 787 procidentemexpirasselegimus,

1064 807 1118 829 eos
1148 796 1203 839 qui
1232 807 1341 829 sacrae
1367 797 1531 830 Romanae
1561 795 1722 829 Ecclesiae
1752 795 1820 827 iura

1065 850 1188 893 integra
1225 850 1255 881 in
1291 860 1381 881 suain
1416 849 1586 882 utilitatem
1620 854 1819 889 convertere,

1064 901 1183 935 nedum
1206 904 1244 935 de
1266 903 1333 935 suis
1357 903 1481 946 aliquid
1512 903 1651 935 retinere
1677 902 1819 939 student,

1064 956 1102 988 iis
1123 961 1153 988 et
1178 956 1382 998 gravioribus
1412 956 1525 999 poenis
1547 955 1738 988 afficiendos
1754 965 1821 988 esse

1063 1019 1127 1041 non
1150 1008 1377 1041 censebimus?

1108 1063 1122 1103 ,ἓ
1147 1062 1178 1095 lt.
1206 1063 1248 1095 Ac
1276 1068 1447 1106 propterea
1470 1061 1554 1101 illos,
1578 1061 1635 1104 qui
1659 1061 1822 1104 praedicta

1065 1116 1146 1155 iura,
1174 1116 1307 1158 regalia,
1341 1115 1638 1147 administrationes
1668 1120 1763 1158 atque
1790 1125 1822 1146 e-

1066 1169 1265 1201 molumenta
1277 1169 1416 1201 alienata
1426 1175 1478 1201 ant
1492 1167 1736 1212 quomodolibet
1754 1178 1824 1210 gra-

1063 1228 1131 1254 vata
1153 1222 1312 1259 detinent,
1333 1222 1378 1254 uti
1405 1222 1546 1253 intrusos
1566 1227 1594 1253 et
1622 1221 1821 1260 detentoreS,

1063 1276 1102 1309 ab
1123 1276 1186 1308 illis
1208 1287 1388 1319 eorumque
1410 1275 1576 1313 exercitio,
1595 1280 1765 1318 praetensa
1790 1285 1823 1306 e-

1064 1330 1138 1363 tiam
1154 1330 1408 1363 immemorabili
1420 1329 1636 1373 possessione,
1655 1340 1710 1361 seu
1733 1328 1823 1371 quasi

1065 1395 1122 1428 per
1147 1384 1335 1428 superiores
1355 1383 1509 1416 officiales
1531 1394 1547 1415 a
1568 1382 1823 1426 quibusdepen-

1064 1438 1150 1477 dent,
1179 1438 1225 1469 vel
1258 1437 1338 1469 alios
1364 1437 1401 1468 ad
1430 1448 1511 1479 quos
1537 1441 1670 1479 spectat,
1692 1435 1823 1479 propria

1064 1491 1271 1530 auctoritate,
1295 1502 1392 1523 manu
1416 1490 1516 1532 regia,
1535 1490 1574 1522 de
1596 1490 1691 1529 sacto,
1709 1490 1777 1522 sine
1790 1500 1823 1521 a-

1065 1545 1151 1588 liqua
1173 1544 1364 1581 monitione,
1389 1543 1554 1581 citatione,
1580 1553 1695 1575 causae
1716 1542 1824 1583 cogni-

1065 1598 1172 1639 tione,
1205 1597 1319 1630 iudicis
1354 1598 1497 1633 decreto,
1524 1595 1743 1628 declaratione
1770 1601 1822 1627 aut

1066 1651 1259 1691 ministerio,
1299 1658 1326 1683 et
1357 1651 1479 1693 alisque.
1506 1650 1571 1682 ulla
1609 1649 1822 1692 pecuniarum

1065 1712 1114 1738 aut
1133 1705 1227 1749 pretii
1245 1705 1291 1737 vel
1314 1704 1461 1747 pignoris·
1477 1703 1695 1741 restitutione,
1710 1708 1740 1735 et
1756 1702 1824 1734 sine

1065 1759 1159 1802 spolii
1178 1759 1223 1791 vel
1246 1763 1477 1791 attentatoruni
1494 1757 1570 1789 vitio
1591 1756 1678 1795 eiici,
1697 1755 1825 1799 expelli,

1065 1813 1205 1845 ainoveri
1227 1818 1257 1844 et
1279 1812 1411 1855 privari,
1424 1817 1452 1844 et
1468 1811 1505 1843 ad
1522 1810 1694 1843 tradendas
1705 1815 1826 1842 etcon—

1066 1867 1238 1909 signandas
1259 1876 1484 1909 quascumque
1505 1865 1685 1908 scripturas
1707 1863 1745 1895 ad
1766 1863 1827 1895 hu-

1067 1920 1205 1952 iusmodi
1227 1919 1333 1952 officia
1355 1923 1551 1962 spectantes,
1575 1927 1655 1960 quas
1681 1926 1781 1959 penes
1794 1926 1827 1948 se

1067 1974 1198 2011 liabent,
1213 1983 1338 2005 necnon
1354 1972 1392 2004 ad
1408 1970 1647 2004 restitutionem
1659 1970 1825 2002 fructuum

1066 2026 1226 2060 dictorum
1249 2026 1432 2058 officiorum
1465 2036 1481 2057 a
1502 2024 1554 2056 die
1584 2023 1692 2055 obitus
1713 2032 1824 2055 earum

1067 2091 1294 2124 personarum,
1317 2091 1400 2124 quae
1424 2080 1489 2117 illa,
1515 2084 1545 2110 ut
1571 2076 1825 2121 praefei*tu1‘‚vel

1067 2136 1145 2167 alias
1178 2135 1223 2166 eis
1256 2133 1468 2166 vendiderunt
1498 2137 1553 2164 aut
1581 2136 1825 2169 concesserunt,

1067 2189 1296 2225 ιζΙ66ιιιῈοι-ιιιιιἸ
1329 2193 1357 2219 et
1389 2187 1428 2218 ab
1455 2186 1492 2217 iis
1524 2186 1630 2218 forsan
1654 2189 1825 2228 percepto—

1068 2254 1152 2281 rum,
1173 2248 1227 2274 aut
1245 2252 1342 2284 penes
1363 2250 1588 2284 qnoscninque
1605 2237 1823 2277 existentium,

1068 2296 1137 2338 cogi
1166 2301 1196 2327 et
1225 2294 1391 2338 compelli,
1420 2300 1449 2325 et
1480 2293 1561 2326 alios
1582 2293 1612 2325 in
1642 2302 1755 2325 eorum
1778 2292 1826 2323 lo-

1068 2360 1155 2387 cum,
1179 2349 1276 2391 gratis
1297 2354 1404 2379 tamen
1422 2358 1479 2379 nec
1499 2346 1590 2385 alias,
1604 2345 1773 2387 subrogari
1791 2343 1825 2375 lin

1069 2404 1143 2434 bere
1169 2407 1199 2434 et
1219 2401 1305 2433 licite
1336 2411 1427 2443 posse
1452 2411 1487 2432 at·
1520 2399 1654 2431 omniuo
1683 2397 1823 2435 debere;

1069 2463 1187 2494 eosque
1210 2456 1333 2483 tantum
1356 2451 1515 2483 actionem
1541 2448 1707 2492 repetendi
1731 2447 1825 2490 pretii

1068 2507 1120 2533 ant
1144 2499 1299 2543 pignoris,
1323 2499 1369 2531 vet
1396 2498 1551 2531 delendae
1578 2502 1605 2529 et
1635 2497 1824 2538 extinguen-

1069 2551 1127 2583 dae
1155 2548 1359 2591 obligationis
1387 2553 1499 2580 contra
1521 2557 1634 2579 eorum
1657 2555 1823 2589 personas,

1069 2609 1143 2631 cum
1165 2598 1285 2641 quibus
1306 2597 1365 2640 ipsi
1396 2597 1435 2629 ab
1468 2596 1560 2628 initio
1591 2593 1823 2631 contraxerint,

1069 2658 1251 2690 eorumque
1266 2646 1422 2679 haeredes
1434 2652 1462 2678 et
1479 2646 1564 2678 bona
1582 2644 1693 2687 siquae
1705 2647 1823 2681 extent,

1835 261 1887 289 Αιι.
1906 261 1934 289 C.
1953 261 2021 290 1590

1854 1071 1965 1092 Possessio
1982 1072 2025 1091 cui·

1839 1108 1927 1129 cumque
1954 1103 2023 1122 sinum

1840 1134 1955 1154 aufert-tui.
