2226 3070
86 259 140 287 An.
158 259 186 288 C.
204 256 273 286 1589

114 691 200 712 sancito
216 695 280 717 poen.

128 1645 196 1665 Causa
224 1644 286 1664 huius

101 1677 250 1697 institutionis.

943 251 1048 276 SIXTUS
1070 250 1088 274 V
1108 250 1155 274 Pr.

1754 238 1790 273 8¹1

288 307 356 350 ipsa
382 307 647 340 contraventione
682 311 739 339 aut
772 304 1042 348 transgressione,
1063 307 1068 341 t
1087 302 1289 336 commodior
1304 302 1448 336 occurrit
1464 302 1629 343 civitas,in
1643 313 1705 345 qua
1722 301 1751 335 id
1769 302 1838 335 sieri

288 367 461 394 teneantur
490 361 549 393 sub
575 371 680 404 poena
709 359 963 403 quingentorum
985 369 1044 391 au-

290 425 422 447 reorum
444 425 502 458 per
522 414 701 457 quemlibet
725 413 894 457 syndicum
930 412 1043 444 inobe-

291 467 433 500 dientem
454 478 492 500 eo
514 467 583 511 ipso
613 466 822 505 incurrenda,
855 466 894 497 ad
928 475 1044 497 execu-

291 521 412 554 tionem
434 530 614 564 poenarum
644 519 675 551 in
705 519 815 551 eadem
838 524 945 550 nostra
972 528 1045 550 con-

294 575 461 608 stitutione
490 578 729 611 contentarum,
757 571 824 604 sine
856 572 921 603 ulla
956 581 1046 603 mora

295 633 350 661 aut
369 627 534 665 dilatione,
557 625 744 669 procedere.

339 680 425 714 Nulli
446 690 522 722 ergo
543 683 600 712 etc.

339 734 453 766 Datum
484 733 605 765 Romae
626 732 711 774 apud
732 731 763 764 S.
787 731 930 769 Petrum,
962 740 1048 762 anno

295 786 527 820 lucarnationis
547 785 729 818 dominicae
755 783 928 816 millesimo
954 783 1048 826 quin-

294 839 473 883 gentesimo
486 838 706 881 octuagesimo
728 848 826 876 nono,
845 837 953 869 idibus
967 847 1048 869 mar-

294 893 343 933 tii,
363 893 570 937 pontificatus
594 892 695 925 nostri
716 901 801 924 anno
826 901 867 924 iv.

335 951 397 981 llat.
421 951 468 981 die
491 951 528 981 15
546 950 642 979 martii
666 949 759 984 1589,
777 948 882 989 pontif.
901 958 947 978 an.
968 957 1007 977 iv.

617 1120 727 1153 CXLV.

296 1199 467 1232 Institutio
487 1197 588 1230 Rotae
608 1198 644 1229 in
669 1196 801 1228 civitate
820 1195 1049 1231 Maceratensi‚

337 1251 528 1294 provinciae
552 1250 721 1283 Marchiae
746 1248 860 1282 Status
887 1248 1050 1281 Ecclesia-

339 1305 426 1345 sticz',
450 1305 492 1337 ad
516 1303 749 1347 coynoscendas
770 1303 842 1335 lices
853 1302 958 1335 dictae
974 1312 1052 1345 pro-

340 1368 480 1391 mnczae.

354 1453 451 1481 sixtus
477 1450 631 1487 episcopus.
658 1457 754 1479 servus
780 1457 921 1479 servorum
939 1449 996 1483 Dei.

442 1506 476 1535 ad
494 1506 657 1541 perpetuam
675 1505 717 1533 rei
740 1504 910 1532 memoriam.

345 1582 511 1614 Romanus
531 1581 688 1620 PontiseX,
716 1580 861 1624 supremi
883 1580 1002 1613 Iudicis
1023 1580 1055 1612 in

301 1635 396 1668 terris
414 1634 564 1675 vicarius,
587 1634 672 1666 inter
702 1634 891 1666 innumeras
912 1633 972 1666 sibi
994 1633 1055 1665 im-

303 1688 462 1721 minentes
479 1698 585 1728 curas,
609 1688 697 1720 illam
718 1686 923 1731 propensiori
947 1687 1056 1719 animo

302 1742 522 1786 amplectitur,
540 1752 596 1784 per
615 1752 711 1784 quam
733 1740 886 1774 omnibus
908 1741 939 1773 in
965 1741 1054 1782 locis,

302 1796 357 1828 sed
382 1795 573 1839 praesertim
600 1795 632 1827 in
653 1795 828 1838 provinciis
849 1794 908 1827 sibi
929 1800 959 1827 et
974 1795 1057 1838 Apo-

303 1848 434 1882 stolicae
455 1849 528 1882 Sedi
543 1849 730 1881 immediate
747 1848 915 1887 subiectis,
938 1849 1059 1892 proiu-

303 1902 388 1935 stitia
398 1902 575 1946 unicuique
587 1913 689 1946 aequa
700 1902 791 1935 lance
805 1902 1059 1934 administranda

305 1956 429 1989 iudices
448 1957 658 2000 deputantur,
695 1962 725 1988 et
756 1955 794 1987 ad
818 1956 849 1988 id
876 1956 1059 1988 necessaria

304 2009 481 2042 tribunalia
493 2009 664 2052 eriguntur
676 2014 706 2041 et
718 2009 944 2041 instituuntur.
965 2009 1058 2048 Sane,

305 2063 362 2096 etsi
375 2073 504 2106 semper
516 2073 575 2105 pro
593 2067 787 2095 cunctarum
800 2062 963 2094 civitatum
982 2068 1060 2095 tem-

306 2116 409 2160 porali
433 2121 542 2149 nostro
571 2115 716 2149 dominio
747 2115 949 2148 subditarum
976 2121 1058 2148 statu

307 2169 455 2213 pacifico,
482 2169 659 2212 tranquillo
692 2179 730 2202 ac
754 2179 924 2212 prospero,
960 2169 1062 2202 felici-

307 2234 369 2266 que
386 2223 544 2265 regimine
565 2222 826 2264 cogitaverimus,
860 2223 899 2254 ad
931 2223 1060 2265 provin-

308 2276 389 2308 ciam
411 2281 519 2309 tamen
540 2281 681 2308 nostram
712 2276 872 2308 Marchiae
894 2282 982 2309 tanto
1008 2287 1061 2309 ac-

308 2328 453 2362 curatius
473 2329 573 2361 aciem
591 2334 721 2361 nostrae
733 2329 1001 2362 considerationis
1017 2330 1062 2361 di-

310 2382 464 2422 reximus,
485 2387 608 2424 quanto
629 2381 717 2414 illam
739 2382 789 2424 <ex
817 2393 880 2426 qua
902 2383 1061 2425 originem

309 2431 472 2474 duximus)
493 2430 696 2474 propensiori
715 2431 838 2474 patriae
858 2442 968 2463 amore
990 2442 1064 2475 pro—

309 2480 489 2523 sequimur.
513 2479 550 2512 Et
571 2490 642 2512 cum
665 2480 698 2512 in
719 2490 755 2512 ea
780 2480 877 2512 etiam
899 2491 957 2523 pro
975 2491 1063 2513 com-

311 2530 464 2562 moditate
485 2528 572 2561 illius
595 2529 806 2572 populorum,
834 2540 935 2561 unum
959 2530 1063 2561 tribu-

310 2580 362 2611 nal
398 2578 556 2617 iudicum,
584 2578 697 2610 Rotam
718 2579 990 2621 nuncupandum,
1015 2579 1064 2611 in-

310 2628 446 2661 stituere
479 2627 745 2668 decrevissemus,
772 2627 862 2660 nulla
884 2627 946 2659 alia
971 2628 1065 2660 nobis

392 2677 465 2707 Ball.
489 2676 565 2705 Rom.
596 2676 648 2705 Vol.
667 2676 716 2706 IX.
950 2677 983 2707 11

1087 357 1198 401 possit,
1219 367 1315 400 quam
1342 356 1451 389 civitas
1486 355 1721 395 Maceratensis‚
1756 367 1840 398 quae

1087 411 1165 443 alias
1186 410 1320 453 insignis
1341 409 1455 448 existit,
1477 415 1507 442 et
1528 410 1591 441 sere
1613 409 1643 440 in
1667 409 1774 442 medio
1795 409 1842 441 di-

1088 469 1156 496 ctae
1178 463 1362 507 provinciae
1383 474 1419 495 ac
1441 462 1472 494 in
1493 462 1658 495 territorio
1680 462 1841 495 foecundo

1088 523 1118 549 et
1142 528 1257 550 anieno
1278 517 1337 549 sita
1359 516 1533 561 reperitur,
1570 516 1729 558 solitaque
1751 517 1842 548 sedes

1089 570 1268 612 legatorum
1294 571 1411 610 existit,
1444 569 1629 612 celebrique
1661 568 1839 613 gymnasio,

1088 623 1209 665 duplis-i
1230 624 1368 666 collegio
1389 624 1487 662 clara,
1510 622 1687 665 insignium
1709 623 1843 666 insuper

1089 676 1261 708 doctorum
1274 677 1415 719 copiosa,
1425 676 1479 720 qui
1491 676 1843 720 experientia,scientia

1089 734 1120 761 et
1151 730 1265 762 ordine
1298 730 1436 770 dicendi,
1462 730 1709 774 interpretandi,
1744 731 1843 763 advo-

1091 782 1184 814 candi
1210 788 1239 815 et
1260 784 1484 826 patrocinandi
1507 794 1621 816 eorum
1653 784 1842 827 particulari

1091 835 1197 867 studio
1222 837 1432 878 praecellent.

1135 888 1150 931 ξ
1170 888 1200 920 ’1.
1225 888 1314 921 Hanc
1336 889 1435 931 igitur
1452 889 1678 931 cogitationem
1700 896 1843 923 nostram

1091 941 1130 974 ad
1155 941 1307 974 effectum
1331 943 1510 985 perducere
1536 948 1724 983 statuentes,
1754 950 1843 977 motu

1091 996 1238 1039 proprie,
1262 1006 1325 1028 non
1347 997 1385 1028 ad
1403 997 1542 1029 alicuius
1562 996 1655 1029 nobis
1670 1008 1769 1040 super
1783 998 1845 1030 hoc

1093 1049 1217 1082 oblatae
1238 1049 1404 1093 petitionis
1424 1049 1622 1088 instantiam,
1637 1049 1690 1082 sed
1705 1061 1741 1082 ex
1758 1061 1846 1083 mera

1093 1102 1328 1135 deliberatione
1350 1108 1380 1135 et
1396 1108 1483 1135 certa
1494 1102 1629 1135 scientia
1647 1103 1777 1143 nostris,
1795 1104 1848 1136 de-

1094 1167 1157 1199 que
1182 1155 1377 1199 apostolicae
1403 1156 1570 1199 potestatis
1581 1156 1796 1199 plenitudine,
1816 1156 1849 1188 in

1094 1209 1180 1242 dicta
1201 1209 1326 1242 civitate
1348 1209 1556 1242 Maceratensi
1579 1220 1680 1241 unum
1708 1209 1849 1242 tribunal

1095 1263 1280 1295 audientiae
1305 1273 1478 1295 causarum
1510 1263 1623 1295 Rotam
1656 1274 1850 1307 nuncupan-

1095 1317 1184 1355 dum,
1206 1316 1373 1360 perpetuis
1394 1316 1512 1348 suturis
1530 1317 1734 1360 temporibus
1755 1317 1853 1350 dura-

1097 1375 1220 1409 turum,
1252 1370 1339 1412 quod
1376 1375 1523 1402 constare
1558 1370 1673 1403 debeat
1705 1370 1851 1413 quinque

1096 1423 1271 1462 iudicibus,
1287 1422 1493 1455 auditoribus
1506 1423 1746 1466 nuncupandis.
1769 1423 1855 1461 Qua-

1098 1482 1171 1509 tuor
1188 1476 1338 1509 videlicet
1358 1486 1417 1519 per
1436 1486 1495 1509 nos
1512 1481 1543 1508 et
1563 1476 1745 1509 Romanum
1771 1477 1853 1510 Pon—

1097 1530 1218 1563 tificem
1254 1540 1313 1573 pro
1342 1535 1489 1573 tempore
1518 1529 1708 1563 existentem
1739 1536 1767 1563 et
1789 1531 1853 1563 alio

1098 1594 1157 1626 per
1177 1583 1446 1616 communitatem
1469 1588 1497 1616 et
1516 1583 1665 1616 homines
1685 1583 1788 1616 dictae
1810 1585 1854 1617 ci-

1099 1636 1202 1669 vitatis
1222 1636 1448 1668 Maceratensis
1469 1636 1626 1678 eligendis
1643 1641 1672 1669 et
1694 1637 1853 1681 deputan-

1099 1690 1160 1729 dis,
1191 1690 1246 1733 qui
1273 1700 1387 1722 omnes
1408 1695 1438 1722 et
1455 1689 1597 1732 singulas
1616 1690 1852 1731 Anconitanae,

1100 1744 1280 1784 Firmanae,
1297 1743 1554 1783 Camemnensis,
1582 1744 1771 1785 Asculanae,
1796 1745 1856 1777 Fa-

1101 1798 1222 1837 nensis,
1240 1797 1429 1837 AEsinensis,
1450 1797 1675 1830 Maceratensis
1696 1803 1726 1830 et
1742 1798 1855 1831 Montis

1101 1850 1186 1891 Atti,
1214 1861 1393 1894 earumque
1431 1850 1692 1883 iurisdictionum
1732 1856 1854 1884 cetera-

1102 1915 1241 1946 rumque
1258 1909 1288 1936 et
1309 1904 1447 1936 aliarum
1467 1903 1571 1936 dictae
1594 1904 1779 1947 provinciae
1810 1905 1855 1937 ci-

1101 1958 1244 1997 vitatum,
1256 1963 1430 1997 terrarum,
1449 1957 1657 2000 oppidorum,
1676 1964 1854 1991 castrorum

1102 2011 1250 2043 villarum
1272 2017 1300 2043 et
1323 2011 1469 2043 locorum
1493 2021 1779 2054 quorumcumque
1812 2011 1858 2044 di-

1103 2070 1172 2097 ctae
1198 2064 1382 2108 provinciae
1414 2064 1599 2097 immediate
1635 2065 1855 2098 subiectorum

1104 2128 1228 2157 causas,
1264 2117 1335 2150 lites
1374 2123 1404 2150 ct
1444 2118 1678 2150 controversias
1721 2118 1855 2158 civiles,

1104 2177 1167 2203 tam
1203 2172 1353 2214 profanas
1393 2182 1490 2214 quam
1524 2172 1782 2211 ecclesiasticas,
1822 2183 1858 2205 ac

1105 2236 1210 2258 meras
1249 2230 1279 2258 et
1316 2225 1442 2265 mixtas,
1489 2226 1736 2269 quomodolibet
1777 2227 1857 2259 acti—

1106 2279 1233 2318 tandas,
1280 2289 1407 2311 necnon
1448 2279 1544 2312 etiam
1586 2279 1772 2313 criminales
1811 2279 1857 2322 (in

1105 2332 1224 2375 quibus
1257 2332 1467 2375 appellationi
1503 2333 1595 2365 locus
1633 2332 1742 2376 suerit>
1774 2333 1859 2366 inter

1107 2386 1189 2418 cives
1209 2411 1216 2424 ,
1258 2385 1404 2424 incolas,
1450 2385 1693 2422 distri‹·tuales;
1734 2386 1858 2418 habita—

1108 2440 1204 2471 tores,
1232 2434 1368 2466 clericos
1402 2439 1431 2466 et
1460 2435 1643 2467 sacerdotes
1663 2446 1699 2467 ac
1725 2434 1859 2477 collegia

1106 2489 1170 2515 tam
1199 2483 1397 2524 regularium
1429 2494 1526 2526 quam
1558 2495 1622 2516 non
1647 2484 1859 2526 regularium,

1107 2543 1144 2565 ac
1163 2532 1357 2565 monasteria
1373 2533 1529 2571 virorum,
1544 2533 1703 2574 agricolas
1719 2543 1859 2575 quoque,

1108 2586 1138 2613 et
1160 2580 1239 2613 alios
1260 2581 1406 2614 subditos
1427 2582 1486 2614 sub
1505 2582 1589 2614 dicta
1611 2581 1788 2625 provincia,
1811 2592 1861 2613 co-

1109 2640 1278 2672 gnoscere,
1296 2630 1446 2663 decidere
1467 2630 1597 2674 lineque
1618 2630 1726 2663 debito
1749 2630 1860 2662 termi-

1857 249 1909 276 Αη.
1926 248 1954 276 C.
1976 249 2042 276 ¹589

1887 905 2045 927 Erectiotribu-

1861 938 1916 957 natis
1942 936 2007 957 Rotae
2024 938 2044 957 in

1861 969 1947 989 civitate
1966 968 2044 989 Mace-

1861 1000 1942 1020 ratensi
1973 1000 2045 1020 adde-

1860 1031 1931 1050 niden.
1971 1036 2046 1050 causas

1860 1062 1955 1087 provinc.
1990 1061 2047 1081 Mar—

1861 1092 1930 1113 chiae.
