2226 3070
56 301 106 328 An.
121 299 151 326 C.
173 298 236 326 1591

63 1528 174 1557 Clausulae
187 1533 248 1554 prae-

63 1557 191 1576 servativae.

104 2169 252 2195 Transumpto-

69 2201 114 2217 rum
128 2195 187 2216 fides.

859 297 1038 322 GnEGomUS
1059 298 1111 321 xlv
1129 298 1178 320 PF.

254 347 379 380 nerales
412 347 497 380 idem
530 347 761 390 importantes,
796 346 918 379 mentio
946 357 1002 379 seu

254 400 384 443 quaevis
404 400 566 443 expressio
584 400 743 439 habenda,
759 405 810 432 aut
824 399 931 442 aliqua
941 399 1003 431 alia

255 453 412 497 exquisita
432 454 535 485 forma
565 453 603 485 ad
634 453 694 486 1106
722 453 877 485 servanda
907 452 998 491 soret,

255 506 380 540 etiamsi
409 506 440 538 in
466 507 510 539 eis
545 512 712 539 caveretur
738 516 884 549 expresse
916 505 1002 548 quod

256 559 320 593 illis
339 560 534 600 nullatenus,
559 566 613 593 aut
639 570 704 592 non
734 560 793 592 nisi
819 559 878 592 suh
909 558 1002 591 certis

256 614 355 646 modo
376 619 407 646 et
426 614 539 647 formis
557 613 706 655 derogari
724 613 834 656 possit,
864 612 1001 644 aliorum

256 667 402 700 omnium
424 672 453 699 et
474 667 675 708 singulorum
696 672 835 705 tenores,
860 676 895 697 ae
917 665 942 697 si
964 665 1002 697 de

257 721 353 753 verbo
379 720 419 752 ad
443 720 577 752 verbum
603 719 681 751 nihil
705 719 833 762 penitus
870 717 999 757 omisso,

257 779 288 806 et
308 774 410 806 forma
431 772 539 805 inillis
560 772 678 805 tradita
698 772 877 811 observata,
893 770 1002 803 inserti

257 824 1003 869 t‘orent,praesentilnisprosufficienterexpres-

257 880 300 913 sis
320 879 485 919 habentes,
507 878 569 911 illis
589 878 667 911 alias
687 878 719 910 in
731 888 788 911 suo
802 877 919 910 robore
933 888 1004 920 per-

259 933 431 974 mansuris,
452 933 512 966 hac
532 933 599 966 viee
618 933 792 971 dumtaxat,
821 931 934 964 harum
957 941 1005 963 se-

260 987 318 1028 rie,
343 987 383 1020 ad
400 987 549 1020 effectum
580 986 832 1030 praemissorum
863 985 1001 1026 deroga-

259 1040 547 1084 mus,caeterisque
559 1039 727 1072 contrariis
735 1038 1001 1081 quibuscumque.

259 1094 322 1127 Aut
342 1094 367 1126 si
389 1093 551 1137 aliquibus
572 1092 788 1126 communiter
809 1091 856 1123 vel
880 1090 1004 1123 divisim

260 1147 299 1180 ab
321 1148 434 1180 eadem
452 1146 492 1179 sit
508 1147 589 1180 Sede
611 1146 771 1179 indultum
793 1145 879 1188 quod
908 1144 1005 1176 inter-

260 1199 334 1240 dici,
374 1199 527 1243 suspendi
554 1199 601 1232 vel
637 1196 909 1231 excommunicari
940 1207 1006 1229 non

259 1255 379 1297 possint
408 1263 465 1296 per
493 1252 614 1285 litteras
636 1250 827 1295 apostolicas
856 1261 920 1283 non
960 1250 1005 1282 111-

260 1307 380 1340 eientes
400 1307 528 1350 plenam
550 1311 578 1339 et
594 1314 775 1349 expressam
792 1315 829 1337 ae
850 1304 888 1337 de
908 1303 1007 1336 verbo

260 1361 300 1394 ad
327 1360 460 1393 verbum
479 1360 518 1393 de
548 1359 672 1392 indulto
702 1357 888 1391 huiusmodi
919 1368 1008 1390 men-

262 1414 393 1448 tionem.

307 1470 323 1510 ξ
342 1468 394 1501 16.
415 1467 569 1500 Volumus
586 1472 693 1499 autem
723 1471 756 1498 ut
788 1465 1008 1509 praesentibus

264 1521 383 1555 nostris
403 1520 518 1554 litteris
543 1530 600 1564 per
631 1529 851 1563 quascumque
880 1529 1010 1551 revoca—

263 1575 366 1609 tiones
386 1586 443 1608 seu
463 1574 656 1618 apostolicas
677 1572 932 1610 constitutiones,
950 1573 1008 1604 sub

263 1629 523 1673 quibuscumque
545 1627 717 1660 verborum
739 1626 861 1663 formis,
886 1626 1009 1659 etiamsi

264 1688 353 1716 motu
374 1681 507 1726 proprio
529 1687 559 1714 et
579 1691 615 1713 ex
634 1685 721 1724 certa
745 1679 879 1712 seientia
909 1690 944 1712 ae
972 1680 1010 1712 de

263 1736 458 1780 apostolieae
478 1734 644 1779 potestatis
664 1733 865 1778 plenitudine
878 1744 1010 1766 emana-

264 1789 377 1830 verint,
402 1788 551 1831 derogari
572 1798 637 1821 non
659 1787 769 1831 possit,
794 1786 853 1819 nisi
875 1797 1007 1819 eorum-

265 1845 338 1877 dem
360 1843 604 1887 privilegiorum
626 1847 657 1874 et
675 1840 895 1885 praesentium
929 1845 1011 1873 totus

265 1902 357 1934 tenor
386 1897 424 1930 de
451 1896 549 1929 verbo
570 1896 610 1928 ad
630 1895 764 1928 verbum
785 1894 955 1934 inseratur,
976 1904 1011 1926 ae

267 1951 306 1984 de
327 1950 478 1984 omnibus
496 1955 527 1983 et
544 1948 678 1991 singulis
706 1948 809 1981 dietae
834 1957 1011 1989 congrega-

268 2003 363 2037 tionis
398 2002 603 2036 monasteriis
640 2001 832 2034 nominatim
862 2001 1013 2045 specifica

266 2057 388 2091 mentio
408 2057 474 2090 fiat.

313 2113 329 2153 ξ
348 2110 400 2143 117.
421 2110 578 2154 Quodque
592 2110 780 2143 earumdem
793 2108 1012 2152 praesentium

269 2163 488 2208 transumptis,
510 2163 605 2197 etiam
627 2162 802 2206 impressis,
832 2172 930 2195 manu
951 2162 1011 2194 ali—

269 2218 359 2252 euius
378 2217 511 2262 praelati
532 2217 608 2250 dieti
628 2216 756 2250 Ordinis
772 2221 825 2249 aut
847 2221 1012 2260 protecto-

269 2272 313 2305 ris
333 2283 369 2304 ae
390 2270 507 2304 notarii
532 2270 653 2314 publici
682 2269 880 2313 subscriptis,
909 2275 938 2302 et
969 2269 1012 2302 si-

270 2326 348 2369 gillo
378 2325 481 2359 dietae
513 2323 774 2366 congregationis
803 2329 857 2356 aut
888 2323 1017 2356 alterius

270 2390 428 2424 personae
441 2379 473 2411 111
494 2377 649 2420 dignitate
667 2376 884 2410 ecclesiastiea
901 2376 1019 2409 consti-

272 2440 357 2468 tutae
375 2433 518 2471 munitis,
534 2433 646 2465 eadem
668 2431 748 2464 fides
773 2430 974 2470 adhibeatur,
988 2430 1018 2462 in

273 2488 392 2521 iudicio
415 2493 443 2520 61
462 2492 561 2525 extra,
582 2496 663 2529 quae
690 2485 810 2517 eisdem
843 2484 1020 2527 praesenti-

272 2542 331 2574 bus
353 2540 571 2579 adhiberetur,
595 2538 620 2572 si
647 2540 749 2571 forent
783 2537 940 2570 exhibitae
971 2538 1017 2569 vel

273 2601 434 2629 ostensae.

317 2649 432 2682 Datum
453 2647 574 2680 Rornae
588 2646 673 2690 apud
694 2645 844 2679 Sanctum
863 2645 1016 2682 Marcum,

274 2701 333 2735 sub
354 2701 474 2734 annulo
494 2699 675 2739 Piscatoris,
711 2698 762 2732 die
785 2709 857 2732 xxiv
879 2702 1019 2742 septem-

1681 285 1739 317 501

1036 345 1112 385 bris,
1144 344 1314 377 millesimo
1347 343 1605 387 quingentesimo
1636 350 1778 385 'nonage-

1036 399 1118 432 simo
1139 398 1255 442 primo,
1280 397 1485 441 pontificatus
1506 396 1605 429 nostri
1627 407 1711 429 anno
1738 407 1757 429 1.

1073 462 1129 489 Dat.
1144 461 1186 488 die
1202 461 1235 488 Ἡ
1251 460 1398 496 septembr.
1416 460 1494 493 1591,
1511 462 1584 495 pont.
1603 467 1645 485 an.
1661 466 1676 485 Ι,

1362 620 1448 653 XLV.

1037 720 1269 754 [investituram
1293 719 1464 751 comitatus
1494 717 1531 750 de
1551 717 1707 759 Montafia
1732 717 1781 759 su-

1082 784 1154 805 rore
1190 772 1360 805 Francisci
1391 771 1560 814 Ssomlrati
1590 772 1711 813 [hetam
1742 771 1782 802 ab

1082 826 1320 868 (arhiepiscopo
1363 824 1560 857 Taurinensi
1598 823 1779 865 confirmat,

1084 880 1232 923 imposito
1250 879 1401 921 partibus
1419 882 1572 921 perpetuo
1592 877 1722 909 silentio
1742 876 1761 908 ¹.

1235 966 1391 1001 Gregorius
1413 966 1492 999 Papa
1514 966 1587 996 XIV,

1182 1021 1219 1048 ad
1233 1024 1410 1054 perpetuam
1425 1019 1471 1046 rei
1487 1019 1667 1046 memoriam.

1085 1095 1132 1138 Ad
1152 1093 1333 1126 Romanum
1347 1091 1536 1124 Pontificem
1549 1095 1668 1133 spectat
1689 1089 1785 1123 dubia

1041 1157 1264 1192 quaecumque
1294 1156 1471 1184 removere,
1495 1145 1535 1177 ob
1563 1154 1645 1187 quae
1666 1143 1736 1176 lites
1757 1149 1785 1176 et

1041 1201 1218 1234 discordias
1239 1199 1317 1233 oriri
1338 1209 1431 1242 posse
1456 1198 1631 1230 verendum
1663 1202 1720 1235 est,
1752 1203 1783 1229 ut

1041 1255 1114 1287 inde
1126 1253 1226 1298 quieti
1247 1258 1277 1285 et
1298 1250 1672 1289 concordiae,nobilium
1694 1261 1786 1294 prae-

1041 1308 1380 1351 56111111,1)61·5011111-11111
1394 1309 1575 1348 opportune
1587 1303 1783 1336 consulatur.

1087 1363 1103 1403 ξ
1122 1361 1152 1393 ’1.
1173 1361 1266 1399 Sane,
1291 1370 1363 1392 611111
1386 1358 1463 1391 alias
1476 1368 1533 1401 per
1545 1357 1669 1389 obitum
1683 1367 1787 1399 quon-

1043 1416 1116 1447 dam
1138 1413 1289 1447 Ludoxiei
1318 1411 1444 1445 comitis
1470 1411 1508 1444 de
1540 1409 1708 1449 Montatia,
1734 1410 1787 1453 qui

1043 1468 1164 1501 dietum
1184 1466 1370 1500 comitatum
1385 1465 1417 1497 iu
1435 1465 1565 1497 seudum
1580 1469 1784 1507 perpetuum,

1044 1523 1180 1555 durante
1199 1520 1267 1553 eius
1284 1519 1368 1558 linea
1386 1518 1573 1557 masculina,
1598 1518 1637 1549 ab
1652 1516 1788 1550 ecelesia

1045 1574 1294 1618 metropolitana
1310 1572 1500 1606 Taurinensi
1521 1571 1689 1604 obtentum
1715 1581 1789 1614 pos-

1044 1628 1178 1667 sidebat,
1203 1637 1240 1660 60
1262 1627 1349 1670 quod
1377 1625 1444 1658 sine
1466 1625 1539 1657 tiliis
1564 1624 1714 1657 masi-ulis
1736 1625 1790 1657 (16-

1045 1682 1187 1721 cesserit,
1208 1682 1248 1714 ad
1269 1679 1437 1713 eeclesiam
1459 1679 1525 1722 ipse
1549 1678 1719 1711 comitatus
1737 1679 1792 1710 de-

1045 1736 1171 1769 volutus
1184 1734 1295 1770 suerit3
1312 1739 1337 1765 et
1356 1732 1456 1765 felicis
1468 1731 1701 1765 recordationis
1715 1731 1792 1764 Gre-

1046 1790 1154 1833 gorius
1174 1790 1260 1832 Papa
1280 1786 1549 1826 decimustertius,
1564 1786 1794 1829 praedeeessor

1046 1849 1167 1880 noster,
1192 1842 1260 1875 eius
1280 1840 1516 1885 possessionem
1539 1839 1737 1883 apprehendi
1751 1840 1794 1871 16-

1046 1897 1135 1937 cerit,
1157 1896 1228 1928 lieet
1249 1895 1384 1928 dilectus
1405 1894 1491 1926 tilius
1512 1898 1620 1926 noster
1637 1892 1793 1936 Hierony-

1047 1962 1118 1984 mus
1135 1949 1218 1983 tituli
1239 1948 1345 1982 Sancti
1365 1947 1451 1981 Petri
1476 1947 1516 1980 ad
1537 1947 1671 1980 Vincula
1706 1957 1794 1990 pres-

1047 2006 1138 2049 byter
1155 2002 1328 2037 cardinalis
1354 2002 1393 2034 de
1418 2002 1552 2037 Rurere.
1578 2000 1794 2043 arehiepisco-

1047 2067 1106 2099 pus
1126 2053 1332 2088 Taurinensis
1356 2053 1405 2085 ius
1439 2051 1627 2084 investiendi
1649 2052 1688 2084 de
1710 2051 1795 2084 (licto

1048 2109 1203 2142 comitatu
1224 2108 1263 2140 ad
1284 2117 1328 2147 se,
1349 2112 1513 2149 tamquam
1536 2105 1688 2138 ecelesiae
1708 2105 1792 2137 Tau-

1050 2161 1187 2195 rinensis
1207 2159 1500 2203 arehiepiscopum,
1525 2164 1669 2202 spectare
1698 2169 1792 2202 prae-

1051 2216 1207 2255 tenderet,
1228 2224 1325 2257 super
1345 2223 1409 2256 quo
1432 2212 1487 2245 diu
1508 2211 1540 2243 in
1561 2212 1705 2244 Romana
1737 2212 1796 2243 Cu-

1052 2270 1098 2302 ria
1119 2268 1316 2312 disputatum
1350 2266 1427 2305 fuit;
1458 2275 1596 2308 eumque
1625 2264 1797 2297 novissime.

1051 2334 1109 2357 nos
1130 2324 1170 2356 ad
1187 2322 1384 2365 apostolatus
1405 2320 1540 2364 apicem,
1562 2319 1668 2353 divina
1689 2319 1798 2362 dispo-

1052 2382 1147 2410 nente
1166 2375 1347 2411 elementia,
1370 2373 1536 2418 assumpti,
1552 2373 1598 2405 liti
1612 2372 1797 2405 huiusmodi

1052 2430 1158 2463 adime
1186 2428 1346 2461 indecisae
1383 2426 1536 2470 pendenti
1567 2427 1665 2459 tinem
1695 2425 1798 2469 impo-

1053 2493 1129 2516 nere
1155 2482 1307 2519 volentes‚
1346 2491 1403 2524 per
1436 2480 1538 2524 ipsum
1567 2479 1797 2522 Hieronymum

1054 2536 1261 2575 cardinalem,
1272 2534 1317 2567 uti
1329 2533 1608 2577 archiepiscopum
1622 2532 1799 2565 Tam-inen-

1054 2600 1132 2629 sem,
1156 2588 1375 2621 investituram
1394 2587 1433 2620 de
1455 2586 1539 2619 dieto
1561 2585 1714 2619 comitatu
1729 2584 1797 2616 lieri

1054 2642 1322 2681 consenserimus,
1344 2641 1494 2684 idemque
1508 2640 1720 2683 Hieronymus
1731 2648 1800 2671 car-

1091 2707 1102 2732 1
1126 2705 1163 2732 Ex
1180 2705 1287 2741 aegest.
1303 2704 1330 2731 in
1345 2704 1451 2731 Secret.
1473 2703 1608 2730 Brevium.

1792 295 1840 320 Λη.
1857 295 1885 320 C.
1912 294 1972 321 159¹

1829 1099 1878 1119 Exn.
1885 1099 1948 1118 «lium.

1837 1365 1858 1385 Pr
1869 1366 1884 1384 st
1902 1371 1919 1383 in

1804 1390 1988 1411 61111111151161111111-

1804 1418 1851 1438 ian..
1876 1417 1988 1442 stregai-iux

1804 1445 1847 1465 Xlll
1870 1445 1933 1464 11111115
1955 1450 1989 1462 1-1·-

1804 1473 1889 1491 11111111115
1905 1476 1989 1497 pusses-

1804 1504 1883 1517 >thurin

1803 1524 1919 1545 mandaxit.

1923 1366 1989 1383 ὓΓῘΔἸΠ

1821 2057 1995 2082 11611161115111111115

1812 2083 1947 2104 'sani-mensis
1963 2089 1994 2102 m<

1811 2110 1935 2131 111165111-11111
1949 2115 1995 2135 spe-

1811 2140 1868 2157 clari·
1911 2136 1938 2157 ad
1974 2142 1995 2156 st*

1812 2164 1938 2190 praetendit.
