2226 3070
79 285 126 311 Λη.
143 284 172 310 C.
196 282 262 310 1592

97 1254 168 1275 Dietas
183 1255 258 1274 consti-

75 1281 167 1301 uniones
183 1286 259 1306 appro-

74 1309 122 1331 bat,
137 1310 155 1328 et
171 1308 259 1328 mulctas

74 1339 218 1362 quascumque
238 1339 259 1353 a·

74 1362 116 1389 pud
153 1361 258 1387 deposita-

75 1390 128 1410 rium
157 1388 258 1409 Gamerae

73 1415 165 1444 persolvi
180 1415 246 1436 iubet.

894 283 1039 307 emimus
1059 283 1117 306 vni
1134 283 1182 306 pp.

275 341 382 363 merae
400 331 599 374 Apostolicac
621 331 859 371 detrimentum,
880 341 1013 375 poenae,
1033 330 1037 402 ἵ,

276 385 412 418 mulctae
433 391 463 418 et
483 385 730 429 compositiones
751 385 943 429 praedictae,
968 385 1015 418 iu-
1034 410 1036 437 l

275 439 382 471 dicum
411 444 441 471 et
460 439 644 483 praesulum
670 439 832 472 curiarum
854 445 881 472 ct
917 439 1036 477 tribu-t

275 492 394 525 naliuin
416 492 558 525 eiusdem
577 492 665 525 urbis
685 492 830 533 arbitrio,
846 504 943 536 penes
959 504 1017 526 no-

275 545 371 579 tarios
383 552 413 578 et
433 546 509 578 alias
530 546 665 579 incertas
679 557 832 589 personas
851 547 1017 589 deponun—

276 605 336 638 tur,
359 609 396 632 ex
417 610 555 642 quorum
587 599 734 632 manibus
755 600 858 632 dictae
890 606 1017 632 nostrae
1035 620 1036 646 ζ

274 652 424 685 Gamerae
445 652 634 685 officialibus
661 653 862 696 irrequisitis,
890 650 1036 686 corum-3

1696 274 1759 309 539

1052 331 1265 371 berationum,
1289 331 1611 369 condemnationum,
1632 333 1790 377 composi-

1052 385 1186 425 tionum,
1210 385 1397 427 gratiarum,
1421 385 1643 425 abolitionum,
1659 397 1791 420 scucas-

1051 439 1221 479 sationum,
1245 450 1464 483 processuum,
1479 440 1517 472 ab
1539 440 1614 483 ipsis
1634 451 1691 484 pro
1713 446 1792 474 tem-

1052 504 1129 536 pore
1149 504 1384 531 concessarum,
1409 500 1472 526 tam
1494 505 1529 526 ex
1550 494 1627 527 iuris
1648 505 1792 528 commu-

1052 547 1100 579 nis
1131 547 1359 590 dispositione,
1395 558 1490 591 quam
1527 547 1612 580 iuxta
1648 553 1791 582 tenorem

1052 612 1329 645 (piarumcumque
1354 601 1603 645 apostolicarum
1632 602 1789 635 constitu-

1053 653 1187 691 tionum,
1211 655 1373 691 ordinum,
1397 661 1600 695 statutorum,
1623 661 1792 688 consuetu-

275 707 347 739 dem
369 706 510 740 iudicum
536 707 686 740 mandato
718 713 746 739 et
776 707 915 740 iussione
945 718 1017 751 per-
1033 689 1035 734 i
1051 707 1173 745 (linum,
1191 708 1333 741 eiusdem
1348 709 1441 742 Urbis
1462 715 1489 741 et
1512 709 1596 742 illius
1614 709 1788 747 curiarum.

275 760 455 799 solvuntuu,
475 766 503 792 et
525 761 715 804 plerumque
736 760 862 793 evenire
882 761 959 793 solet
983 766 1014 793 ut
1033 752 1035 806 i
1051 766 1101 792 aut
1125 761 1154 793 in
1176 761 1238 793 rim
1260 762 1450 803 edictorum,
1475 764 1690 804 decretorum,
1715 764 1792 797 ban-

275 814 432 847 dictarum
454 824 631 857 poenarum
655 820 685 847 et
706 814 897 847 muletarum
918 826 1016 858 pecu-
1033 819 1034 863 J
1050 814 1268 848 nimentorum
1286 827 1303 848 a
1324 816 1408 849 dicta
1428 823 1537 850 nostra
1557 818 1688 851 Gamera
1709 820 1792 862 Apo-

275 867 357 908 niae‚
370 873 558 901 occurrente
575 868 748 912 aliquando
769 868 910 901 iudicum
925 879 1016 912 prae·
1033 868 1034 910 ᾖ
1050 869 1161 901 stolica
1182 869 1329 912 illiusque
1347 870 1548 909 officialibus,
1573 882 1632 904 nec
1657 881 1721 904 non
1742 871 1791 905 iu-

276 921 433 955 dictorum
453 921 639 962 mutatione,
656 933 728 955 cum
750 922 870 955 iudices
882 923 920 955 de
933 933 1015 955 novo
1032 915 1034 941 Ῑ
1051 921 1174 954 dicibus
1199 922 1371 966 praedis-tis
1391 924 1686 966 promulgatorum,
1711 935 1788 969 pro·

274 975 427 1019 assumpti
461 975 618 1009 dictarum
640 976 849 1019 pecuniarum
871 976 1016 1009 illorum·
1032 1010 1033 1018 ἵ
1050 980 1188 1008 cessatos
1212 987 1266 1009 seu
1288 977 1518 1010 condemnatos
1547 979 1787 1018 persolvendae,

275 1040 336 1073 que
357 1030 625 1073 depositariorum
643 1029 769 1074 penitus
789 1030 849 1063 sint
871 1029 983 1071 ignari,
998 1041 1015 1062 a
1032 1024 1033 1078 J
1050 1029 1080 1061 in
1111 1029 1258 1062 manibus
1279 1030 1385 1062 dilecti
1406 1030 1463 1063 tilii
1484 1031 1611 1064 Ioannis
1632 1032 1790 1075 Baptistae

275 1082 477 1127 depositariis
494 1089 523 1116 et
544 1083 598 1116 illa
619 1083 835 1117 detinentibus
866 1083 1015 1116 facillime
1031 1084 1034 1140 l
1048 1083 1204 1120 L'bertini,
1220 1084 1392 1125 florentini,
1415 1085 1561 1117 moderni
1579 1096 1614 1118 ac
1632 1096 1691 1129 pro
1712 1092 1791 1119 tem-

275 1137 486 1170 occultentur.
1032 1141 1127 1183 {pore
1148 1137 1309 1171 existentis
1329 1138 1432 1171 dictae
1453 1139 1603 1172 Gamerae
1626 1139 1787 1183 deposita-

319 1192 336 1232 ξ
356 1190 387 1223 4.
411 1191 472 1224 Nos
492 1190 609 1234 itaque,
634 1190 707 1223 huic
728 1191 812 1223 malo
832 1191 963 1231 mederi,
979 1202 1015 1224 ac
1051 1191 1099 1229 rii,
1124 1202 1188 1224 non
1210 1198 1316 1225 autem
1343 1203 1440 1236 penes
1461 1193 1562 1226 dictos
1579 1193 1721 1226 notarios
1738 1199 1792 1227 aut

275 1244 414 1285 malitiis,
445 1250 599 1288 quantum
631 1256 703 1278 cum
736 1245 800 1278 Deo
832 1256 1012 1289 possumus,

275 1297 415 1337 obviare,
439 1298 598 1342 simulque
627 1298 729 1332 dictae
760 1304 887 1332 nostrae
907 1299 1017 1333 Game-

274 1361 328 1384 rae
338 1352 539 1396 Apostolicae
556 1352 757 1385 indemnitati
779 1353 946 1385 consulere
963 1365 1017 1386 cu-

273 1405 406 1449 pientes,
427 1411 517 1439 motu
536 1406 669 1450 proprio
690 1411 719 1439 et
740 1417 776 1439 cx
797 1412 882 1440 certa
909 1413 1017 1440 nostra

274 1459 416 1500 scientia,
433 1460 537 1503 deque
555 1460 749 1503 apostolicae
770 1461 934 1504 potestatis
951 1462 1018 1505 ple-

274 1513 430 1553 nitudine,
455 1514 643 1546 eorumdem
658 1513 703 1546 Pii
717 1519 745 1545 et
768 1513 854 1553 Sixti,
875 1515 1013 1557 praede·
1034 1514 1035 1546 3

276 1577 437 1600 cessorum
451 1572 645 1605 nostrorum,
661 1567 904 1600 constitutiones
925 1580 1016 1612 prae·

1050 1245 1127 1278 alias
1154 1256 1307 1289 personas
1346 1257 1565 1291 quascumque
1600 1247 1728 1280 realiter
1763 1254 1793 1281 et

1051 1311 1122 1332 cum
1146 1300 1259 1332 effectu
1279 1300 1483 1344 deponantur
1503 1307 1531 1334 et
1556 1302 1788 1345 persolvantur.

1096 1352 1162 1395 ξῖ).
1193 1353 1339 1387 Districtne
1370 1360 1541 1398 propterca
1572 1354 1793 1388 interdicimus

1052 1413 1079 1440 et
1101 1407 1310 1450 prohibemus
1331 1408 1451 1441 eisdem
1471 1408 1601 1447 vicario,
1626 1408 1789 1451 guberna-

1052 1461 1124 1500 tori,
1145 1462 1284 1495 auditori
1306 1468 1335 1494 et
1366 1462 1435 1495 aliis
1456 1462 1615 1495 iudicibus
1639 1464 1790 1507 supradi-

1051 1515 1119 1553 ctis,
1144 1526 1182 1548 ne
1212 1515 1243 1548 in
1263 1521 1427 1559 posterum
1448 1527 1568 1560 poenas
1592 1517 1794 1560 pecuniarias

1051 1580 1106 1602 seu
1128 1569 1261 1602 mulctas
1283 1574 1309 1602 et
1329 1569 1579 1613 compositiones
1600 1570 1789 1614 praedictas,

276 1621 376 1654 dictas
396 1626 426 1654 et
443 1620 551 1654 omnia
569 1621 601 1653 in
621 1621 666 1654 eis
683 1626 833 1654 contenta
853 1627 882 1654 et
904 1622 1014 1666 dispo·
1033 1611 1035 1656 i
1051 1623 1083 1655 in
1115 1623 1262 1657 manibus
1292 1624 1429 1657 cuiusvis
1460 1624 1590 1657 alterius
1624 1635 1790 1668 personae,

275 1675 334 1709 sita
358 1676 473 1709 harum
494 1676 575 1709 serie
596 1676 822 1710 confirmantes
843 1683 873 1710 et
892 1688 1013 1721 appro-
1034 1688 1147 1720 ¹quam
1175 1677 1361 1721 depositarii
1385 1688 1444 1721 pro
1466 1683 1611 1721 tempore
1632 1678 1793 1712 existentis

276 1729 396 1770 bantes,
420 1730 565 1774 illasque,
600 1735 757 1774 quatenus
788 1742 868 1775 opus
888 1731 942 1772 sit,
967 1732 1015 1764 in-
1051 1730 1194 1764 eiusdem
1220 1731 1369 1764 Gamerae
1390 1731 1526 1774 persolvi
1549 1731 1716 1771 mandent,
1742 1732 1790 1765 fa-

275 1789 437 1824 novantes,
460 1784 519 1817 hac
549 1788 705 1827 perpetuo
736 1784 871 1817 valitura
901 1785 1017 1818 consti-
1033 1782 1035 1819 ἰ
1051 1785 1133 1817 ciant
1155 1796 1211 1818 seu
1231 1785 1429 1828 permittant,
1459 1796 1516 1817 nec
1538 1796 1574 1818 ex
1595 1785 1639 1818 eis
1669 1791 1793 1829 partem

276 1837 398 1871 tutione
418 1843 527 1870 nostra
547 1837 719 1877 sancimus,
734 1837 903 1871 statuimus
923 1828 1114 1872 et01·-‘'sive
1143 1843 1245 1871 ratam
1284 1839 1331 1871 vel
1370 1839 1550 1882 portionem
1583 1839 1724 1883 aliquam
1757 1850 1795 1873 ex

274 1891 432 1931 dinamus,
456 1896 489 1923 ut
521 1890 671 1934 deinceps
706 1891 869 1935 perpetuis
904 1887 1235 1928 tuturisihuiusmodi
1267 1892 1378 1936 poenis
1397 1892 1457 1925 sibi
1490 1892 1629 1925 debitam
1663 1893 1794 1937 propria

274 1945 474 1989 temporibus
491 1955 614 1988 poenae
634 1955 690 1977 seu
708 1945 846 1978 mulctae
866 1947 1016 1990 pecunia-
1033 1977 1035 1989 ,

274 1999 339 2032 riae
360 2004 390 2032 et
408 1999 652 2032 confiscationes
672 1999 817 2032 omnium
835 2011 891 2033 seu
912 2001 1016 2034 cuius-

275 2052 320 2086 vis
338 2052 437 2097 partis
457 2053 617 2086 bonorum
648 2053 786 2086 inflictae
812 2059 843 2086 et
862 2054 1013 2096 infligen-

275 2107 344 2147 dae,
369 2117 463 2140 causa
484 2112 512 2139 et
543 2106 711 2139 occasione
733 2107 870 2140 cuiusvis
902 2108 1014 2140 crimi-

276 2161 335 2202 nis,
358 2171 513 2201 excessus,
539 2160 656 2201 delicti,
683 2162 832 2194 maleficii
855 2162 903 2194 vel
928 2163 1016 2205 quasi
1035 2183 1036 2186 =

276 2226 333 2259 per
352 2226 424 2248 reos
444 2225 665 2258 quoscumque
686 2214 718 2247 in
732 2215 922 2248 dilectorum
935 2216 1017 2249 tilio-
1035 2214 1036 2253 J

277 2280 348 2302 rum
369 2269 512 2302 eiusdem
537 2268 630 2302 Urbis
650 2268 770 2307 vicarii,
794 2269 1018 2311 gubernatoris

277 2334 313 2357 ac
333 2323 444 2356 Curiae
465 2332 633 2355 causarum
651 2322 800 2355 Gamerae
818 2323 1018 2366 Apostolicae
1035 2320 1037 2345 ἶ

277 2376 434 2419 generalis
454 2376 608 2409 auditoris
637 2381 667 2409 et
687 2376 824 2409 aliorum
856 2387 1015 2420 quorum-

277 2441 415 2474 cumque
438 2431 602 2463 Romanae
621 2429 732 2463 Curiae
760 2429 967 2463 tribunalium
989 2436 1019 2463 et.

278 2485 397 2525 curiae,
419 2490 482 2517 tam
503 2484 542 2517 ab
555 2484 743 2517 eorumdem
765 2484 971 2517 tribunalium
990 2490 1017 2518 et

278 2538 441 2571 curiarum
473 2537 631 2570 iudicibus
656 2537 838 2575 ordinariis,
862 2548 958 2580 quam
980 2538 1018 2570 ab

279 2591 323 2625 eis
343 2591 512 2635 deputatis,
528 2596 596 2624 turn
608 2601 665 2635 per
676 2590 858 2630 sententias,
876 2591 1014 2631 decreta,

277 2656 459 2690 processus,
477 2650 544 2678 tuni
565 2644 661 2678 etiam
680 2655 737 2688 per
757 2644 840 2677 viam
860 2644 1019 2688 supplica-

279 2700 414 2741 tionum,
437 2699 679 2741 remissionum,
704 2699 953 2740 absolutionum,
984 2700 1037 2734 li-1

1051 1947 1239 1980 auctoritate
1260 1946 1412 1986 retinere,
1437 1952 1489 1978 aut
1515 1957 1532 1979 a
1563 1946 1708 1989 partibus
1728 1947 1793 1979 exi-

1050 2012 1126 2043 gere
1145 2002 1280 2033 valeant.

1096 2054 1154 2097 36.
1172 2055 1259 2087 Idem
1280 2065 1355 2087 vero
1378 2054 1588 2097 depositarius
1605 2065 1793 2098 quamcum-

1051 2120 1112 2151 que
1133 2108 1341 2152 pecuniarum
1364 2118 1523 2140 summam
1541 2118 1635 2141 causa
1655 2114 1685 2141 et
1702 2118 1794 2142 occa-

1051 2162 1140 2195 sione
1161 2172 1349 2205 poenarum,
1375 2161 1566 2194 muletarum
1589 2167 1617 2194 et
1636 2162 1795 2206 composi-

1053 2215 1174 2248 tionum
1197 2215 1432 2259 praedictarum
1446 2214 1473 2247 ei
1492 2215 1746 2258 persolvendam,
1761 2215 1793 2248 in

1035 2269 1134 2304 ,libro
1155 2268 1340 2312 particulari
1371 2279 1460 2301 more
1492 2274 1707 2302 mercatorum
1743 2274 1790 2302 te-

1053 2323 1158 2356 nendo
1180 2322 1336 2355 describat
1359 2327 1387 2355 et
1410 2322 1554 2355 adnotari
1576 2322 1679 2363 saciat,
1705 2328 1734 2355 et
1755 2323 1794 2357 de

1035 2377 1097 2410 ‚eis
1119 2377 1238 2409 bonum
1270 2382 1299 2409 et
1327 2376 1421 2409 tidele
1451 2382 1637 2420 computum
1674 2382 1789 2417 teneat,

1053 2442 1135 2474 quae
1166 2436 1317 2474 computa
1337 2430 1462 2473 singulo
1489 2441 1573 2464 anno
1604 2431 1634 2463 in
1663 2432 1794 2465 Gamera

1053 2484 1235 2528 Apostolica
1256 2484 1412 2525 exhibeat,
1438 2485 1520 2517 iuret
1540 2491 1569 2518 et
1589 2485 1719 2518 solidari
1741 2497 1794 2518 cu-

1054 2543 1114 2572 ret„
1151 2538 1365 2582 pecuniasque
1398 2538 1577 2582 praedictas
1608 2549 1671 2572 non
1703 2539 1795 2571 aliter

1036 2602 1149 2636 quam
1170 2591 1202 2623 in
1224 2591 1286 2624 rin]
1306 2592 1534 2625 mandatorum
1561 2602 1659 2624 manu
1685 2598 1793 2625 nostra

1053 2657 1107 2678 seu
1128 2645 1336 2678 cameralium
1357 2645 1547 2679 dilectorum
1568 2645 1708 2678 filiorum
1730 2655 1790 2678 no-

1053 2706 1192 2732 sirorum
1213 2705 1243 2732 et
1262 2699 1292 2733 S.
1316 2700 1351 2733 R.
1369 2700 1402 2733 E.
1426 2699 1593 2733 camerarii
1615 2705 1645 2732 et
1667 2699 1793 2732 thesau-

1806 286 1852 311 An.
1871 286 1898 312 C.
1923 285 1988 313 1592

1855 1366 1869 1385 A
1886 1365 1993 1386 iudicibus

1808 1392 1860 1412 hacc
1883 1392 1991 1413 observari

1808 1418 1899 1439 mandat⁴

1810 2062 1942 2088 Depositam«)
1953 2062 1992 2083 {or-

1808 2095 1862 2109 mam
1879 2089 1992 2109 observan-

1809 2115 1855 2135 dam
1868 2116 1993 2137 praescribit

1809 2142 1828 2163 in
1839 2142 1876 2163 red
1885 2142 1952 2163 lendis
1960 2148 1992 2163 ra-

1808 2169 1914 2191 tionibus.
1930 2172 1950 2189 et
1973 2170 1992 2190 in

1808 2196 1948 2216 solutionibus
1964 2196 1992 2216 sa-

1809 2223 1897 2243 mundis.
