2226 3070
66 268 118 295 An.
134 267 164 296 C.
184 268 251 296 1590

925 268 1029 292 sixrits
1053 268 1071 291 V
1091 269 1140 292 PP.

1719 261 1731 294 ‘l
1740 261 1776 295 81

263 332 394 363 sannae,
415 328 445 355 et
463 322 548 365 ipsos
569 323 670 355 sontes
687 321 858 363 diligenter
880 323 1023 364 integros
1039 325 1047 381 1
1066 321 1227 365 cultisque
1243 321 1422 354 ¹seminibus
1442 329 1556 355 auctae
1577 331 1633 356 aut
1653 330 1822 357 consertae

264 375 345 409 tueri
368 381 466 419 atquc
480 386 606 408 curare.
623 376 855 419 Quaecumque
872 387 947 408 vero
962 376 1021 419 ipsi
1065 375 1293 415 adnascentur,
1311 376 1416 408 statim
1431 376 1462 408 in
1479 376 1661 410 visitatione
1679 379 1826 412 recidan-

263 429 442 462 visitatores
462 429 493 461 in
524 429 668 473 qualibet
688 429 868 462 visitatione
890 441 1021 473 repara-

264 482 350 515 tione
385 482 532 525 indigere
568 482 759 525 repererint,
787 493 824 515 ea
852 482 1020 526 quampri-

263 546 353 568 mum
378 535 621 579 congregationi
652 535 837 578 praedictae
871 535 1021 568 cardina-

263 589 354 629 lium,
376 589 409 622 in
429 600 505 632 qua,
525 588 796 632 quotiescumque
813 600 894 632 opus
911 589 1019 628 fuerit,

263 641 612 681 inte1·veniant‚referrc
626 642 851 686 debeant;ipsa
860 653 934 675 vero
946 653 1021 675 con-

262 696 406 739 gregatio
427 707 486 729 nos
507 702 537 729 et
552 705 755 728 successores
773 701 900 728 nostros
918 695 950 727 in
973 706 1022 727 re-

262 749 323 781 bus
343 748 546 791 gravioribus
565 748 738 781 consulere
752 753 914 781 teneatur.
929 748 1021 787 Quod

261 803 286 835 si
311 802 501 835 corumdem
528 802 727 834 visitatorum
753 802 849 845 culpa
870 807 901 834 et
921 802 1022 844 negli-

260 856 367 899 gentia
400 856 523 899 aliquid
559 855 760 889 incommodi
797 855 1020 898 aquaeductus

259 909 363 943 forma
388 910 603 950 contraxerit,
631 915 685 942 aut.
712 909 756 950 id,
778 909 865 953 quod
890 914 1019 942 contra-

260 969 347 997 ctum
374 963 446 1003 erit,
471 963 639 996 confestim
663 969 849 1007 reparatum
871 974 936 996 non
950 963 1020 996 sue-

260 1016 313 1054 rit,
345 1016 376 1049 id
397 1021 499 1049 totum
527 1016 671 1060 ipsorum
698 1016 899 1049 visitatorum
930 1027 1019 1049 sum-

259 1070 368 1114 ptibus
383 1075 565 1113 reparetur.
585 1069 629 1102 Ne
647 1075 756 1102 autem
773 1070 841 1113 ipsa
857 1070 1019 1113 reparatio

258 1123 380 1156 diutius
400 1123 621 1167 protrahatur,
642 1133 851 1167 quocumque
872 1128 1019 1167 tempore

259 1177 383 1221 aliquid
403 1177 548 1221 reparari
569 1177 763 1220 oportuerit,
786 1178 954 1210 confestim
972 1188 1020 1211 re-

259 1237 404 1276 paretur,
422 1241 462 1264 ne
476 1231 603 1264 modica
616 1231 754 1274 irruptio
771 1231 928 1264 maiorem
944 1242 1021 1264 con-

258 1290 448 1328 sequentem
470 1284 717 1317 dissolutionem
733 1285 880 1327 gignens,
905 1290 1018 1325 totum,

243 1344 294 1379 ,ut
318 1339 411 1379 solet,
439 1349 543 1382 aquae
572 1339 699 1371 alveum
725 1338 844 1371 diruat.
872 1338 963 1377 Quod
986 1345 1020 1372 ut

258 1397 447 1436 opportuna
457 1402 586 1436 semper
595 1392 761 1425 celeritate
774 1392 839 1431 tiat,
852 1398 1019 1425 coementa

259 1451 289 1479 et
306 1446 368 1479 alia
383 1446 566 1479 necessaria
582 1451 675 1479 antea
696 1452 944 1490 praeparentur.
964 1447 1020 1479 Ar-

259 1499 402 1532 tificibus
428 1510 503 1532 vero
535 1499 625 1542 operi
655 1500 835 1540 destinatis,
868 1499 963 1533 liceat
983 1511 1019 1533 ex

259 1552 344 1594 agris
364 1552 564 1596 privatorum
581 1558 714 1593 terram,
735 1553 862 1593 limum,
881 1553 1017 1596 lapides,

258 1606 386 1647 testam,
408 1617 554 1646 arenam,
586 1606 671 1650 ligna
696 1612 870 1650 ceteraque
899 1607 1019 1650 quibus

259 1659 298 1692 ad
315 1670 385 1692 eam
404 1670 472 1693 rem
492 1671 575 1704 opus
592 1665 650 1701 est,
672 1661 887 1704 undequaque
906 1672 1018 1694 earum

258 1713 403 1757 proxime
432 1714 544 1747 tollere
580 1720 610 1747 et
644 1716 882 1757 transportare,
912 1715 1018 1747 domi-

258 1766 307 1799 nis
323 1767 414 1810 prius
439 1768 544 1812 pretio
565 1769 745 1812 persoluto;
769 1768 843 1801 talia
863 1779 939 1801 vero
965 1779 1017 1801 ex-

257 1821 465 1864 portantibus
478 1821 596 1855 itinera
614 1822 760 1854 etaditus
777 1819 898 1865 ubique
916 1822 1018 1854 libere

257 1879 397 1918 pateant.
430 1875 601 1908 Praeterea
627 1876 728 1919 spatia
764 1876 851 1909 circa
883 1875 1016 1908 ductum

256 1927 400 1960 eiusdem
417 1939 535 1971 aquae,
560 1934 623 1962 tam
641 1929 724 1962 iutra
742 1940 840 1973 quam
858 1934 946 1962 extra
958 1929 1017 1962 Ur-

256 1981 329 2014 bem
354 1981 534 2021 existentia,
557 1982 714 2016 aediticiis
734 1983 854 2026 quibus
873 1983 1016 2016 vicinum

255 2045 338 2077 opus
363 2034 544 2067 obstruitur
558 2041 588 2068 et
604 2036 791 2076 arboribus,
812 2048 951 2081 quarum
969 2048 1018 2070 ra-

256 2087 382 2121 dicibus
399 2090 702 2123 concamerationes
718 2096 749 2123 et
764 2091 865 2124 latera
885 2091 1016 2124 solvim-

256 2146 319 2182 tur,
339 2141 451 2185 viginti
471 2143 511 2175 ad
528 2142 636 2176 minus
662 2145 774 2188 pedes,
798 2155 837 2177 ne
872 2145 929 2177 rivi
949 2144 1016 2177 vio-

255 2195 376 2235 lentur,
405 2202 543 2240 utraque
568 2207 605 2229 ex
622 2202 715 2240 parte
742 2203 867 2237 vacent;
891 2197 1016 2243 ipsique

257 2249 375 2288 fontes,
397 2250 538 2283 fornices
554 2256 585 2284 et
599 2250 684 2283 muri
705 2251 795 2284 vacui
814 2252 946 2284 totidem
964 2263 1017 2296 pe-

256 2301 312 2334 des
343 2303 495 2336 similiter
516 2309 657 2347 pateant.
681 2305 799 2347 Siquae
826 2305 901 2338 item
928 2317 1016 2339 nunc

256 2356 389 2389 arbores
408 2357 494 2390 intra
523 2357 554 2390 id
574 2358 725 2402 spatium,
755 2364 810 2392 aut
835 2360 944 2402 siquae
965 2372 1015 2394 sa-

257 2409 343 2450 licta,
374 2411 580 2452 arundineta,
603 2423 729 2456 vepres,
756 2412 846 2452 vites,
868 2414 1014 2457 caprifici

257 2463 312 2491 aut
331 2464 437 2492 sentes
457 2466 544 2500 sunt,
573 2460 655 2493 infra
682 2472 825 2494 mensem
846 2472 863 2494 a
884 2462 934 2495 die
954 2474 1014 2506 pu-

255 2507 440 2541 blicationis
474 2509 693 2552 praesentium
734 2510 989 2553 computandum
1005 2538 1012 2551 ,

255 2556 360 2589 statim
383 2557 574 2591 excidantur
594 2562 624 2590 et
641 2558 860 2591 eradicentur.
883 2559 914 2591 Si
932 2571 1015 2603 quae

256 2611 363 2638 autem
379 2606 410 2638 in
426 2612 603 2649 posterum,
617 2607 694 2640 solis
710 2608 817 2640 calore
831 2613 862 2640 et
876 2607 894 2639 li
902 2618 1014 2641 umore

255 2664 413 2698 aquarum
441 2660 497 2688 aut
525 2656 588 2688 alia
613 2666 710 2689 causa
738 2657 926 2698 accedente,
959 2668 1013 2690 oc-

1065 434 1128 460 tur.
1154 429 1242 461 ruti-i
1264 429 1360 461 etlam
1379 429 1418 461 ad
1436 430 1519 462 aeris
1536 431 1773 464 exhalationem
1795 438 1825 465 et

1065 481 1241 515 faciliorem
1254 483 1479 525 aquaeductus
1492 485 1759 527 expurgationem
1778 496 1825 518 as-

1065 535 1190 574 servati,
1214 542 1244 569 et
1264 547 1300 568 ex
1317 536 1417 579 polito
1438 536 1544 580 lapide
1562 538 1707 578 obducti,
1730 549 1824 582 prae-

1064 594 1112 621 ter
1129 590 1351 623 necessitatem
1367 590 1530 634 publicam
1543 601 1608 623 non
1622 592 1822 634 aperiantur,

1065 652 1123 674 nec
1142 644 1263 676 t'ormae
1282 654 1398 687 specus
1414 644 1632 687 perforentur,
1651 655 1709 678 nec
1725 656 1821 689 aqua,

1064 696 1129 728 sive
1150 697 1349 731 clandestine
1367 698 1431 731 sire
1452 698 1569 742 palam,
1588 709 1647 742 per
1666 698 1727 731 vim
1750 710 1824 742 pro-

1064 749 1133 791 pria
1160 751 1351 784 auctoritate
1382 763 1398 784 a
1418 762 1584 795 quoquam
1610 752 1674 784 alio
1699 752 1823 786 derive-

1063 807 1128 842 tur,
1152 814 1211 836 nec
1233 805 1384 848 amplius,
1405 816 1501 848 quani
1523 805 1734 849 impetratum
1753 806 1821 839 sue·

1063 854 1116 895 rit,
1143 861 1174 888 et,
1203 867 1267 889 non
1288 858 1420 890 aliunde
1449 869 1547 901 quam
1574 870 1609 891 ex
1635 859 1823 903 supradicto

1063 908 1150 941 sonte
1171 910 1326 953 primario
1348 916 1402 943 aut
1420 922 1456 944 ex
1477 912 1620 945 fontibus
1641 912 1822 945 minoribus

1064 961 1288 1006 infrascriptis;
1303 963 1453 996 videlicet
1470 964 1574 1007 primo
1590 964 1620 997 in
1633 966 1717 1005 loco,
1734 973 1822 999 extra

1063 1021 1188 1059 portam
1203 1016 1234 1049 S.
1254 1016 1393 1057 loannis,
1414 1018 1445 1049 in
1458 1019 1727 1061 supranominato
1749 1021 1821 1053 loco

1062 1069 1116 1111 qui
1134 1069 1253 1102 dieitur
1273 1071 1316 1103 ad
1335 1071 1483 1112 Formas,
1503 1072 1541 1104 ad
1556 1072 1713 1105 viatorum
1731 1084 1820 1107 eom-

1063 1123 1210 1163 modum3
1230 1125 1374 1157 secundo
1392 1125 1431 1157 ad
1448 1125 1577 1158 Portam
1592 1127 1623 1158 S.
1642 1127 1819 1167 Laurentii;

1062 1176 1157 1209 tertio
1178 1177 1217 1209 ad
1230 1177 1357 1210 Portam
1376 1179 1526 1211 Maiorem
1549 1179 1587 1212 ad
1609 1190 1703 1213 usum
1721 1187 1822 1214 trans-

1062 1230 1209 1263 euntium
1243 1242 1260 1264 a
1290 1232 1383 1264 nobis
1414 1233 1592 1273 extructis;
1625 1244 1685 1267 nee
1710 1245 1747 1266 ex
1773 1235 1823 1268 liis

1062 1280 1184 1323 absque
1202 1280 1306 1313 dietae
1323 1282 1585 1325 congregationis
1605 1283 1821 1316 cardinalium

1062 1339 1233 1369 consensu,
1255 1335 1283 1362 et
1304 1330 1371 1363 siue
1397 1337 1508 1363 nostro
1530 1332 1578 1364 vel
1595 1343 1822 1366 successorum

1061 1384 1245 1411 nostrorum
1278 1390 1450 1420 consensu,
1474 1391 1534 1413 nec
1553 1381 1666 1414 latiore
1688 1382 1822 1415 modulo

1062 1432 1117 1459 aut,
1138 1428 1244 1460 listula
1268 1429 1464 1462 deducatur.

1105 1476 1120 1520 ἓ
1146 1477 1198 1510 10.
1224 1477 1261 1510 Et
1282 1483 1315 1510 ut
1333 1478 1483 1511 universa
1504 1479 1575 1520 ista,
1598 1491 1681 1523 quae
1702 1481 1742 1513 ad
1765 1491 1823 1514 un-

1061 1535 1156 1567 guem
1188 1526 1351 1560 observari
1374 1528 1537 1571 cupimus,
1564 1539 1669 1572 poena
1695 1536 1822 1563 contra-

1062 1575 1266 1609 venientibus
1284 1577 1437 1619 irrogata,
1457 1577 1496 1610 ab
1515 1578 1666 1611 omnibus
1682 1579 1821 1622 diligen-

1062 1623 1183 1658 tissime
1215 1626 1453 1665 custodiantur,
1486 1627 1545 1660 hac
1571 1627 1684 1660 eadem
1711 1634 1822 1661 nostra

1061 1674 1293 1708 constitutione
1319 1682 1476 1719 perpetuo
1497 1676 1673 1717 sancimus,
1705 1683 1741 1710 ut
1766 1678 1822 1721 qui

1061 1723 1166 1756 sciens
1187 1724 1262 1757 dolo
1284 1726 1368 1758 malo
1394 1725 1512 1766 rivum,
1540 1726 1626 1769 quod
1652 1727 1745 1767 absit,
1768 1738 1823 1760 no-

1061 1773 1118 1805 xiis
1134 1773 1285 1807 sordibus
1306 1774 1465 1815 infecerit,
1479 1781 1531 1808 aut
1548 1786 1666 1819 aquam
1688 1777 1727 1809 ad
1749 1788 1821 1809 cor-

1062 1832 1178 1866 porum
1213 1823 1391 1866 perniciem
1427 1825 1630 1868 corruperit,
1658 1825 1820 1859 bonorum

1061 1872 1207 1904 omnium
1239 1873 1412 1906 amissione
1437 1880 1468 1907 et
1497 1875 1627 1918 capitali
1663 1877 1821 1909 sententia

1061 1931 1119 1964 per
1147 1921 1253 1954 dietae
1278 1922 1373 1954 Urbis
1401 1923 1654 1966 gubernatorem
1684 1935 1771 1958 nunc
1791 1931 1822 1959 et.

1062 1981 1119 2013 pro
1142 1976 1288 2014 tempore
1314 1971 1502 2005 existentem
1530 1972 1672 2013 ferenda,
1702 1974 1821 2017 plecta-

1060 2024 1123 2052 tur.
1157 2020 1188 2053 Si
1214 2020 1286 2063 quis
1308 2021 1383 2053 item
1406 2026 1518 2053 eontra
1539 2032 1588 2061 ea,
1620 2033 1702 2064 quae
1723 2033 1821 2066 supra

1060 2068 1144 2101 dicta
1165 2076 1250 2109 sunt,
1268 2070 1392 2113 aliquid
1418 2070 1630 2111 commiserit,
1653 2070 1684 2103 in
1707 2072 1821 2114 primis

1060 2119 1214 2151 damnum
1237 2120 1325 2162 quod
1355 2120 1575 2163 aquaeductui
1597 2120 1692 2164 culpa
1717 2121 1820 2165 ipsius

1060 2168 1185 2200 illatum
1207 2168 1316 2209 fuerit,
1345 2169 1416 2201 eius
1445 2169 1630 2213 sumptibus
1649 2171 1819 2215 quampri-

1061 2227 1149 2249 mum
1182 2217 1353 2250 sarciatur.
1382 2217 1440 2256 Qui
1472 2229 1567 2258 vero,
1593 2229 1818 2263 quascumque

1059 2266 1283 2309 aquaeductus
1313 2273 1474 2300 commeat
1509 2267 1629 2300 formas
1663 2268 1818 2313 utrinque

1059 2316 1273 2359 praescripto,
1299 2321 1331 2348 ut
1359 2317 1554 2359 praefertur,
1578 2317 1681 2360 spatio
1701 2328 1818 2350 vacuas

1059 2364 1207 2403 reddere,
1231 2370 1261 2397 et
1281 2364 1422 2407 integras
1446 2376 1638 2399 conservare
1667 2367 1816 2409 neglexe-

1058 2413 1112 2453 rit,
1144 2414 1229 2446 ultra
1254 2413 1479 2447 aedificiorum
1511 2415 1756 2449 demolitionem
1787 2423 1817 2449 et

1058 2462 1213 2495 arborum
1236 2462 1502 2504 eradicationem,
1522 2464 1645 2508 praedii
1666 2465 1817 2498 adiacen-

1059 2511 1096 2543 tis
1132 2511 1313 2554 privatione
1349 2513 1536 2546 mulctetur.
1577 2513 1635 2552 Qui
1672 2513 1816 2557 denique

1057 2570 1173 2602 aquam
1199 2561 1330 2604 propria
1354 2562 1546 2595 auctoritate
1574 2562 1731 2601 derivare,
1761 2567 1816 2595 aut

1057 2609 1187 2642 aliunde
1217 2621 1314 2653 quam
1347 2621 1384 2643 ex
1416 2611 1626 2655 praescriptis
1658 2611 1811 2650 sontibus,

1056 2664 1111 2691 aut
1131 2658 1194 2692 alio
1215 2670 1314 2702 quam
1335 2670 1433 2704 supra
1454 2666 1607 2694 statutum
1633 2667 1691 2701 est,
1717 2661 1813 2695 modo

1842 269 1893 297 An.
1911 269 1939 297 C.
1960 270 2026 299 1590

1852 1488 2020 1509 Contraveniow

1839 1519 1894 1540 tibus
1910 1519 1950 1545 tite,
1965 1525 2019 1546 quae

1839 1551 1873 1571 liic
1889 1552 2022 1578 praecipiun-

1839 1584 1878 1606 tur,
1892 1582 2020 1608 poenastm-

1839 1613 1904 1639 ponti.
