2226 3070
74 245 126 274 An.
144 244 172 274 C.
191 246 258 274 1588

117 998 254 1025 formamque

72 1030 210 1056 depromendi
222 1035 257 1056 pe·

72 1062 146 1082 eunias
160 1061 181 1081 in
193 1066 256 1087 fine-

72 1092 135 1112 dicii:
172 1092 256 1112 casibus

73 1124 107 1143 liic
129 1124 216 1150 apponii
235 1125 257 1143 et

72 1154 155 1174 servari
170 1154 256 1180 praeci-

71 1188 110 1208 ml.

937 241 1041 265 SlXTUS
1064 241 1084 263 V
1108 241 1156 264 PP.

273 295 495 329 stitutionibiis
525 294 744 339 praescriptae
776 301 806 328 et
837 294 1028 338 praefinitae

273 355 359 382 sunt.
382 350 588 382 Declarantes
609 355 735 382 nostrae
756 348 1029 381 voluntatismeii-

274 402 377 446 lisque
397 414 465 436 esse
496 409 530 435 iit
563 403 649 445 quod
688 403 720 434 iii
754 402 830 445 ipsis
865 401 1028 445 prioribus·

274 457 561 490 constitutionibus
581 457 619 489 de
640 455 888 498 recuperatione
908 455 1026 487 Terrae

275 510 409 543 Sanctae
442 515 473 542 et
501 509 645 552 generali
679 507 882 551 expeditione
917 513 1028 540 contra

274 564 395 596 Turcas
425 562 547 596 dictum
577 562 648 603 suit,
681 562 765 594 idem
796 561 891 593 etiam
919 561 1027 593 locum

274 616 418 650 obtineat
447 615 552 658 quoad
578 625 691 648 omnes
726 614 783 647 lias
811 615 876 647 Deo
907 614 1028 647 dicatas

274 669 431 712 pecuniae
456 679 610 709 summas,
637 668 670 701 in
695 667 943 711 recuperatione
977 678 1028 700 re-

273 731 412 764 gnorum
434 732 451 754 a
472 721 734 764 quibuscumque
763 720 943 753 catholicae
968 720 1029 753 Ro-

272 785 387 808 manae
410 774 573 808 Ecclesiae
598 774 745 808 hostibus
778 780 1025 818 occupatorum,

272 833 303 861 et
322 828 355 861 in
376 829 581 872 expeditione
619 839 717 872 quani
748 833 861 862 contra
895 829 1026 862 eosdem

271 882 402 916 decerni
427 893 464 916 ac
484 881 554 916 fieri
572 881 755 924 contigerit.

316 930 383 974 53.
407 931 465 964 Ubi
496 941 571 964 vero
596 931 630 963 in
657 929 866 975 praescriptis
900 932 1028 965 casibus

271 984 487 1028 pecuniarum
508 984 633 1028 aliquid
657 983 741 1017 suini
762 983 935 1018 necessitas
955 996 1028 1029 pos-

272 1040 434 1080 tulaverit,
455 1040 605 1072 volumus
621 1044 657 1072 ut
672 1039 711 1071 dc
733 1044 798 1072 tota
818 1050 945 1073 summa
963 1046 1026 1073 tam

271 1092 496 1136 superioribus
516 1092 607 1125 annis
623 1102 721 1135 quain
747 1092 844 1125 ctiam
866 1103 954 1126 nunc
979 1104 1028 1127 rc-

271 1146 386 1190 posita,
405 1146 467 1179 hoc
485 1156 618 1190 prorsus
638 1151 743 1178 etnon
764 1145 827 1179 alio
854 1146 952 1180 modo
973 1158 1028 1191 pe-

271 1200 387 1233 cuniae
406 1205 577 1233 sumantur
597 1205 628 1233 et
647 1206 834 1243 erogentur:
858 1200 1026 1242 nimirum,

270 1260 307 1286 ut
326 1254 358 1287 in
379 1254 572 1288 consistorio
602 1260 728 1288 secreto
748 1255 1026 1299 praescriptarum

270 1308 499 1341 necessitatum
524 1308 679 1352 qualitate
701 1319 737 1340 ac
758 1319 869 1341 rerum
892 1314 922 1341 et
941 1315 1025 1343 tein-

269 1372 386 1405 porum
399 1362 526 1395 ratione
546 1361 718 1405 diligenter
737 1372 908 1406 perpensa,
930 1368 1027 1406 atque

269 1414 311 1447 ita
332 1421 468 1458 cogente
490 1415 587 1448 trium
605 1415 719 1448 saltem
745 1426 782 1448 ex
794 1421 936 1458 quatuor
951 1427 1027 1459 par-

269 1469 355 1502 tibus
376 1469 603 1510 cardinalium,
629 1469 685 1512 qui
706 1469 900 1502 consistorio
926 1469 1027 1503 inter-

270 1523 403 1563 fuerint,
421 1522 514 1556 sicuti
532 1524 565 1556 in
587 1523 777 1568 pi·ieiiisei'ta
793 1523 1028 1557 constitutione

270 1581 378 1609 nostra
403 1577 563 1610 sancitum
589 1583 657 1617 est,
689 1586 863 1617 consensu,
896 1577 1027 1611 decreto

269 1635 301 1662 et
320 1629 560 1673 subscriptione
580 1629 746 1670 adhibitis,
761 1640 797 1662 ex
810 1630 908 1663 ternis
919 1630 1028 1664 decies

270 1682 416 1716 centenis
437 1682 580 1715 millibus
614 1693 790 1716 aureorum
810 1693 983 1717 nummum
1010 1696 1027 1718 a

268 1735 554 1780 nobisrepositis1
577 1746 642 1769 non
654 1737 740 1770 ultra
757 1736 936 1781 quingenta
954 1739 1026 1771 inil-

269 1789 312 1822 lia
332 1800 503 1823 numinum
529 1790 635 1834 promi
656 1790 762 1824 liceat.
778 1791 816 1823 Et
839 1802 875 1824 ea
895 1792 1026 1834 quidem

269 1843 521 1887 quingentorum
549 1844 693 1877 millium
714 1855 853 1886 sumnia,
876 1857 942 1879 non
963 1853 1028 1881 tota

269 1897 452 1946 simul,4sed
470 1898 638 1941 paulatim,
662 1891 830 1932 moderate
848 1905 878 1932 et
899 1911 1027 1946 succes-

269 1951 334 1985 sive
354 1952 579 1996 depromatur,
614 1963 674 1997 per
707 1958 810 1987 certas
844 1955 1024 1998 portiones,

268 2016 352 2049 quae
373 2006 406 2039 in
426 2006 541 2040 eodem
557 2006 764 2047 consistorio,
778 2007 810 2040 in
823 2018 888 2051 quo
910 2008 948 2042 de
963 2015 1028 2043 tota

269 2070 304 2093 re
319 2059 567 2101 deliberabitur,
592 2071 610 2093 a
629 2060 732 2094 tribus
752 2062 899 2105 partibus
922 2062 1027 2096 cardi-

269 2114 407 2155 nalium,
429 2120 465 2148 ut
485 2116 608 2149 dictum
630 2121 688 2156 est,
710 2116 862 2149 omnibus
890 2116 1027 2161 diligen-

270 2174 319 2202 ter
350 2168 559 2209 examinatis,
587 2169 736 2203 decretae
776 2176 806 2203 et
837 2171 1028 2215 praefinitae

271 2222 402 2255 fuerint.
430 2222 522 2261 Quod
543 2223 568 2255 si
587 2223 664 2267 ipsis
675 2224 860 2268 quingentis
881 2225 1028 2258 millibus

272 2271 410 2315 erogatis
430 2276 462 2304 et
486 2271 700 2315 consumptis,
724 2273 915 2317 praescripti
937 2286 1029 2309 casus

272 2325 303 2354 et
321 2320 526 2354 necessitates
560 2330 673 2353 noram
705 2320 885 2365 impensam
922 2324 1028 2366 requi-

271 2369 398 2409 sierint,
414 2374 492 2402 tunc
508 2369 626 2402 iteruin
649 2370 815 2413 proposita
835 2376 866 2404 et
885 2371 1029 2405 adhibita

273 2418 305 2451 in
326 2417 517 2451 consistorio
529 2419 779 2459 consultatione,
794 2419 819 2452 si
841 2430 1027 2461 consensus,

273 2468 441 2501 decretum
460 2473 490 2500 ct
510 2467 703 2512 subscriptio
714 2467 812 2501 trium
831 2479 867 2501 ex
888 2475 1029 2512 quatuor

272 2521 419 2566 partibus
435 2521 660 2563 cardinalium,
674 2527 709 2555 ut
720 2532 817 2566 supra
829 2522 953 2555 dictum
968 2529 1025 2564 est,

310 2595 319 2621 1
344 2593 429 2622 Cher.
457 2593 535 2622 addit
557 2601 612 2622 non
637 2594 709 2622 ultra
732 2597 836 2622 sextam
861 2597 979 2629 piu-tem,
1002 2596 1029 2622 id

271 2641 308 2667 est
323 2643 378 2667 etc.
396 2640 433 2672 (R.
451 2639 500 2673 r).

1069 293 1274 335 accesserint,
1311 293 1407 326 aliani
1429 302 1603 333 summam,
1631 302 1695 325 non
1717 297 1825 326 tamen

1070 347 1245 391 quingenta
1267 346 1369 379 millia
1394 355 1570 378 aureorum
1600 346 1823 385 excedentem,

1071 401 1224 444 illamque
1247 400 1366 443 pariter
1395 409 1460 432 non
1491 399 1597 431 statim
1633 405 1742 439 totaiii,
1772 400 1827 432 scd

1072 454 1293 487 moderatione
1314 464 1350 487 ca
1370 459 1505 493 servata,
1526 463 1641 497 coque,
1669 464 1765 496 quem
1777 453 1825 485 di-

1071 507 1187 548 ximus,
1216 508 1313 540 modo
1342 506 1512 539 liinitatain
1546 511 1576 538 et
1598 505 1825 549 praefinitam,

1070 561 1154 594 suini
1177 572 1269 604 posse
1290 561 1518 605 permittimus.
1541 560 1691 593 Ceterum
1713 560 1826 593 statui-

1071 624 1155 653 mus,
1183 619 1279 657 prout
1294 613 1365 647 aliis
1385 614 1552 657 prioribus
1571 611 1690 646 nostris
1710 612 1828 645 consti-

1071 668 1251 700 tutionibus
1264 668 1447 701 ordinatum
1464 674 1523 708 est,
1543 673 1579 701 ut
1589 672 1696 711 partes
1712 672 1740 700 et
1754 677 1829 711 por-

1071 721 1175 753 tiones
1194 721 1354 764 pecuniae
1374 722 1593 765 supradictae,
1616 731 1699 764 quae
1722 720 1754 752 in
1771 720 1828 752 ali-

1070 784 1135 817 quo
1146 785 1182 807 ex
1195 774 1380 817 praemissis
1390 775 1516 808 casibus
1533 779 1678 818 sumptae
1693 773 1826 813 fuerint,

1071 837 1145 859 cum
1168 827 1237 860 eius
1263 827 1428 871 impensae
1454 828 1620 861 faciendae
1642 827 1723 860 ratio
1758 837 1828 860 ces-

1070 881 1198 921 saverit,
1230 881 1365 915 omnino
1396 881 1427 913 in
1459 881 1621 914 aerarium
1651 881 1737 914 unde
1772 881 1828 913 de-

1071 940 1241 978 promptae
1262 935 1406 975 fuerunt,
1430 934 1554 977 integre
1574 934 1701 967 restitui
1721 946 1758 967 ac
1779 945 1828 967 re-

1071 988 1147 1031 poni
1169 988 1276 1031 priiiio
1297 999 1427 1032 quoque
1448 994 1594 1031 tempore
1615 988 1764 1021 debeant.

1115 1041 1181 1084 §4
1206 1042 1269 1074 llas
1289 1047 1397 1074 autem
1425 1041 1491 1074 Deo
1521 1041 1642 1074 dicatas
1672 1041 1828 1084 pecunias

1070 1095 1161 1127 nullo
1183 1106 1338 1138 umquam
1355 1101 1517 1139 tempore,
1537 1095 1597 1127 nisi
1618 1094 1726 1138 aliqua
1741 1094 1829 1127 exiis

1070 1158 1151 1190 quas
1172 1148 1323 1187 diximus,
1346 1148 1520 1182 necessitas
1535 1153 1648 1191 urgeat
1668 1153 1698 1181 et
1720 1148 1829 1190 requi-

1070 1207 1131 1240 rat,
1159 1212 1264 1245 neque
1303 1202 1335 1234 in
1375 1208 1476 1235 totum
1516 1212 1623 1244 neque
1653 1212 1690 1234 ex
1720 1201 1828 1245 aliqua

1070 1260 1162 1298 parte
1183 1255 1325 1288 amoveri
1355 1256 1520 1298 eregarive
1548 1255 1660 1298 quovis
1690 1255 1785 1288 inodo
1812 1266 1828 1287 a

1069 1309 1162 1341 nobis
1190 1319 1283 1352 posse
1312 1309 1476 1349 volumus,
1499 1319 1636 1351 canique
1657 1308 1826 1341 amovendi

1071 1368 1101 1396 et
1122 1363 1276 1405 erogandi
1307 1368 1498 1407 potestatem
1531 1368 1561 1395 et
1592 1363 1779 1395 facultatem
1811 1373 1828 1394 a

1070 1416 1163 1449 nobis
1184 1416 1261 1460 ipsis
1281 1417 1481 1449 abdicamus.
1506 1416 1605 1459 quue
1623 1426 1828 1448 successores

1070 1477 1196 1502 nostros
1207 1470 1370 1503 Romanos
1382 1469 1565 1509 Pontifices,
1586 1468 1753 1513 proposito
1767 1468 1828 1501 sibi

1070 1523 1241 1556 tremendo
1266 1523 1401 1563 iudicio,
1429 1523 1462 1555 in
1483 1534 1549 1566 quo
1570 1533 1698 1556 summo
1729 1522 1828 1566 pairi-

1071 1577 1207 1609 familias
1236 1577 1275 1610 de
1305 1577 1527 1609 administrata
1552 1576 1747 1610 villicatione
1774 1588 1827 1610 cx-

1070 1630 1187 1674 quisite
1208 1630 1363 1663 reddetur
1377 1630 1472 1671 ratio,
1487 1630 1602 1663 codem
1619 1630 1714 1674 plane
1731 1630 1828 1663 inodo

1072 1685 1213 1717 facturos
1243 1695 1311 1717 esse
1343 1684 1540 1717 confidimus
1575 1689 1603 1716 et
1644 1694 1826 1728 speramus.

1070 1738 1280 1782 Tandemque
1297 1738 1361 1771 Deo
1386 1749 1445 1782 per
1475 1743 1661 1782 praesentes
1687 1737 1829 1770 oblatam

1071 1791 1257 1835 pecuniam,
1271 1802 1336 1824 una
1357 1802 1432 1825 cuni
1455 1791 1510 1824 illa
1528 1792 1644 1835 priori,
1663 1802 1722 1824 nos
1744 1791 1829 1824 inte-

1071 1857 1174 1888 gram,
1197 1851 1233 1879 ut
1257 1845 1381 1879 dictum
1402 1851 1460 1886 est,
1484 1851 1729 1879 conservaturos
1749 1856 1828 1886 esse,

1071 1910 1107 1933 ac
1124 1899 1259 1944 perinde
1280 1900 1427 1941 omnino,
1450 1911 1487 1932 ac
1507 1910 1558 1933 res
1579 1905 1609 1932 ct
1624 1900 1708 1933 bona
1721 1900 1829 1933 Eccle-

1071 1953 1135 1986 siae
1149 1953 1329 1986 immobilia
1342 1963 1400 1986 iios
1415 1953 1586 1986 habituros
1597 1952 1827 1997 promittimus,

1071 2007 1216 2040 iuramus
1237 2012 1268 2040 et
1291 2017 1456 2047 vovemus,
1480 2012 1513 2039 et
1526 2007 1620 2039 sicuti
1634 2017 1747 2039 omnes
1759 2018 1827 2040 car-

1071 2060 1193 2094 dinales
1209 2054 1394 2104 praesentes
1406 2066 1434 2093 et
1448 2060 1646 2104 infrascripti
1658 2066 1825 2102 voverunt,

1071 2115 1293 2160 promiserunt
1325 2126 1362 2148 ac
1393 2115 1557 2155 iurarunt,
1582 2115 1625 2147 ita
1658 2125 1717 2158 per
1748 2115 1827 2149 alios

1071 2169 1253 2203 cardinales
1274 2179 1362 2202 nunc
1388 2174 1419 2202 et
1438 2179 1498 2212 pro
1519 2174 1667 2212 tempore
1688 2169 1826 2202 existen-

1070 2228 1128 2262 tes,
1152 2233 1189 2256 ac
1218 2233 1275 2266 per
1303 2232 1505 2255 successores
1526 2228 1666 2263 nostros,
1696 2223 1827 2266 quando

1071 2282 1099 2309 et
1130 2276 1256 2320 quoties
1292 2276 1442 2320 superius
1480 2276 1666 2309 ordinatum
1697 2276 1769 2316 fuit,
1797 2282 1827 2309 et

1072 2331 1157 2363 iuxta
1177 2331 1315 2364 sormam
1337 2340 1424 2363 nunc
1445 2329 1596 2362 traditam
1618 2329 1730 2369 iurari,
1753 2340 1827 2373 pro-

1072 2384 1154 2417 mitti
1171 2394 1208 2416 ac
1232 2383 1338 2417 voveri
1363 2383 1482 2417 debere
1503 2382 1722 2417 decernimus.

1115 2433 1180 2478 ἓξ).
1203 2433 1349 2477 Denique
1379 2438 1485 2466 cetera
1511 2433 1620 2466 omnia
1646 2439 1675 2466 et
1701 2432 1826 2475 singula

1072 2484 1103 2516 in
1124 2483 1237 2516 eadem
1259 2483 1491 2516 constitutione
1512 2483 1732 2527 suprascripta
1748 2493 1827 2526 quo-

1072 2533 1249 2566 modolibet
1269 2543 1431 2576 expressa,
1444 2532 1617 2565 constituta
1637 2538 1664 2565 et
1683 2532 1823 2572 decreta,

1071 2582 1168 2615 etiam
1188 2581 1221 2614 in
1241 2582 1301 2615 liae
1316 2581 1456 2626 pecunia
1471 2592 1488 2614 a
1509 2581 1614 2621 nobis,
1629 2587 1662 2614 ut
1685 2580 1827 2625 praeser-

1072 2637 1136 2672 tur,
1158 2641 1246 2665 nunc
1259 2632 1417 2665 collocata
1441 2630 1661 2671 etrecondita,
1675 2629 1824 2674 etquoad

1841 237 1893 266 An.
1910 240 1940 267 C.
1960 239 2027 267 1588

1875 1049 2030 1076 l'riiedirlitque

1843 1087 1866 1101 se
1897 1082 2030 1101 observatu-

1842 1119 1887 1132 riim
1913 1113 1977 1137 vovit,
2008 1116 2030 1132 et

1844 1145 1897 1163 sicui
1910 1143 2030 1163 cardinales

1844 1174 2031 1200 inirascripliprae-

1843 1208 1917 1225 sentes
1974 1206 2030 1225 idem

1844 1237 1999 1261 promiserunt,
2011 1240 2032 1257 εἱ

1845 1268 1872 1287 ita
1883 1267 1908 1286 ab
1924 1267 1971 1286 :iliis
1981 1273 2031 1287 cut*-

1844 1298 1950 1318 diiziililiiis
1993 1305 2030 1324 pro

1844 1333 1941 1355 tempore
1975 1330 2031 1350 ideni

1844 1361 1939 1386 pt‘iiniilli
1965 1361 2031 1386 iuhei,

1843 1396 1905 1418 proiit
1926 1392 1945 1411 iii
1970 1397 2028 1411 coii—

1843 1423 1886 1442 siti.
1903 1423 1922 1443 iii
1940 1426 1990 1443 nota
2006 1423 2029 1442 ad

1843 1454 1956 1474 rubricam.

1869 2441 1947 2463 Coiem
1958 2443 2028 2463 omnia

1842 2475 1862 2494 lii
1878 2474 1933 2493 dicia
1945 2475 2029 2493 eonsti-

1842 2506 1924 2525 iiiiioiie
1934 2508 2029 2525 conteu-

1842 2539 1862 2555 ia
1885 2537 1955 2557 denuo
1981 2537 2026 2556 ‹le—

1841 2569 1911 2588 cernit
1926 2571 1946 2589 et
1963 2573 2028 2595 prae-

1841 2599 1900 2625 cipit.
