2226 3070
481 272 544 305 698

449 1812 602 1845 CXXXIV.
627 1812 741 1845 Contra
773 1813 922 1845 abortum
953 1813 1064 1856 quovis
1096 1814 1210 1846 modo³

542 353 613 376 rum
635 344 666 376 in
688 343 945 387 quibuscumque
966 341 1145 374 civitatibus
1166 346 1192 372 et
1211 345 1213 381 ζ

542 397 620 429 locis
637 397 742 430 Status
763 395 982 431 Ecclesiastici,
1012 395 1095 426 alma
1111 394 1195 426 Urbe
1211 388 1213 423 i

543 456 572 482 et
592 450 735 483 Bononia
756 449 905 492 exceptis,
930 454 957 480 et
980 448 1097 480 erectio
1125 446 1212 487 offiq

543 504 582 536 cii
608 503 746 545 regentis
772 503 931 534 dictorum
953 500 1168 533 archiviorum
1185 527 1191 536 ,
1211 536 1212 540 ¹

543 568 615 589 cum
645 556 872 589 iurisdictionis
899 562 928 588 et
952 554 1213 598 privilegiorum'

542 610 767 652 assignatione.
793 608 844 641 ⁹23.

595 663 744 705 Sequitur
772 662 891 694 erectio
930 661 1025 694 oflicii
1057 659 1213 710 regentis}

539 716 797 759 supradictorum
818 715 1034 747 archiviorum
1053 724 1125 746 cum
1142 713 1192 745 iu-
1211 731 1213 781 Ι

540 768 734 801 risdictionis
752 774 782 801 et
802 767 1043 811 privilegiorum
1066 776 1212 810 conces-¹

1211 819 1213 838 l

540 822 641 857 sione,
662 821 714 853 27.
1211 856 1212 871 χ

451 881 578 913 CXXXI.
602 881 780 913 prohibitio
802 881 990 914 conserendi
1018 880 1192 913 canonica-
1211 875 1213 907 l

540 939 588 966 tus
609 940 637 966 et
659 933 858 976 praebendas
888 945 923 966 ac
954 933 1124 975 dignitates
1145 944 1212 964 ec-‘

539 987 653 1019 clesiae
671 987 855 1019 Valentinae
876 986 992 1030 spuriis
1013 992 1065 1018 aut
1087 985 1191 1027 illegi-

539 1040 615 1072 time
645 1040 748 1080 natis,
772 1040 917 1083 quamvis
950 1039 1134 1081 legitimatis
1166 1045 1195 1071 et

539 1093 698 1126 natalibus
725 1094 890 1130 restitutis,
912 1092 964 1125 30.

538 1209 672 1242 chorum
686 1210 799 1242 Montis
811 1209 959 1251 Virginis,
976 1209 1103 1242 Ordinis
1116 1210 1194 1242 San·
1211 1214 1212 1238 l

538 1262 578 1295 cti
592 1262 767 1301 Benedicti,
780 1273 796 1294 a
812 1262 1031 1295 iurisdictione
1043 1262 1193 1295 sacristae
1211 1293 1212 1304 ,

538 1315 703 1358 hospitalis
721 1316 753 1348 B.
771 1316 886 1348 Mariae
905 1316 1042 1357 Virginis
1064 1318 1195 1349 Annun-

538 1369 637 1401 ciatae
655 1369 882 1411 Neapolitanae
896 1369 946 1401 cui
960 1370 1022 1401 Leo
1035 1370 1059 1401 X
1072 1370 1192 1402 dudum
1210 1393 1211 1429 1

536 1422 692 1460 univerat,
716 1421 768 1454 32.

448 1484 603 1516 CXXXIII.
629 1483 808 1516 lurisdictio
834 1484 948 1516 iudicis
969 1495 1138 1517 causarum
1164 1478 1211 1517 el¹

538 1537 641 1569 litium
659 1537 825 1580 hospitalis
844 1548 902 1581 pro
920 1538 1114 1581 recipiendis
1128 1534 1211 1588 pie-,⁸

1034 279 1214 303 BELLARIUM
1235 277 1387 301 ROMANtRu

1319 348 1391 370 cum
1405 336 1638 369 beneficiorum
1658 341 1687 367 et
1703 343 1886 367 annuorum
1899 333 1973 365 red-

1319 391 1456 427 dituum,
1480 389 1789 434 privilegiorumque
1810 393 1840 420 et
1866 396 1973 419 exem-

1319 444 1465 487 ptionum
1498 442 1706 485 elargitione,
1738 440 1915 483 indicisque
1945 445 1975 472 et

1319 498 1512 541 protectoris
1548 496 1778 540 deputatione,
1810 494 1970 528 facultati-

1318 552 1442 594 busque
1464 556 1494 583 ct
1516 550 1746 588 iurisdictione,
1771 548 1822 581 45.

1229 614 1395 646 CXXXVII.
1425 613 1635 655 (sslongregatio
1665 611 1879 654 portugalliae
1910 610 1971 642 Or-

1319 667 1401 699 diuis
1422 667 1555 699 fratrum
1578 666 1791 699 Eremitarum
1809 665 1839 698 S.
1864 664 1974 697 Hiero—

1320 720 1404 763 nyini
1430 720 1541 753 unitur
1570 719 1811 762 congregationi
1837 719 1867 751 S.
1889 719 1970 751 Bar-

1320 773 1492 806 tholomaei
1516 775 1555 806 de
1575 773 1719 816 Lupiano
1741 772 1817 805 dicti
1845 771 1974 804 Ordinis

1320 827 1408 869 regni
1433 827 1670 870 Hispaniarum,
1695 832 1724 859 et
1744 826 1894 869 deinceps
1915 826 1973 859 sub

1319 881 1430 913 eadem
1453 881 1591 923 regulari
1610 879 1778 923 disciplina
1795 885 1826 912 et
1842 889 1907 912 uno
1921 890 1974 922 ge-

1319 935 1419 967 nerali
1440 934 1601 972 triennali,
1626 934 1680 977 qui
1701 933 1831 966 alterius
1851 933 1973 966 vicibus

1319 998 1354 1019 ex
1385 988 1542 1020 ambabus
1578 986 1882 1029 congregationibus
1911 986 1969 1018 eli-

1319 1046 1426 1082 gatur,
1456 1040 1507 1072 58.

1211 1096 1212 1115 ³
1229 1103 1410 1136 CXXXVIII.
1426 1103 1516 1141 Quod
1530 1103 1683 1135 ecclesiae
1695 1102 1896 1146 parochiales
1909 1102 1973 1135 sive

450 1156 590 1188 CXXXII.
619 1156 784 1199 Exeinptio
806 1155 1063 1197 congregationis
1085 1157 1213 1187 mona-3.

1318 1157 1455 1189 vicariae
1469 1163 1626 1200 perpetuo
1643 1156 1752 1188 unitae
1770 1155 1973 1189 monasteriis

1318 1210 1553 1242 t‘lanonicorum
1569 1209 1774 1251 Regularium
1795 1219 1973 1252 congrega-

1319 1263 1412 1295 tionis
1432 1263 1537 1296 Sam-ti
1560 1263 1686 1295 loannis
1707 1262 1924 1304 Evangelistae
1942 1263 1973 1295 in

1318 1316 1531 1358 Portugalliac
1559 1322 1587 1348 et
1620 1316 1845 1357 Algarbiorum
1867 1316 1974 1358 regnis

1318 1369 1535 1409 existentibus,
1560 1379 1624 1401 non
1644 1380 1702 1412 per
1721 1368 1907 1402 Ordinarios
1927 1370 1974 1402 lo-

1317 1432 1441 1462 corum,
1466 1422 1520 1454 sed
1541 1432 1597 1465 per
1621 1421 1804 1464 superiores
1829 1422 1972 1455 eiusdem

1317 1475 1575 1517 congregationis
1587 1475 1804 1517 providendae
1815 1475 1878 1508 sint
1888 1475 1973 1508 iuxta

1318 1528 1580 1561 constitutionem
1601 1528 1646 1560 Pii
1672 1528 1706 1568 V,
1731 1527 1783 1560 60.

537 1601 599 1633 que
616 1590 739 1623 alendis
757 1591 913 1623 mendicis
934 1602 991 1634 per
1009 1591 1127 1624 Urbem
1142 1602 1193 1623 va·
1227 1590 1383 1623 CXXXIX.
1395 1591 1528 1623 Fructus
1543 1590 1775 1623 beneficiorum
1790 1591 1880 1633 regni
1895 1592 1973 1625 Nea-

539 1645 704 1686 gantilius2
733 1650 761 1677 et
787 1645 952 1687 ampliatio
982 1645 1210 1693 exemptionis}

538 1697 565 1729 ei
587 1707 768 1735 concessae,
793 1697 1054 1740 auctoritatisque
1084 1698 1189 1730 admi·
1209 1699 1211 1734 ἶ

537 1751 746 1783 nistratorum
769 1751 848 1786 eius,
872 1750 924 1783 33.
1209 1742 1211 1786 l

1209 1843 1210 1857 l

537 1871 757 1908 procurantes,
782 1872 833 1898 aut
854 1866 1026 1898 sterilitatis
1046 1861 1210 1909 potiones¹

538 1919 650 1952 dantes
675 1920 721 1951 vel
748 1926 929 1956 sumentes,
960 1920 1069 1963 eisque
1099 1920 1189 1952 auxi-

538 1972 628 2009 lium,
653 1972 820 2004 consilium
842 1972 907 2005 sive
932 1973 1073 2005 savorem
1094 1984 1190 2016 prae-
1209 1967 1210 1995 Ῑ

537 2031 666 2063 stantes,
690 2025 742 2057 39.
1208 2000 1211 2068 i

450 2087 588 2120 CXXXV.
612 2088 769 2120 Institutio
798 2088 975 2121 festivitatis
1003 2089 1048 2122 Ss.
1073 2074 1211 2130 placidii

1227 1973 1309 2005 CXL.

1316 1644 1408 1687 polis,
1422 1650 1566 1687 tempore
1578 1644 1684 1676 obitus
1693 1639 1970 1686 beneficiatorum,

1316 1698 1370 1740 qui
1399 1709 1471 1730 cum
1502 1698 1633 1731 Camera
1664 1698 1847 1741 Apostolica
1876 1709 1973 1742 super

1317 1751 1427 1794 spoliis
1462 1757 1696 1793 transegerunt,
1724 1752 1900 1794 pendentes
1924 1752 1972 1785 vel

1316 1814 1380 1835 non
1399 1804 1511 1841 exacti,
1537 1814 1601 1836 non
1622 1804 1661 1836 ad
1683 1814 1796 1837 eorum
1817 1804 1973 1838 haeredes

1318 1857 1362 1889 iel
1389 1857 1568 1900 Capitulum
1603 1863 1631 1890 et
1668 1858 1806 1895 clerum,
1841 1858 1896 1891 sed
1933 1858 1972 1891 ad

1318 1910 1417 1954 ipsam
1439 1911 1603 1943 Cameram
1625 1917 1780 1954 spectant,
1804 1911 1857 1944 6⁹2.

1334 1974 1449 2005 Contra
1467 1973 1599 2006 clericos
1620 1974 1703 2006 male
1724 1979 1776 2006 aut
1798 1973 1972 2007 simoniace

1317 2033 1494 2070 promotos,
1519 2033 1546 2059 et
1574 2027 1742 2070 episcopos
1774 2033 1804 2059 et
1835 2027 1915 2060 alios
1940 2027 1972 2059 in

1316 2080 1468 2113 ordinum
1489 2081 1660 2113 collatione
1682 2086 1863 2124 peccantes,
1887 2080 1939 2113 63.

538 2147 566 2173 et
587 2141 747 2173 sociorum
774 2148 951 2185 martyrum
972 2143 1190 2185 professorum
1227 2143 1323 2175 CXLI.
1341 2143 1382 2175 De
1404 2142 1513 2175 habitu
1534 2148 1564 2175 et
1585 2148 1715 2175 tonsura
1737 2143 1928 2176 clericorum
1942 2149 1973 2175 et

538 2193 666 2226 Ordinis
690 2195 925 2227 monachorum
952 2196 981 2228 S.
1007 2196 1188 2236 Benedicti,
1209 2197 1210 2236 1

539 2247 657 2290 ubique
678 2247 826 2290 simplici,
851 2254 881 2280 et.
901 2248 932 2279 in
953 2248 1094 2281 Messana
1116 2243 1210 2287 civi-l

538 2306 599 2332 tate
620 2300 739 2343 duplici
760 2300 865 2333 officio
880 2301 930 2333 die
945 2312 962 2333 v
976 2302 1093 2334 mensis
1106 2309 1192 2335 octo-
1208 2303 1209 2342 ζ

537 2353 603 2385 bris
631 2353 862 2390 celebrandae,
891 2365 926 2386 ac
955 2354 1049 2386 etiam
1081 2355 1131 2388 die
1161 2343 1209 2394 1vi

538 2406 656 2439 mensis
684 2407 810 2448 augusti
842 2407 873 2438 in
906 2408 1038 2440 ecclesia
1072 2395 1209 2450 Messa-i

537 2459 704 2499 nensi,ubi
726 2470 837 2491 eorum
860 2470 997 2503 corpora
1020 2471 1123 2504 nuper
1140 2451 1209 2500 1·e-l

539 2518 629 2555 perta
651 2512 789 2549 suerunt,
814 2512 866 2544 42.

538 2628 690 2671 quaginta
707 2638 744 2660 ex
756 2628 920 2671 provincia
933 2629 1089 2663 Mart-luae
1100 2630 1191 2663 scho-

538 2681 658 2714 laribus
676 2681 707 2713 in
728 2681 852 2715 civitate
874 2682 1036 2715 Bononiae
1057 2683 1186 2719 erectio,

1316 2196 1454 2228 militum
1476 2196 1633 2228 beneficia
1653 2196 1869 2229 ecclesiastica
1890 2196 1971 2229 obti-

1316 2249 1471 2287 nentium,
1496 2249 1547 2282 06.

1359 2303 1510 2345 Sequitur
1524 2303 1697 2336 declaratio
1718 2304 1824 2346 quoad
1846 2303 1971 2347 aliquos

1315 2357 1418 2399 Papae
1440 2356 1623 2396 familiares,
1648 2357 1830 2400 militesque
1851 2363 1881 2390 et
1901 2357 1970 2390 offi-

1316 2409 1411 2441 ciales
1442 2410 1606 2441 Romanae
1632 2409 1766 2447 Curiae,
1800 2410 1970 2453 pensiones

1314 2472 1378 2494 non
1400 2462 1483 2494 ultra
1504 2473 1542 2495 rx
1556 2463 1687 2495 ducatos
1706 2463 1899 2503 obtinentes,
1913 2462 1965 2495 69.

1207 2501 1209 2574 i
1226 2524 1343 2557 CXLII.
1356 2525 1524 2558 Triennale
1537 2525 1713 2568 capitulum
1728 2527 1878 2567 generale
1891 2536 1969 2558 con-

449 2574 602 2608 CXXXVI.
626 2574 756 2616 Collegii
776 2575 888 2607 Montis
913 2575 974 2607 Alti
1005 2586 1062 2619 pro
1092 2575 1209 2620 quin-l

1314 2578 1493 2620 gregationi
1514 2578 1726 2611 Lombardiae
1748 2578 1876 2611 Ordinis
1900 2579 1966 2611 sra-

1316 2636 1399 2663 trum
1427 2631 1644 2664 Ereniitarum
1665 2631 1771 2664 Sancti
1801 2632 1968 2674 Augustini

1315 2689 1480 2720 statutum,
1506 2684 1556 2716 71.
