<?xml version="1.0" encoding="UTF-8"?>
<!DOCTYPE html PUBLIC "-//W3C//DTD XHTML 1.0 Transitional//EN"
    "http://www.w3.org/TR/xhtml1/DTD/xhtml1-transitional.dtd">
<html xmlns="http://www.w3.org/1999/xhtml" xml:lang="en" lang="en">
 <head>
  <title>
</title>
<meta http-equiv="Content-Type" content="text/html;charset=utf-8" />
  <meta name='ocr-system' content='tesseract 3.04.00' />
  <meta name='ocr-capabilities' content='ocr_page ocr_carea ocr_par ocr_line ocrx_word'/>
</head>
<body>
  <div class='ocr_page' id='page_1' title='image "./bullarumdiplomat09cath_0309.png"; bbox 0 0 2226 3070; ppageno 0'>
   <div class='ocr_carea' id='block_1_1' title="bbox 90 307 270 337">
    <p class='ocr_par' dir='ltr' id='par_1_1' title="bbox 90 307 270 337">
     <span class='ocr_line' id='line_1_1' title="bbox 90 307 270 337; baseline 0 -1"><span class='ocrx_word' id='word_1_1' title='bbox 90 307 143 337; x_wconf 77' lang='lat' dir='ltr'>An.</span> <span class='ocrx_word' id='word_1_2' title='bbox 160 307 190 336; x_wconf 90' lang='lat' dir='ltr'>C.</span> <span class='ocrx_word' id='word_1_3' title='bbox 204 308 270 337; x_wconf 83' lang='lat'>1587</span> 
     </span>
    </p>
   </div>
   <div class='ocr_carea' id='block_1_2' title="bbox 285 364 1039 568">
    <p class='ocr_par' dir='ltr' id='par_1_2' title="bbox 285 364 1039 503">
     <span class='ocr_line' id='line_1_2' title="bbox 285 364 1039 406; baseline 0.005 -10"><span class='ocrx_word' id='word_1_4' title='bbox 285 364 345 396; x_wconf 90' lang='lat' dir='ltr'>suh</span> <span class='ocrx_word' id='word_1_5' title='bbox 371 364 492 397; x_wconf 86' lang='lat' dir='ltr'>annulo</span> <span class='ocrx_word' id='word_1_6' title='bbox 519 364 708 406; x_wconf 78' lang='lat' dir='ltr'>piscatoris,</span> <span class='ocrx_word' id='word_1_7' title='bbox 738 365 790 398; x_wconf 85' lang='lat' dir='ltr'>die</span> <span class='ocrx_word' id='word_1_8' title='bbox 820 366 1039 400; x_wconf 84' lang='lat' dir='ltr'>decimatertia</span> 
     </span>
     <span class='ocr_line' id='line_1_3' title="bbox 286 416 1039 462; baseline 0.007 -14"><span class='ocrx_word' id='word_1_9' title='bbox 286 416 356 449; x_wconf 89' lang='lat' dir='ltr'>iulii</span> <span class='ocrx_word' id='word_1_10' title='bbox 382 426 565 458; x_wconf 78' lang='lat' dir='ltr'>nuLxxxvn,</span> <span class='ocrx_word' id='word_1_11' title='bbox 589 418 794 462; x_wconf 82' lang='lat' dir='ltr'>pontificatus</span> <span class='ocrx_word' id='word_1_12' title='bbox 822 419 923 453; x_wconf 80' lang='lat' dir='ltr'>nostri</span> <span class='ocrx_word' id='word_1_13' title='bbox 954 430 1039 453; x_wconf 87' lang='lat' dir='ltr'>anno</span> 
     </span>
     <span class='ocr_line' id='line_1_4' title="bbox 286 470 392 503; baseline 0.019 -2"><span class='ocrx_word' id='word_1_14' title='bbox 286 470 392 503; x_wconf 87' lang='lat' dir='ltr'>tertio.</span> 
     </span>
    </p>

    <p class='ocr_par' dir='ltr' id='par_1_3' title="bbox 349 527 976 568">
     <span class='ocr_line' id='line_1_5' title="bbox 349 527 976 568; baseline 0.003 -10"><span class='ocrx_word' id='word_1_15' title='bbox 349 527 413 558; x_wconf 82' lang='lat' dir='ltr'>Dat.</span> <span class='ocrx_word' id='word_1_16' title='bbox 427 528 474 558; x_wconf 89' lang='lat' dir='ltr'>die</span> <span class='ocrx_word' id='word_1_17' title='bbox 491 529 529 559; x_wconf 83' lang='lat'>13</span> <span class='ocrx_word' id='word_1_18' title='bbox 544 528 598 559; x_wconf 90' lang='lat' dir='ltr'>iul.</span> <span class='ocrx_word' id='word_1_19' title='bbox 616 529 705 567; x_wconf 82' lang='lat'>1587,</span> <span class='ocrx_word' id='word_1_20' title='bbox 723 529 826 568; x_wconf 87' lang='lat' dir='ltr'>pontis.</span> <span class='ocrx_word' id='word_1_21' title='bbox 842 538 976 560; x_wconf 82' lang='lat' dir='ltr'>annom.</span> 
     </span>
    </p>
   </div>
   <div class='ocr_carea' id='block_1_3' title="bbox 551 601 736 610">
    <p class='ocr_par' dir='ltr' id='par_1_4' title="bbox 551 601 736 610">
     <span class='ocr_line' id='line_1_6' title="bbox 551 601 736 610; baseline 0 2460"><span class='ocrx_word' id='word_1_22' title='bbox 551 601 736 610; x_wconf 95' lang='lat' dir='ltr'> </span> 
     </span>
    </p>
   </div>
   <div class='ocr_carea' id='block_1_4' title="bbox 605 689 711 722">
    <p class='ocr_par' dir='ltr' id='par_1_5' title="bbox 605 689 711 722">
     <span class='ocr_line' id='line_1_7' title="bbox 605 689 711 722; baseline 0 0"><span class='ocrx_word' id='word_1_23' title='bbox 605 689 711 722; x_wconf 86' lang='lat' dir='ltr'>XXIII.</span> 
     </span>
    </p>
   </div>
   <div class='ocr_carea' id='block_1_5' title="bbox 286 764 1040 956">
    <p class='ocr_par' dir='ltr' id='par_1_6' title="bbox 286 764 1040 956">
     <span class='ocr_line' id='line_1_8' title="bbox 286 764 1038 808; baseline 0.003 -12"><span class='ocrx_word' id='word_1_24' title='bbox 286 764 414 797; x_wconf 77' lang='lat' dir='ltr'><em>Erectio</em></span> <span class='ocrx_word' id='word_1_25' title='bbox 429 765 605 808; x_wconf 73' lang='lat' dir='ltr'>officiorum</span> <span class='ocrx_word' id='word_1_26' title='bbox 626 765 821 797; x_wconf 59' lang='lat' dir='ltr'>vacabit-inm</span> <span class='ocrx_word' id='word_1_27' title='bbox 848 770 1038 808; x_wconf 75' lang='lat' dir='ltr'>procurato-</span> 
     </span>
     <span class='ocr_line' id='line_1_9' title="bbox 330 817 1039 859; baseline 0 -10"><span class='ocrx_word' id='word_1_28' title='bbox 330 817 376 849; x_wconf 69' lang='lat' dir='ltr'>ris</span> <span class='ocrx_word' id='word_1_29' title='bbox 402 817 551 850; x_wconf 64' lang='lat' dir='ltr'>advocata·</span> <span class='ocrx_word' id='word_1_30' title='bbox 575 818 712 859; x_wconf 57' lang='lat' dir='ltr'>fiscalia,</span> <span class='ocrx_word' id='word_1_31' title='bbox 738 828 864 851; x_wconf 76' lang='lat' dir='ltr'>necnon</span> <span class='ocrx_word' id='word_1_32' title='bbox 894 819 1039 850; x_wconf 71' lang='lat' dir='ltr'>commitis-</span> 
     </span>
     <span class='ocr_line' id='line_1_10' title="bbox 328 871 1040 915; baseline 0.003 -13"><span class='ocrx_word' id='word_1_33' title='bbox 328 871 413 902; x_wconf 69' lang='lat' dir='ltr'>sarii</span> <span class='ocrx_word' id='word_1_34' title='bbox 430 871 593 913; x_wconf 58' lang='lat' dir='ltr'>generalis</span> <span class='ocrx_word' id='word_1_35' title='bbox 617 871 773 912; x_wconf 75' lang='lat' dir='ltr'>fraudum</span> <span class='ocrx_word' id='word_1_36' title='bbox 793 881 853 914; x_wconf 78' lang='lat' dir='ltr'>pro</span> <span class='ocrx_word' id='word_1_37' title='bbox 866 872 1040 915; x_wconf 68' lang='lat' dir='ltr'>provincia</span> 
     </span>
     <span class='ocr_line' id='line_1_11' title="bbox 329 922 546 956; baseline 0.005 -1"><span class='ocrx_word' id='word_1_38' title='bbox 329 922 499 956; x_wconf 70' lang='lat' dir='ltr'>Marclziae</span> <span class='ocrx_word' id='word_1_39' title='bbox 519 923 546 956; x_wconf 85' lang='lat'>¹.</span> 
     </span>
    </p>
   </div>
   <div class='ocr_carea' id='block_1_6' title="bbox 306 1001 1016 1039">
    <p class='ocr_par' dir='ltr' id='par_1_7' title="bbox 306 1001 1016 1039">
     <span class='ocr_line' id='line_1_12' title="bbox 306 1001 1016 1039; baseline 0.003 -9"><span class='ocrx_word' id='word_1_40' title='bbox 306 1001 403 1031; x_wconf 80' lang='lat' dir='ltr'><strong>sixtus</strong></span> <span class='ocrx_word' id='word_1_41' title='bbox 419 1003 489 1038; x_wconf 77' lang='lat' dir='ltr'>Papa</span> <span class='ocrx_word' id='word_1_42' title='bbox 508 1003 538 1036; x_wconf 84' lang='lat' dir='ltr'>V.</span> <span class='ocrx_word' id='word_1_43' title='bbox 558 1003 593 1031; x_wconf 79' lang='lat' dir='ltr'>ad</span> <span class='ocrx_word' id='word_1_44' title='bbox 611 1004 776 1039; x_wconf 79' lang='lat' dir='ltr'>perpetuam</span> <span class='ocrx_word' id='word_1_45' title='bbox 789 1005 830 1033; x_wconf 77' lang='lat' dir='ltr'>tei</span> <span class='ocrx_word' id='word_1_46' title='bbox 846 1004 1016 1033; x_wconf 81' lang='lat' dir='ltr'>memoriam.</span> 
     </span>
    </p>
   </div>
   <div class='ocr_carea' id='block_1_7' title="bbox 84 1073 1040 2659">
    <p class='ocr_par' dir='ltr' id='par_1_8' title="bbox 327 1073 1040 1117">
     <span class='ocr_line' id='line_1_13' title="bbox 327 1073 1040 1117; baseline 0.003 -11"><span class='ocrx_word' id='word_1_47' title='bbox 327 1073 374 1106; x_wconf 91' lang='lat' dir='ltr'>Ad</span> <span class='ocrx_word' id='word_1_48' title='bbox 392 1073 538 1117; x_wconf 77' lang='lat' dir='ltr'>regimen</span> <span class='ocrx_word' id='word_1_49' title='bbox 553 1074 743 1109; x_wconf 83' lang='lat' dir='ltr'>universalis</span> <span class='ocrx_word' id='word_1_50' title='bbox 758 1075 920 1109; x_wconf 77' lang='lat' dir='ltr'><strong>Ecclesiae</strong></span> <span class='ocrx_word' id='word_1_51' title='bbox 935 1076 1040 1109; x_wconf 88' lang='lat' dir='ltr'>divina</span> 
     </span>
    </p>

    <p class='ocr_par' dir='ltr' id='par_1_9' title="bbox 112 1126 1039 1172">
     <span class='ocr_line' id='line_1_14' title="bbox 112 1126 1039 1172; baseline 0.004 -14"><span class='ocrx_word' id='word_1_52' title='bbox 112 1132 244 1153; x_wconf 70' lang='lat' dir='ltr'>Pvnoemium-</span> <span class='ocrx_word' id='word_1_53' title='bbox 283 1126 497 1170; x_wconf 78' lang='lat' dir='ltr'>dispositione</span> <span class='ocrx_word' id='word_1_54' title='bbox 523 1128 690 1172; x_wconf 75' lang='lat' dir='ltr'>assumpti,</span> <span class='ocrx_word' id='word_1_55' title='bbox 719 1129 806 1162; x_wconf 86' lang='lat' dir='ltr'>euris</span> <span class='ocrx_word' id='word_1_56' title='bbox 831 1129 931 1162; x_wconf 89' lang='lat' dir='ltr'>animi</span> <span class='ocrx_word' id='word_1_57' title='bbox 961 1129 1039 1162; x_wconf 87' lang='lat' dir='ltr'>assi-</span> 
     </span>
    </p>

    <p class='ocr_par' dir='ltr' id='par_1_10' title="bbox 283 1180 1037 1226">
     <span class='ocr_line' id='line_1_15' title="bbox 283 1180 1037 1226; baseline 0.004 -13"><span class='ocrx_word' id='word_1_58' title='bbox 283 1180 355 1214; x_wconf 84' lang='lat' dir='ltr'>duis</span> <span class='ocrx_word' id='word_1_59' title='bbox 383 1187 413 1214; x_wconf 88' lang='lat' dir='ltr'>et</span> <span class='ocrx_word' id='word_1_60' title='bbox 437 1181 591 1215; x_wconf 87' lang='lat' dir='ltr'>continua</span> <span class='ocrx_word' id='word_1_61' title='bbox 616 1181 824 1216; x_wconf 73' lang='lat' dir='ltr'>meditatione</span> <span class='ocrx_word' id='word_1_62' title='bbox 856 1183 1037 1226; x_wconf 76' lang='lat' dir='ltr'>pulsamur,</span> 
     </span>
    </p>

    <p class='ocr_par' dir='ltr' id='par_1_11' title="bbox 284 1234 1040 1275">
     <span class='ocr_line' id='line_1_16' title="bbox 284 1234 1040 1275; baseline 0.005 -10"><span class='ocrx_word' id='word_1_63' title='bbox 284 1239 333 1275; x_wconf 90' lang='lat' dir='ltr'>ut,</span> <span class='ocrx_word' id='word_1_64' title='bbox 355 1234 476 1267; x_wconf 86' lang='lat' dir='ltr'>iustitia</span> <span class='ocrx_word' id='word_1_65' title='bbox 499 1234 672 1275; x_wconf 87' lang='lat' dir='ltr'>mediante,</span> <span class='ocrx_word' id='word_1_66' title='bbox 695 1236 742 1268; x_wconf 90' lang='lat' dir='ltr'>ira</span> <span class='ocrx_word' id='word_1_67' title='bbox 762 1240 793 1269; x_wconf 87' lang='lat' dir='ltr'>et</span> <span class='ocrx_word' id='word_1_68' title='bbox 808 1236 1040 1269; x_wconf 82' lang='lat' dir='ltr'>malorumho-</span> 
     </span>
    </p>

    <p class='ocr_par' dir='ltr' id='par_1_12' title="bbox 285 1287 1038 1332">
     <span class='ocr_line' id='line_1_17' title="bbox 285 1287 1038 1332; baseline 0.004 -13"><span class='ocrx_word' id='word_1_69' title='bbox 285 1287 410 1320; x_wconf 89' lang='lat' dir='ltr'>minum</span> <span class='ocrx_word' id='word_1_70' title='bbox 427 1288 568 1332; x_wconf 85' lang='lat' dir='ltr'>impetus</span> <span class='ocrx_word' id='word_1_71' title='bbox 583 1288 816 1332; x_wconf 74' lang='lat' dir='ltr'>reprimantur3</span> <span class='ocrx_word' id='word_1_72' title='bbox 839 1294 867 1322; x_wconf 89' lang='lat' dir='ltr'>et</span> <span class='ocrx_word' id='word_1_73' title='bbox 889 1289 979 1330; x_wconf 86' lang='lat' dir='ltr'>honi,</span> <span class='ocrx_word' id='word_1_74' title='bbox 999 1290 1038 1322; x_wconf 86' lang='lat' dir='ltr'>de</span> 
     </span>
    </p>

    <p class='ocr_par' dir='ltr' id='par_1_13' title="bbox 285 1341 1039 1383">
     <span class='ocr_line' id='line_1_18' title="bbox 285 1341 1039 1383; baseline 0.003 -10"><span class='ocrx_word' id='word_1_75' title='bbox 285 1341 433 1375; x_wconf 86' lang='lat' dir='ltr'>custodia</span> <span class='ocrx_word' id='word_1_76' title='bbox 461 1347 572 1375; x_wconf 89' lang='lat' dir='ltr'>nostra</span> <span class='ocrx_word' id='word_1_77' title='bbox 600 1342 821 1383; x_wconf 80' lang='lat' dir='ltr'>considentes,</span> <span class='ocrx_word' id='word_1_78' title='bbox 849 1342 881 1376; x_wconf 91' lang='lat' dir='ltr'>in</span> <span class='ocrx_word' id='word_1_79' title='bbox 911 1343 1039 1376; x_wconf 89' lang='lat' dir='ltr'>iuribus</span> 
     </span>
    </p>

    <p class='ocr_par' dir='ltr' id='par_1_14' title="bbox 284 1395 1038 1483">
     <span class='ocr_line' id='line_1_19' title="bbox 284 1395 1038 1441; baseline 0.003 -13"><span class='ocrx_word' id='word_1_80' title='bbox 284 1395 361 1436; x_wconf 84' lang='lat' dir='ltr'>suis,</span> <span class='ocrx_word' id='word_1_81' title='bbox 383 1396 536 1429; x_wconf 88' lang='lat' dir='ltr'>adversus</span> <span class='ocrx_word' id='word_1_82' title='bbox 549 1406 613 1437; x_wconf 83' lang='lat' dir='ltr'>eos,</span> <span class='ocrx_word' id='word_1_83' title='bbox 637 1401 850 1440; x_wconf 73' lang='lat' dir='ltr'>protegantur</span> <span class='ocrx_word' id='word_1_84' title='bbox 871 1402 902 1430; x_wconf 87' lang='lat' dir='ltr'>et</span> <span class='ocrx_word' id='word_1_85' title='bbox 917 1397 1038 1441; x_wconf 89' lang='lat' dir='ltr'>ubique</span> 
     </span>
     <span class='ocr_line' id='line_1_20' title="bbox 285 1454 529 1483; baseline 0.004 -2"><span class='ocrx_word' id='word_1_86' title='bbox 285 1454 529 1483; x_wconf 80' lang='lat' dir='ltr'>conserventur.</span> 
     </span>
    </p>

    <p class='ocr_par' dir='ltr' id='par_1_15' title="bbox 329 1502 1038 1548">
     <span class='ocr_line' id='line_1_21' title="bbox 329 1502 1038 1548; baseline 0.003 -13"><span class='ocrx_word' id='word_1_87' title='bbox 329 1502 344 1546; x_wconf 62' lang='grc' dir='ltr'><strong>ἓ</strong></span> <span class='ocrx_word' id='word_1_88' title='bbox 367 1503 398 1535; x_wconf 76' lang='lat' dir='ltr'>l.</span> <span class='ocrx_word' id='word_1_89' title='bbox 425 1503 488 1536; x_wconf 85' lang='lat' dir='ltr'>Nos</span> <span class='ocrx_word' id='word_1_90' title='bbox 516 1502 627 1546; x_wconf 77' lang='lat' dir='ltr'>igitur,</span> <span class='ocrx_word' id='word_1_91' title='bbox 656 1514 716 1547; x_wconf 88' lang='lat' dir='ltr'>pro</span> <span class='ocrx_word' id='word_1_92' title='bbox 742 1503 842 1536; x_wconf 85' lang='lat' dir='ltr'>nostri</span> <span class='ocrx_word' id='word_1_93' title='bbox 869 1505 1038 1548; x_wconf 86' lang='lat' dir='ltr'>pastoralis</span> 
     </span>
    </p>

    <p class='ocr_par' dir='ltr' id='par_1_16' title="bbox 112 1555 1036 1601">
     <span class='ocr_line' id='line_1_22' title="bbox 112 1555 1036 1601; baseline 0.004 -14"><span class='ocrx_word' id='word_1_94' title='bbox 112 1561 269 1596; x_wconf 59' lang='lat' dir='ltr'>Advowtrro·</span> <span class='ocrx_word' id='word_1_95' title='bbox 285 1555 382 1588; x_wconf 82' lang='lat' dir='ltr'>officii</span> <span class='ocrx_word' id='word_1_96' title='bbox 411 1555 532 1596; x_wconf 87' lang='lat' dir='ltr'>debito,</span> <span class='ocrx_word' id='word_1_97' title='bbox 560 1561 719 1599; x_wconf 84' lang='lat' dir='ltr'>quantum</span> <span class='ocrx_word' id='word_1_98' title='bbox 745 1567 819 1590; x_wconf 88' lang='lat' dir='ltr'>cum</span> <span class='ocrx_word' id='word_1_99' title='bbox 838 1557 902 1590; x_wconf 88' lang='lat' dir='ltr'>Deo</span> <span class='ocrx_word' id='word_1_100' title='bbox 923 1568 1036 1601; x_wconf 85' lang='lat' dir='ltr'>possu-</span> 
     </span>
    </p>

    <p class='ocr_par' dir='ltr' id='par_1_17' title="bbox 84 1593 1037 1654">
     <span class='ocr_line' id='line_1_23' title="bbox 84 1593 1037 1654; baseline 0.002 -12"><span class='ocrx_word' id='word_1_101' title='bbox 84 1595 224 1644; x_wconf 51' lang='lat' dir='ltr'>{ili-‘232³„n</span> <span class='ocrx_word' id='word_1_102' title='bbox 240 1593 270 1644; x_wconf 52' lang='lat' dir='ltr'>:rt</span> <span class='ocrx_word' id='word_1_103' title='bbox 285 1620 369 1650; x_wconf 88' lang='lat' dir='ltr'>mus,</span> <span class='ocrx_word' id='word_1_104' title='bbox 392 1609 590 1654; x_wconf 76' lang='lat' dir='ltr'>praemissis,</span> <span class='ocrx_word' id='word_1_105' title='bbox 618 1615 653 1642; x_wconf 89' lang='lat' dir='ltr'>ut</span> <span class='ocrx_word' id='word_1_106' title='bbox 679 1610 781 1643; x_wconf 88' lang='lat' dir='ltr'>ubivis</span> <span class='ocrx_word' id='word_1_107' title='bbox 802 1610 946 1644; x_wconf 79' lang='lat' dir='ltr'>debitum</span> <span class='ocrx_word' id='word_1_108' title='bbox 967 1622 1037 1645; x_wconf 91' lang='lat' dir='ltr'>sor-</span> 
     </span>
    </p>

    <p class='ocr_par' dir='ltr' id='par_1_18' title="bbox 84 1654 1037 1704">
     <span class='ocr_line' id='line_1_24' title="bbox 84 1654 1037 1704; baseline 0.004 -10"><span class='ocrx_word' id='word_1_109' title='bbox 84 1654 216 1679; x_wconf 65' lang='lat' dir='ltr'>⁵‘³‘¹⁰‘³g³¹&#39;</span> <span class='ocrx_word' id='word_1_110' title='bbox 285 1661 408 1695; x_wconf 82' lang='lat' dir='ltr'>tiantur</span> <span class='ocrx_word' id='word_1_111' title='bbox 433 1662 597 1702; x_wconf 81' lang='lat' dir='ltr'>effectum,</span> <span class='ocrx_word' id='word_1_112' title='bbox 625 1673 690 1696; x_wconf 87' lang='lat' dir='ltr'>non</span> <span class='ocrx_word' id='word_1_113' title='bbox 719 1664 823 1697; x_wconf 81' lang='lat' dir='ltr'>solum</span> <span class='ocrx_word' id='word_1_114' title='bbox 847 1664 952 1704; x_wconf 85' lang='lat' dir='ltr'>verba,</span> <span class='ocrx_word' id='word_1_115' title='bbox 983 1665 1037 1698; x_wconf 87' lang='lat' dir='ltr'>sed</span> 
     </span>
    </p>

    <p class='ocr_par' dir='ltr' id='par_1_19' title="bbox 285 1715 1037 1760">
     <span class='ocr_line' id='line_1_25' title="bbox 285 1715 1037 1760; baseline 0.004 -12"><span class='ocrx_word' id='word_1_116' title='bbox 285 1715 450 1760; x_wconf 87' lang='lat' dir='ltr'>operarias</span> <span class='ocrx_word' id='word_1_117' title='bbox 461 1726 576 1749; x_wconf 88' lang='lat' dir='ltr'>manus</span> <span class='ocrx_word' id='word_1_118' title='bbox 596 1716 750 1750; x_wconf 83' lang='lat' dir='ltr'>adhihere</span> <span class='ocrx_word' id='word_1_119' title='bbox 772 1717 927 1757; x_wconf 77' lang='lat' dir='ltr'>volentes,</span> <span class='ocrx_word' id='word_1_120' title='bbox 947 1724 1037 1751; x_wconf 89' lang='lat' dir='ltr'>motu</span> 
     </span>
    </p>

    <p class='ocr_par' dir='ltr' id='par_1_20' title="bbox 286 1769 1037 1813">
     <span class='ocr_line' id='line_1_26' title="bbox 286 1769 1037 1813; baseline 0.004 -12"><span class='ocrx_word' id='word_1_121' title='bbox 286 1769 420 1813; x_wconf 86' lang='lat' dir='ltr'>proprio</span> <span class='ocrx_word' id='word_1_122' title='bbox 438 1775 468 1802; x_wconf 91' lang='lat' dir='ltr'>et</span> <span class='ocrx_word' id='word_1_123' title='bbox 487 1780 523 1802; x_wconf 76' lang='lat' dir='ltr'>cx</span> <span class='ocrx_word' id='word_1_124' title='bbox 544 1774 631 1803; x_wconf 87' lang='lat' dir='ltr'>certa</span> <span class='ocrx_word' id='word_1_125' title='bbox 648 1776 758 1802; x_wconf 85' lang='lat' dir='ltr'>nostra</span> <span class='ocrx_word' id='word_1_126' title='bbox 782 1770 929 1811; x_wconf 86' lang='lat' dir='ltr'>scicntia,</span> <span class='ocrx_word' id='word_1_127' title='bbox 947 1782 984 1804; x_wconf 86' lang='lat' dir='ltr'>ac</span> <span class='ocrx_word' id='word_1_128' title='bbox 999 1772 1037 1804; x_wconf 90' lang='lat' dir='ltr'>de</span> 
     </span>
    </p>

    <p class='ocr_par' dir='ltr' id='par_1_21' title="bbox 284 1822 1036 1866">
     <span class='ocr_line' id='line_1_27' title="bbox 284 1822 1036 1866; baseline 0.003 -11"><span class='ocrx_word' id='word_1_129' title='bbox 284 1822 482 1866; x_wconf 88' lang='lat' dir='ltr'>apostolicae</span> <span class='ocrx_word' id='word_1_130' title='bbox 496 1822 883 1866; x_wconf 81' lang='lat' dir='ltr'>potestatisplenitudine,</span> <span class='ocrx_word' id='word_1_131' title='bbox 895 1824 1036 1857; x_wconf 83' lang='lat' dir='ltr'>officium</span> 
     </span>
    </p>

    <p class='ocr_par' dir='ltr' id='par_1_22' title="bbox 283 1877 1037 1920">
     <span class='ocr_line' id='line_1_28' title="bbox 283 1877 1037 1920; baseline 0.004 -12"><span class='ocrx_word' id='word_1_132' title='bbox 283 1877 506 1920; x_wconf 79' lang='lat' dir='ltr'>procuratoris</span> <span class='ocrx_word' id='word_1_133' title='bbox 527 1882 557 1910; x_wconf 86' lang='lat' dir='ltr'>et</span> <span class='ocrx_word' id='word_1_134' title='bbox 578 1877 720 1910; x_wconf 87' lang='lat' dir='ltr'>advocati</span> <span class='ocrx_word' id='word_1_135' title='bbox 752 1877 882 1915; x_wconf 79' lang='lat' dir='ltr'>fiscalis,</span> <span class='ocrx_word' id='word_1_136' title='bbox 910 1888 1037 1912; x_wconf 88' lang='lat' dir='ltr'>necnon</span> 
     </span>
    </p>

    <p class='ocr_par' dir='ltr' id='par_1_23' title="bbox 285 1930 1036 1973">
     <span class='ocr_line' id='line_1_29' title="bbox 285 1930 1036 1973; baseline 0.003 -10"><span class='ocrx_word' id='word_1_137' title='bbox 285 1930 580 1963; x_wconf 83' lang='lat' dir='ltr'>commissariatum</span> <span class='ocrx_word' id='word_1_138' title='bbox 613 1930 796 1973; x_wconf 81' lang='lat' dir='ltr'>generalem</span> <span class='ocrx_word' id='word_1_139' title='bbox 827 1931 977 1965; x_wconf 88' lang='lat' dir='ltr'>fraudum</span> <span class='ocrx_word' id='word_1_140' title='bbox 1005 1933 1036 1965; x_wconf 93' lang='lat' dir='ltr'>in</span> 
     </span>
    </p>

    <p class='ocr_par' dir='ltr' id='par_1_24' title="bbox 290 1983 1036 2029">
     <span class='ocr_line' id='line_1_30' title="bbox 290 1983 1036 2029; baseline 0.004 -13"><span class='ocrx_word' id='word_1_141' title='bbox 290 1988 354 2016; x_wconf 84' lang='lat' dir='ltr'>tota</span> <span class='ocrx_word' id='word_1_142' title='bbox 374 1983 541 2028; x_wconf 88' lang='lat' dir='ltr'>provincia</span> <span class='ocrx_word' id='word_1_143' title='bbox 562 1983 734 2024; x_wconf 80' lang='lat' dir='ltr'>Mareliiae,</span> <span class='ocrx_word' id='word_1_144' title='bbox 767 1984 927 2029; x_wconf 85' lang='lat' dir='ltr'>illiusque·</span> <span class='ocrx_word' id='word_1_145' title='bbox 961 1985 1036 2019; x_wconf 86' lang='lat' dir='ltr'>civi-</span> 
     </span>
    </p>

    <p class='ocr_par' dir='ltr' id='par_1_25' title="bbox 285 2036 1038 2078">
     <span class='ocr_line' id='line_1_31' title="bbox 285 2036 1038 2078; baseline 0.004 -9"><span class='ocrx_word' id='word_1_146' title='bbox 285 2036 416 2077; x_wconf 85' lang='lat' dir='ltr'>tatibus,</span> <span class='ocrx_word' id='word_1_147' title='bbox 449 2037 556 2078; x_wconf 85' lang='lat' dir='ltr'>terris,</span> <span class='ocrx_word' id='word_1_148' title='bbox 587 2037 667 2070; x_wconf 90' lang='lat' dir='ltr'>locis</span> <span class='ocrx_word' id='word_1_149' title='bbox 697 2043 726 2070; x_wconf 87' lang='lat' dir='ltr'>et</span> <span class='ocrx_word' id='word_1_150' title='bbox 760 2038 1038 2073; x_wconf 87' lang='lat' dir='ltr'>iurisdictionibus</span> 
     </span>
    </p>

    <p class='ocr_par' dir='ltr' id='par_1_26' title="bbox 285 2089 1038 2134">
     <span class='ocr_line' id='line_1_32' title="bbox 285 2089 1038 2134; baseline 0.004 -12"><span class='ocrx_word' id='word_1_151' title='bbox 285 2089 560 2134; x_wconf 87' lang='lat' dir='ltr'>quibuscumque,</span> <span class='ocrx_word' id='word_1_152' title='bbox 582 2090 725 2123; x_wconf 85' lang='lat' dir='ltr'>vacabile</span> <span class='ocrx_word' id='word_1_153' title='bbox 750 2091 788 2124; x_wconf 86' lang='lat' dir='ltr'>ad</span> <span class='ocrx_word' id='word_1_154' title='bbox 818 2090 912 2124; x_wconf 85' lang='lat' dir='ltr'>vitam</span> <span class='ocrx_word' id='word_1_155' title='bbox 941 2092 1038 2125; x_wconf 83' lang='lat' dir='ltr'>infra-</span> 
     </span>
    </p>

    <p class='ocr_par' dir='ltr' id='par_1_27' title="bbox 284 2143 1036 2188">
     <span class='ocr_line' id='line_1_33' title="bbox 284 2143 1036 2188; baseline 0.004 -12"><span class='ocrx_word' id='word_1_156' title='bbox 284 2143 496 2188; x_wconf 87' lang='lat' dir='ltr'>scriptorum,</span> <span class='ocrx_word' id='word_1_157' title='bbox 519 2149 550 2177; x_wconf 87' lang='lat' dir='ltr'>et</span> <span class='ocrx_word' id='word_1_158' title='bbox 576 2143 750 2177; x_wconf 87' lang='lat' dir='ltr'>cuiuslibet</span> <span class='ocrx_word' id='word_1_159' title='bbox 777 2155 891 2178; x_wconf 87' lang='lat' dir='ltr'>eorum</span> <span class='ocrx_word' id='word_1_160' title='bbox 919 2156 1036 2179; x_wconf 87' lang='lat' dir='ltr'>conce-</span> 
     </span>
    </p>

    <p class='ocr_par' dir='ltr' id='par_1_28' title="bbox 284 2196 1037 2242">
     <span class='ocr_line' id='line_1_34' title="bbox 284 2196 1037 2242; baseline 0.004 -13"><span class='ocrx_word' id='word_1_161' title='bbox 284 2196 427 2229; x_wconf 88' lang='lat' dir='ltr'>dendum</span> <span class='ocrx_word' id='word_1_162' title='bbox 449 2202 480 2230; x_wconf 90' lang='lat' dir='ltr'>et</span> <span class='ocrx_word' id='word_1_163' title='bbox 499 2197 746 2238; x_wconf 81' lang='lat' dir='ltr'>conserendum,</span> <span class='ocrx_word' id='word_1_164' title='bbox 774 2198 818 2231; x_wconf 89' lang='lat' dir='ltr'>ita</span> <span class='ocrx_word' id='word_1_165' title='bbox 838 2199 925 2242; x_wconf 88' lang='lat' dir='ltr'>quod</span> <span class='ocrx_word' id='word_1_166' title='bbox 951 2200 1037 2233; x_wconf 89' lang='lat' dir='ltr'>obti-</span> 
     </span>
    </p>

    <p class='ocr_par' dir='ltr' id='par_1_29' title="bbox 284 2249 1037 2296">
     <span class='ocr_line' id='line_1_35' title="bbox 284 2249 1037 2296; baseline 0.005 -14"><span class='ocrx_word' id='word_1_167' title='bbox 284 2255 397 2283; x_wconf 83' lang='lat' dir='ltr'>nentes</span> <span class='ocrx_word' id='word_1_168' title='bbox 414 2249 495 2282; x_wconf 90' lang='lat' dir='ltr'>illud</span> <span class='ocrx_word' id='word_1_169' title='bbox 515 2255 546 2283; x_wconf 91' lang='lat' dir='ltr'>et</span> <span class='ocrx_word' id='word_1_170' title='bbox 562 2250 629 2291; x_wconf 90' lang='lat' dir='ltr'>illa,</span> <span class='ocrx_word' id='word_1_171' title='bbox 646 2261 705 2294; x_wconf 90' lang='lat' dir='ltr'>per</span> <span class='ocrx_word' id='word_1_172' title='bbox 720 2261 752 2284; x_wconf 88' lang='lat' dir='ltr'>sc</span> <span class='ocrx_word' id='word_1_173' title='bbox 766 2251 852 2295; x_wconf 87' lang='lat' dir='ltr'>ipsos</span> <span class='ocrx_word' id='word_1_174' title='bbox 873 2258 903 2285; x_wconf 88' lang='lat' dir='ltr'>et</span> <span class='ocrx_word' id='word_1_175' title='bbox 923 2264 1037 2296; x_wconf 84' lang='lat' dir='ltr'>quem-</span> 
     </span>
    </p>

    <p class='ocr_par' dir='ltr' id='par_1_30' title="bbox 284 2302 1038 2340">
     <span class='ocr_line' id='line_1_36' title="bbox 284 2302 1038 2340; baseline 0.005 -5"><span class='ocrx_word' id='word_1_176' title='bbox 284 2302 361 2336; x_wconf 86' lang='lat' dir='ltr'>lihet</span> <span class='ocrx_word' id='word_1_177' title='bbox 378 2313 491 2337; x_wconf 85' lang='lat' dir='ltr'>eorum</span> <span class='ocrx_word' id='word_1_178' title='bbox 512 2305 559 2337; x_wconf 91' lang='lat' dir='ltr'>vel</span> <span class='ocrx_word' id='word_1_179' title='bbox 581 2303 679 2337; x_wconf 84' lang='lat' dir='ltr'>alium</span> <span class='ocrx_word' id='word_1_180' title='bbox 700 2315 757 2337; x_wconf 81' lang='lat' dir='ltr'>seu</span> <span class='ocrx_word' id='word_1_181' title='bbox 777 2305 857 2338; x_wconf 87' lang='lat' dir='ltr'>alios</span> <span class='ocrx_word' id='word_1_182' title='bbox 877 2305 946 2338; x_wconf 86' lang='lat' dir='ltr'>cius</span> <span class='ocrx_word' id='word_1_183' title='bbox 966 2307 1038 2340; x_wconf 80' lang='lat' dir='ltr'>sul)-</span> 
     </span>
    </p>

    <p class='ocr_par' dir='ltr' id='par_1_31' title="bbox 283 2356 1036 2397">
     <span class='ocr_line' id='line_1_37' title="bbox 283 2356 1036 2397; baseline 0.004 -8"><span class='ocrx_word' id='word_1_184' title='bbox 283 2356 425 2397; x_wconf 76' lang='lat' dir='ltr'>stitutus,</span> <span class='ocrx_word' id='word_1_185' title='bbox 461 2357 500 2390; x_wconf 84' lang='lat' dir='ltr'>ad</span> <span class='ocrx_word' id='word_1_186' title='bbox 530 2367 643 2390; x_wconf 89' lang='lat' dir='ltr'>eorum</span> <span class='ocrx_word' id='word_1_187' title='bbox 673 2363 703 2390; x_wconf 90' lang='lat' dir='ltr'>et</span> <span class='ocrx_word' id='word_1_188' title='bbox 723 2357 896 2391; x_wconf 88' lang='lat' dir='ltr'>cuiuslibet</span> <span class='ocrx_word' id='word_1_189' title='bbox 923 2369 1036 2393; x_wconf 88' lang='lat' dir='ltr'>eorum</span> 
     </span>
    </p>

    <p class='ocr_par' dir='ltr' id='par_1_32' title="bbox 283 2410 1038 2455">
     <span class='ocr_line' id='line_1_38' title="bbox 283 2410 1038 2455; baseline 0.005 -13"><span class='ocrx_word' id='word_1_190' title='bbox 283 2410 525 2454; x_wconf 84' lang='lat' dir='ltr'>heneplacitum</span> <span class='ocrx_word' id='word_1_191' title='bbox 554 2411 753 2452; x_wconf 85' lang='lat' dir='ltr'>amovibilcs,</span> <span class='ocrx_word' id='word_1_192' title='bbox 780 2411 882 2451; x_wconf 83' lang='lat' dir='ltr'>toties,</span> <span class='ocrx_word' id='word_1_193' title='bbox 913 2413 1038 2455; x_wconf 86' lang='lat' dir='ltr'>quotics</span> 
     </span>
    </p>

    <p class='ocr_par' dir='ltr' id='par_1_33' title="bbox 283 2463 1035 2506">
     <span class='ocr_line' id='line_1_39' title="bbox 283 2463 1035 2506; baseline 0.004 -10"><span class='ocrx_word' id='word_1_194' title='bbox 283 2463 344 2496; x_wconf 85' lang='lat' dir='ltr'>sibi</span> <span class='ocrx_word' id='word_1_195' title='bbox 364 2463 537 2505; x_wconf 90' lang='lat' dir='ltr'>videbitur,</span> <span class='ocrx_word' id='word_1_196' title='bbox 557 2474 706 2497; x_wconf 84' lang='lat' dir='ltr'>exercere</span> <span class='ocrx_word' id='word_1_197' title='bbox 726 2465 851 2497; x_wconf 85' lang='lat' dir='ltr'>valeant</span> <span class='ocrx_word' id='word_1_198' title='bbox 871 2471 903 2497; x_wconf 87' lang='lat' dir='ltr'>et</span> <span class='ocrx_word' id='word_1_199' title='bbox 922 2466 1035 2506; x_wconf 87' lang='lat' dir='ltr'>valeat,</span> 
     </span>
    </p>

    <p class='ocr_par' dir='ltr' id='par_1_34' title="bbox 284 2516 1039 2562">
     <span class='ocr_line' id='line_1_40' title="bbox 284 2516 1039 2562; baseline 0.005 -13"><span class='ocrx_word' id='word_1_200' title='bbox 284 2516 463 2561; x_wconf 88' lang='lat' dir='ltr'>apostolica</span> <span class='ocrx_word' id='word_1_201' title='bbox 482 2517 687 2558; x_wconf 85' lang='lat' dir='ltr'>auctoritate,</span> <span class='ocrx_word' id='word_1_202' title='bbox 706 2524 864 2562; x_wconf 85' lang='lat' dir='ltr'>perpetuo</span> <span class='ocrx_word' id='word_1_203' title='bbox 885 2518 1039 2561; x_wconf 82' lang='lat' dir='ltr'>erigimus</span> 
     </span>
    </p>

    <p class='ocr_par' dir='ltr' id='par_1_35' title="bbox 284 2569 1039 2615">
     <span class='ocr_line' id='line_1_41' title="bbox 284 2569 1039 2615; baseline 0.004 -13"><span class='ocrx_word' id='word_1_204' title='bbox 284 2575 312 2602; x_wconf 86' lang='lat' dir='ltr'>ct</span> <span class='ocrx_word' id='word_1_205' title='bbox 326 2569 539 2610; x_wconf 81' lang='lat' dir='ltr'>instituimus,</span> <span class='ocrx_word' id='word_1_206' title='bbox 555 2576 740 2615; x_wconf 79' lang='lat' dir='ltr'>separantes</span> <span class='ocrx_word' id='word_1_207' title='bbox 752 2577 779 2603; x_wconf 84' lang='lat' dir='ltr'>et</span> <span class='ocrx_word' id='word_1_208' title='bbox 802 2571 1039 2605; x_wconf 62' lang='lat' dir='ltr'>dismcmln‘an-</span> 
     </span>
    </p>

    <p class='ocr_par' dir='ltr' id='par_1_36' title="bbox 285 2624 1038 2659">
     <span class='ocr_line' id='line_1_42' title="bbox 285 2624 1038 2659; baseline 0.004 -3"><span class='ocrx_word' id='word_1_209' title='bbox 285 2629 331 2656; x_wconf 89' lang='lat' dir='ltr'>tes</span> <span class='ocrx_word' id='word_1_210' title='bbox 350 2624 436 2657; x_wconf 86' lang='lat' dir='ltr'>dicta</span> <span class='ocrx_word' id='word_1_211' title='bbox 456 2624 564 2658; x_wconf 84' lang='lat' dir='ltr'>officia</span> <span class='ocrx_word' id='word_1_212' title='bbox 584 2624 748 2658; x_wconf 82' lang='lat' dir='ltr'>tiscalatus</span> <span class='ocrx_word' id='word_1_213' title='bbox 759 2625 1038 2659; x_wconf 85' lang='lat' dir='ltr'>etcominissaria-</span> 
     </span>
    </p>
   </div>
   <div class='ocr_carea' id='block_1_8' title="bbox 320 2690 928 2762">
    <p class='ocr_par' dir='ltr' id='par_1_37' title="bbox 320 2690 928 2762">
     <span class='ocr_line' id='line_1_43' title="bbox 320 2690 860 2726; baseline 0.006 -9"><span class='ocrx_word' id='word_1_214' title='bbox 320 2691 332 2717; x_wconf 83' lang='lat'><strong>1</strong></span> <span class='ocrx_word' id='word_1_215' title='bbox 352 2690 393 2718; x_wconf 78' lang='lat' dir='ltr'>Ex</span> <span class='ocrx_word' id='word_1_216' title='bbox 410 2690 524 2726; x_wconf 81' lang='lat' dir='ltr'>Regest.</span> <span class='ocrx_word' id='word_1_217' title='bbox 544 2691 573 2718; x_wconf 91' lang='lat' dir='ltr'>in</span> <span class='ocrx_word' id='word_1_218' title='bbox 590 2691 696 2719; x_wconf 83' lang='lat' dir='ltr'>secret.</span> <span class='ocrx_word' id='word_1_219' title='bbox 718 2691 860 2720; x_wconf 87' lang='lat' dir='ltr'>Brevium.</span> 
     </span>
     <span class='ocr_line' id='line_1_44' title="bbox 364 2730 928 2762; baseline 0.004 -3"><span class='ocrx_word' id='word_1_220' title='bbox 364 2730 439 2760; x_wconf 69' lang='lat' dir='ltr'>Bau.</span> <span class='ocrx_word' id='word_1_221' title='bbox 461 2730 539 2760; x_wconf 85' lang='lat' dir='ltr'>Rom.</span> <span class='ocrx_word' id='word_1_222' title='bbox 564 2730 618 2761; x_wconf 89' lang='lat' dir='ltr'>Vol.</span> <span class='ocrx_word' id='word_1_223' title='bbox 637 2730 687 2762; x_wconf 80' lang='lat' dir='ltr'>IX.</span> <span class='ocrx_word' id='word_1_224' title='bbox 891 2732 928 2761; x_wconf 72' lang='lat'>315</span> 
     </span>
    </p>
   </div>
   <div class='ocr_carea' id='block_1_9' title="bbox 957 313 1165 338">
    <p class='ocr_par' dir='ltr' id='par_1_38' title="bbox 957 313 1165 338">
     <span class='ocr_line' id='line_1_45' title="bbox 957 313 1165 338; baseline 0.005 -1"><span class='ocrx_word' id='word_1_225' title='bbox 957 313 1059 338; x_wconf 82' lang='lat' dir='ltr'>SIxTUS</span> <span class='ocrx_word' id='word_1_226' title='bbox 1079 314 1098 337; x_wconf 92' lang='lat' dir='ltr'>V</span> <span class='ocrx_word' id='word_1_227' title='bbox 1118 315 1165 338; x_wconf 71' lang='lat' dir='ltr'>FP.</span> 
     </span>
    </p>
   </div>
   <div class='ocr_carea' id='block_1_10' title="bbox 1079 309 2035 2730">
    <p class='ocr_par' dir='ltr' id='par_1_39' title="bbox 1081 309 1833 506">
     <span class='ocr_line' id='line_1_46' title="bbox 1727 309 1784 343; baseline 0.035 -2"><span class='ocrx_word' id='word_1_228' title='bbox 1727 309 1784 343; x_wconf 66' lang='lat'>281</span> 
     </span>
     <span class='ocr_line' id='line_1_47' title="bbox 1082 369 1833 416; baseline 0.009 -17"><span class='ocrx_word' id='word_1_229' title='bbox 1082 372 1133 400; x_wconf 85' lang='lat' dir='ltr'>tus</span> <span class='ocrx_word' id='word_1_230' title='bbox 1168 369 1207 400; x_wconf 83' lang='lat' dir='ltr'>ab</span> <span class='ocrx_word' id='word_1_231' title='bbox 1244 369 1351 402; x_wconf 78' lang='lat' dir='ltr'>officio</span> <span class='ocrx_word' id='word_1_232' title='bbox 1381 369 1636 412; x_wconf 65' lang='lat' dir='ltr'>guina-natorum</span> <span class='ocrx_word' id='word_1_233' title='bbox 1674 378 1700 404; x_wconf 75' lang='lat' dir='ltr'>et</span> <span class='ocrx_word' id='word_1_234' title='bbox 1742 378 1833 416; x_wconf 83' lang='lat' dir='ltr'>pote-</span> 
     </span>
     <span class='ocr_line' id='line_1_48' title="bbox 1081 422 1833 458; baseline 0.007 -5"><span class='ocrx_word' id='word_1_235' title='bbox 1081 425 1196 453; x_wconf 83' lang='lat' dir='ltr'>statum</span> <span class='ocrx_word' id='word_1_236' title='bbox 1218 432 1255 455; x_wconf 92' lang='lat' dir='ltr'>ac</span> <span class='ocrx_word' id='word_1_237' title='bbox 1276 422 1413 455; x_wconf 80' lang='lat' dir='ltr'>aliorum</span> <span class='ocrx_word' id='word_1_238' title='bbox 1435 422 1579 456; x_wconf 87' lang='lat' dir='ltr'>iudicum</span> <span class='ocrx_word' id='word_1_239' title='bbox 1598 424 1759 458; x_wconf 85' lang='lat' dir='ltr'>dictorum</span> <span class='ocrx_word' id='word_1_240' title='bbox 1786 427 1833 458; x_wconf 89' lang='lat' dir='ltr'>Io-</span> 
     </span>
     <span class='ocr_line' id='line_1_49' title="bbox 1082 483 1208 506; baseline 0.008 -1"><span class='ocrx_word' id='word_1_241' title='bbox 1082 483 1208 506; x_wconf 87' lang='lat' dir='ltr'>corum.</span> 
     </span>
    </p>

    <p class='ocr_par' dir='ltr' id='par_1_40' title="bbox 1082 526 1859 943">
     <span class='ocr_line' id='line_1_50' title="bbox 1126 526 1831 572; baseline 0.009 -14"><span class='ocrx_word' id='word_1_242' title='bbox 1126 526 1140 567; x_wconf 67' lang='grc' dir='ltr'>,ξ</span> <span class='ocrx_word' id='word_1_243' title='bbox 1174 526 1204 558; x_wconf 67' lang='grc'>2.</span> <span class='ocrx_word' id='word_1_244' title='bbox 1233 527 1362 570; x_wconf 80' lang='lat' dir='ltr'>illisque</span> <span class='ocrx_word' id='word_1_245' title='bbox 1393 529 1437 561; x_wconf 88' lang='lat' dir='ltr'>sic</span> <span class='ocrx_word' id='word_1_246' title='bbox 1466 530 1581 562; x_wconf 80' lang='lat' dir='ltr'>erectis</span> <span class='ocrx_word' id='word_1_247' title='bbox 1611 536 1640 563; x_wconf 79' lang='lat' dir='ltr'>et</span> <span class='ocrx_word' id='word_1_248' title='bbox 1665 531 1831 572; x_wconf 77' lang='lat' dir='ltr'>institutis,</span> 
     </span>
     <span class='ocr_line' id='line_1_51' title="bbox 1082 581 1859 625; baseline 0.014 -17"><span class='ocrx_word' id='word_1_249' title='bbox 1082 588 1140 619; x_wconf 91' lang='lat' dir='ltr'>pro</span> <span class='ocrx_word' id='word_1_250' title='bbox 1161 589 1274 612; x_wconf 90' lang='lat' dir='ltr'>eorum</span> <span class='ocrx_word' id='word_1_251' title='bbox 1297 581 1499 621; x_wconf 82' lang='lat' dir='ltr'>dote,omnia</span> <span class='ocrx_word' id='word_1_252' title='bbox 1517 588 1546 615; x_wconf 87' lang='lat' dir='ltr'>et</span> <span class='ocrx_word' id='word_1_253' title='bbox 1561 583 1688 625; x_wconf 80' lang='lat' dir='ltr'>singula</span> <span class='ocrx_word' id='word_1_254' title='bbox 1708 586 1833 618; x_wconf 69' lang='lat' dir='ltr'>onmiu-</span> <span class='ocrx_word' id='word_1_255' title='bbox 1850 581 1859 595; x_wconf 83' lang='lat'>⁰</span> 
     </span>
     <span class='ocr_line' id='line_1_52' title="bbox 1082 633 1834 681; baseline 0.013 -19"><span class='ocrx_word' id='word_1_256' title='bbox 1082 638 1202 672; x_wconf 88' lang='lat' dir='ltr'>menta,</span> <span class='ocrx_word' id='word_1_257' title='bbox 1230 633 1410 676; x_wconf 73' lang='lat' dir='ltr'>vigesimas,</span> <span class='ocrx_word' id='word_1_258' title='bbox 1435 636 1662 679; x_wconf 74' lang='lat' dir='ltr'>responsiones</span> <span class='ocrx_word' id='word_1_259' title='bbox 1692 643 1722 670; x_wconf 78' lang='lat' dir='ltr'>et</span> <span class='ocrx_word' id='word_1_260' title='bbox 1743 649 1834 681; x_wconf 85' lang='lat' dir='ltr'>rega-</span> 
     </span>
     <span class='ocr_line' id='line_1_53' title="bbox 1082 683 1834 735; baseline 0.013 -20"><span class='ocrx_word' id='word_1_261' title='bbox 1082 683 1139 716; x_wconf 86' lang='lat' dir='ltr'>lias</span> <span class='ocrx_word' id='word_1_262' title='bbox 1160 695 1196 717; x_wconf 84' lang='lat' dir='ltr'>ex</span> <span class='ocrx_word' id='word_1_263' title='bbox 1217 687 1368 720; x_wconf 77' lang='lat' dir='ltr'>exercitio</span> <span class='ocrx_word' id='word_1_264' title='bbox 1385 688 1545 722; x_wconf 86' lang='lat' dir='ltr'>dictorum</span> <span class='ocrx_word' id='word_1_265' title='bbox 1558 690 1741 723; x_wconf 81' lang='lat' dir='ltr'>officiorum</span> <span class='ocrx_word' id='word_1_266' title='bbox 1759 703 1834 735; x_wconf 90' lang='lat' dir='ltr'>pro-</span> 
     </span>
     <span class='ocr_line' id='line_1_54' title="bbox 1082 737 1835 783; baseline 0.016 -16"><span class='ocrx_word' id='word_1_267' title='bbox 1082 737 1257 777; x_wconf 79' lang='lat' dir='ltr'>venientes,</span> <span class='ocrx_word' id='word_1_268' title='bbox 1271 750 1307 771; x_wconf 83' lang='lat' dir='ltr'>ac</span> <span class='ocrx_word' id='word_1_269' title='bbox 1321 747 1417 783; x_wconf 88' lang='lat' dir='ltr'>prout.</span> <span class='ocrx_word' id='word_1_270' title='bbox 1431 742 1499 774; x_wconf 86' lang='lat' dir='ltr'>aliis</span> <span class='ocrx_word' id='word_1_271' title='bbox 1517 742 1680 777; x_wconf 76' lang='lat' dir='ltr'>fiscalibus</span> <span class='ocrx_word' id='word_1_272' title='bbox 1700 750 1727 777; x_wconf 80' lang='lat' dir='ltr'>et</span> <span class='ocrx_word' id='word_1_273' title='bbox 1750 755 1835 778; x_wconf 86' lang='lat' dir='ltr'>com-</span> 
     </span>
     <span class='ocr_line' id='line_1_55' title="bbox 1083 789 1835 841; baseline 0.013 -21"><span class='ocrx_word' id='word_1_274' title='bbox 1083 789 1235 824; x_wconf 83' lang='lat' dir='ltr'>missariis</span> <span class='ocrx_word' id='word_1_275' title='bbox 1268 794 1455 835; x_wconf 82' lang='lat' dir='ltr'>apostolicis</span> <span class='ocrx_word' id='word_1_276' title='bbox 1486 796 1517 827; x_wconf 93' lang='lat' dir='ltr'>in</span> <span class='ocrx_word' id='word_1_277' title='bbox 1551 796 1635 829; x_wconf 79' lang='lat' dir='ltr'>dicta</span> <span class='ocrx_word' id='word_1_278' title='bbox 1670 799 1835 841; x_wconf 85' lang='lat' dir='ltr'>provincia</span> 
     </span>
     <span class='ocr_line' id='line_1_56' title="bbox 1082 842 1835 895; baseline 0.011 -20"><span class='ocrx_word' id='word_1_279' title='bbox 1082 842 1160 875; x_wconf 76' lang='lat' dir='ltr'>solvi</span> <span class='ocrx_word' id='word_1_280' title='bbox 1182 843 1312 877; x_wconf 88' lang='lat' dir='ltr'>solitum</span> <span class='ocrx_word' id='word_1_281' title='bbox 1336 846 1405 883; x_wconf 76' lang='lat' dir='ltr'>suit.</span> <span class='ocrx_word' id='word_1_282' title='bbox 1426 848 1538 880; x_wconf 82' lang='lat' dir='ltr'>eadem</span> <span class='ocrx_word' id='word_1_283' title='bbox 1559 850 1754 883; x_wconf 83' lang='lat' dir='ltr'>auctoritate</span> <span class='ocrx_word' id='word_1_284' title='bbox 1779 863 1835 895; x_wconf 87' lang='lat' dir='ltr'>ap-</span> 
     </span>
     <span class='ocr_line' id='line_1_57' title="bbox 1082 895 1581 943; baseline 0.012 -16"><span class='ocrx_word' id='word_1_285' title='bbox 1082 895 1242 938; x_wconf 77' lang='lat' dir='ltr'>plicamus</span> <span class='ocrx_word' id='word_1_286' title='bbox 1263 904 1291 929; x_wconf 88' lang='lat' dir='ltr'>et</span> <span class='ocrx_word' id='word_1_287' title='bbox 1319 901 1581 943; x_wconf 78' lang='lat' dir='ltr'>approprianius.</span> 
     </span>
    </p>

    <p class='ocr_par' dir='ltr' id='par_1_41' title="bbox 1080 949 2035 1410">
     <span class='ocr_line' id='line_1_58' title="bbox 1127 949 2033 995; baseline 0.012 -14"><span class='ocrx_word' id='word_1_288' title='bbox 1127 949 1141 991; x_wconf 59' lang='grc' dir='ltr'><strong>ξ</strong></span> <span class='ocrx_word' id='word_1_289' title='bbox 1162 949 1193 982; x_wconf 82' lang='lat'>3.</span> <span class='ocrx_word' id='word_1_290' title='bbox 1216 949 1480 995; x_wconf 86' lang='lat' dir='ltr'>Eorumdemquc</span> <span class='ocrx_word' id='word_1_291' title='bbox 1502 954 1698 995; x_wconf 74' lang='lat' dir='ltr'>officiorum,</span> <span class='ocrx_word' id='word_1_292' title='bbox 1722 957 1760 989; x_wconf 89' lang='lat' dir='ltr'>ad</span> <span class='ocrx_word' id='word_1_293' title='bbox 1787 957 1835 990; x_wconf 90' lang='lat' dir='ltr'>in·</span> <span class='ocrx_word' id='word_1_294' title='bbox 1851 970 1973 991; x_wconf 68' lang='lat' dir='ltr'>Huiusmodi</span> <span class='ocrx_word' id='word_1_295' title='bbox 1989 972 2033 991; x_wconf 50' lang='lat' dir='ltr'>aar</span> 
     </span>
     <span class='ocr_line' id='line_1_59' title="bbox 1081 1002 2035 1053; baseline 0.012 -20"><span class='ocrx_word' id='word_1_296' title='bbox 1081 1006 1147 1034; x_wconf 87' lang='lat' dir='ltr'>star</span> <span class='ocrx_word' id='word_1_297' title='bbox 1168 1002 1307 1036; x_wconf 88' lang='lat' dir='ltr'>aliorum</span> <span class='ocrx_word' id='word_1_298' title='bbox 1328 1003 1492 1038; x_wconf 81' lang='lat' dir='ltr'>Romanae</span> <span class='ocrx_word' id='word_1_299' title='bbox 1516 1006 1633 1040; x_wconf 86' lang='lat' dir='ltr'>Curiae</span> <span class='ocrx_word' id='word_1_300' title='bbox 1654 1008 1836 1042; x_wconf 80' lang='lat' dir='ltr'>officiorum</span> <span class='ocrx_word' id='word_1_301' title='bbox 1850 1002 2035 1053; x_wconf 48' lang='lat' dir='ltr'>22⁰JJ¹¹¹¹fiffiJssg¹ssssg</span> 
     </span>
     <span class='ocr_line' id='line_1_60' title="bbox 1082 1054 2033 1107; baseline 0.011 -19"><span class='ocrx_word' id='word_1_302' title='bbox 1082 1054 1237 1088; x_wconf 85' lang='lat' dir='ltr'>similium</span> <span class='ocrx_word' id='word_1_303' title='bbox 1260 1056 1420 1090; x_wconf 85' lang='lat' dir='ltr'>venalium</span> <span class='ocrx_word' id='word_1_304' title='bbox 1443 1069 1480 1091; x_wconf 89' lang='lat' dir='ltr'>ac</span> <span class='ocrx_word' id='word_1_305' title='bbox 1496 1060 1711 1101; x_wconf 72' lang='lat' dir='ltr'>-vacabilium,</span> <span class='ocrx_word' id='word_1_306' title='bbox 1735 1063 1836 1096; x_wconf 88' lang='lat' dir='ltr'>colla·</span> <span class='ocrx_word' id='word_1_307' title='bbox 1850 1064 2033 1107; x_wconf 59' lang='lat' dir='ltr'>9⁰¹¹}isscib&#39;ffl‘·</span> 
     </span>
     <span class='ocr_line' id='line_1_61' title="bbox 1082 1099 1929 1155; baseline 0.011 -15"><span class='ocrx_word' id='word_1_308' title='bbox 1082 1108 1216 1150; x_wconf 87' lang='lat' dir='ltr'>tionem,</span> <span class='ocrx_word' id='word_1_309' title='bbox 1237 1110 1454 1152; x_wconf 78' lang='lat' dir='ltr'>provisionem</span> <span class='ocrx_word' id='word_1_310' title='bbox 1476 1117 1508 1145; x_wconf 89' lang='lat' dir='ltr'>et</span> <span class='ocrx_word' id='word_1_311' title='bbox 1526 1112 1786 1155; x_wconf 84' lang='lat' dir='ltr'>dispositionem,</span> <span class='ocrx_word' id='word_1_312' title='bbox 1801 1116 1837 1148; x_wconf 88' lang='lat' dir='ltr'>il-</span> <span class='ocrx_word' id='word_1_313' title='bbox 1851 1099 1929 1116; x_wconf 64' lang='lat' dir='ltr'>semu.</span> 
     </span>
     <span class='ocr_line' id='line_1_62' title="bbox 1082 1161 1836 1212; baseline 0.012 -19"><span class='ocrx_word' id='word_1_314' title='bbox 1082 1161 1188 1194; x_wconf 86' lang='lat' dir='ltr'>lorum</span> <span class='ocrx_word' id='word_1_315' title='bbox 1210 1164 1377 1197; x_wconf 85' lang='lat' dir='ltr'>vacatione</span> <span class='ocrx_word' id='word_1_316' title='bbox 1395 1175 1452 1207; x_wconf 88' lang='lat' dir='ltr'>per</span> <span class='ocrx_word' id='word_1_317' title='bbox 1468 1165 1591 1198; x_wconf 82' lang='lat' dir='ltr'>obitum</span> <span class='ocrx_word' id='word_1_318' title='bbox 1612 1166 1836 1212; x_wconf 79' lang='lat' dir='ltr'>infrascripto-</span> 
     </span>
     <span class='ocr_line' id='line_1_63' title="bbox 1082 1216 1836 1255; baseline 0.011 -8"><span class='ocrx_word' id='word_1_319' title='bbox 1082 1225 1155 1247; x_wconf 85' lang='lat' dir='ltr'>rum</span> <span class='ocrx_word' id='word_1_320' title='bbox 1176 1216 1324 1249; x_wconf 89' lang='lat' dir='ltr'>omnium</span> <span class='ocrx_word' id='word_1_321' title='bbox 1346 1223 1376 1250; x_wconf 85' lang='lat' dir='ltr'>et</span> <span class='ocrx_word' id='word_1_322' title='bbox 1397 1218 1569 1252; x_wconf 81' lang='lat' dir='ltr'>cuiuslibet</span> <span class='ocrx_word' id='word_1_323' title='bbox 1592 1230 1705 1254; x_wconf 88' lang='lat' dir='ltr'>eorum</span> <span class='ocrx_word' id='word_1_324' title='bbox 1723 1228 1753 1255; x_wconf 85' lang='lat' dir='ltr'>et</span> <span class='ocrx_word' id='word_1_325' title='bbox 1770 1233 1836 1255; x_wconf 90' lang='lat' dir='ltr'>non</span> 
     </span>
     <span class='ocr_line' id='line_1_64' title="bbox 1082 1269 1836 1317; baseline 0.012 -16"><span class='ocrx_word' id='word_1_326' title='bbox 1082 1269 1171 1310; x_wconf 86' lang='lat' dir='ltr'>alias,</span> <span class='ocrx_word' id='word_1_327' title='bbox 1191 1271 1238 1303; x_wconf 82' lang='lat' dir='ltr'>vel</span> <span class='ocrx_word' id='word_1_328' title='bbox 1260 1270 1509 1314; x_wconf 75' lang='lat' dir='ltr'>resignationem</span> <span class='ocrx_word' id='word_1_329' title='bbox 1528 1273 1758 1317; x_wconf 83' lang='lat' dir='ltr'>obtinentium,</span> <span class='ocrx_word' id='word_1_330' title='bbox 1781 1287 1836 1310; x_wconf 89' lang='lat' dir='ltr'>oc-</span> 
     </span>
     <span class='ocr_line' id='line_1_65' title="bbox 1082 1324 1837 1363; baseline 0.011 -8"><span class='ocrx_word' id='word_1_331' title='bbox 1082 1328 1245 1363; x_wconf 83' lang='lat' dir='ltr'>currente,</span> <span class='ocrx_word' id='word_1_332' title='bbox 1275 1324 1367 1358; x_wconf 83' lang='lat' dir='ltr'>nohis</span> <span class='ocrx_word' id='word_1_333' title='bbox 1394 1331 1421 1357; x_wconf 82' lang='lat' dir='ltr'>et</span> <span class='ocrx_word' id='word_1_334' title='bbox 1454 1327 1698 1361; x_wconf 80' lang='lat' dir='ltr'>successorihus</span> <span class='ocrx_word' id='word_1_335' title='bbox 1718 1330 1837 1363; x_wconf 83' lang='lat' dir='ltr'>nostris</span> 
     </span>
     <span class='ocr_line' id='line_1_66' title="bbox 1080 1386 1292 1410; baseline 0.009 -2"><span class='ocrx_word' id='word_1_336' title='bbox 1080 1386 1292 1410; x_wconf 80' lang='lat' dir='ltr'>reservamus.</span> 
     </span>
    </p>

    <p class='ocr_par' dir='ltr' id='par_1_42' title="bbox 1080 1430 2034 1784">
     <span class='ocr_line' id='line_1_67' title="bbox 1125 1430 2033 1478; baseline 0.011 -16"><span class='ocrx_word' id='word_1_337' title='bbox 1125 1430 1140 1473; x_wconf 60' lang='grc' dir='ltr'>ξ</span> <span class='ocrx_word' id='word_1_338' title='bbox 1172 1430 1202 1462; x_wconf 73' lang='lat'>4.</span> <span class='ocrx_word' id='word_1_339' title='bbox 1241 1431 1373 1465; x_wconf 86' lang='lat' dir='ltr'>Necnon</span> <span class='ocrx_word' id='word_1_340' title='bbox 1406 1434 1628 1475; x_wconf 83' lang='lat' dir='ltr'>erectionem,</span> <span class='ocrx_word' id='word_1_341' title='bbox 1664 1435 1837 1470; x_wconf 88' lang='lat' dir='ltr'>institutio·</span> <span class='ocrx_word' id='word_1_342' title='bbox 1885 1443 2033 1478; x_wconf 47' lang='lat' dir='ltr'>praesentes-</span> 
     </span>
     <span class='ocr_line' id='line_1_68' title="bbox 1080 1476 2034 1533; baseline 0.013 -18"><span class='ocrx_word' id='word_1_343' title='bbox 1080 1493 1166 1523; x_wconf 89' lang='lat' dir='ltr'>nem,</span> <span class='ocrx_word' id='word_1_344' title='bbox 1188 1484 1501 1528; x_wconf 83' lang='lat' dir='ltr'>appropriationem,</span> <span class='ocrx_word' id='word_1_345' title='bbox 1529 1488 1781 1531; x_wconf 84' lang='lat' dir='ltr'>applicationem</span> <span class='ocrx_word' id='word_1_346' title='bbox 1807 1476 2034 1533; x_wconf 51' lang='lat' dir='ltr'>etssgfiiussiissffpii</span> 
     </span>
     <span class='ocr_line' id='line_1_69' title="bbox 1080 1536 1971 1585; baseline 0.01 -16"><span class='ocrx_word' id='word_1_347' title='bbox 1080 1536 1417 1579; x_wconf 84' lang='lat' dir='ltr'>dismembrationem,</span> <span class='ocrx_word' id='word_1_348' title='bbox 1437 1546 1690 1585; x_wconf 79' lang='lat' dir='ltr'>praesentesque</span> <span class='ocrx_word' id='word_1_349' title='bbox 1710 1543 1836 1577; x_wconf 87' lang='lat' dir='ltr'>litteras</span> <span class='ocrx_word' id='word_1_350' title='bbox 1850 1538 1971 1558; x_wconf 60' lang='lat'>⁰¹³⁵⁰¹*³¹¹“⁴</span> 
     </span>
     <span class='ocr_line' id='line_1_70' title="bbox 1081 1594 1836 1636; baseline 0.011 -14"><span class='ocrx_word' id='word_1_351' title='bbox 1081 1600 1209 1634; x_wconf 83' lang='lat' dir='ltr'>semper</span> <span class='ocrx_word' id='word_1_352' title='bbox 1239 1596 1271 1624; x_wconf 85' lang='lat' dir='ltr'>et</span> <span class='ocrx_word' id='word_1_353' title='bbox 1303 1597 1461 1636; x_wconf 88' lang='lat' dir='ltr'>perpetuo</span> <span class='ocrx_word' id='word_1_354' title='bbox 1491 1594 1612 1627; x_wconf 77' lang='lat' dir='ltr'>validas</span> <span class='ocrx_word' id='word_1_355' title='bbox 1633 1601 1663 1628; x_wconf 85' lang='lat' dir='ltr'>et</span> <span class='ocrx_word' id='word_1_356' title='bbox 1689 1596 1836 1630; x_wconf 83' lang='lat' dir='ltr'>efficaces</span> 
     </span>
     <span class='ocr_line' id='line_1_71' title="bbox 1081 1643 1834 1691; baseline 0.009 -15"><span class='ocrx_word' id='word_1_357' title='bbox 1081 1643 1217 1677; x_wconf 79' lang='lat' dir='ltr'>existere</span> <span class='ocrx_word' id='word_1_358' title='bbox 1251 1651 1282 1678; x_wconf 87' lang='lat' dir='ltr'>et</span> <span class='ocrx_word' id='word_1_359' title='bbox 1314 1645 1382 1678; x_wconf 87' lang='lat' dir='ltr'>sore</span> <span class='ocrx_word' id='word_1_360' title='bbox 1401 1673 1408 1686; x_wconf 88' lang='lat'>,</span> <span class='ocrx_word' id='word_1_361' title='bbox 1445 1657 1586 1690; x_wconf 68' lang='lat' dir='ltr'>suosque</span> <span class='ocrx_word' id='word_1_362' title='bbox 1613 1649 1777 1691; x_wconf 88' lang='lat' dir='ltr'>plenarios</span> <span class='ocrx_word' id='word_1_363' title='bbox 1806 1657 1834 1683; x_wconf 90' lang='lat' dir='ltr'>et</span> 
     </span>
     <span class='ocr_line' id='line_1_72' title="bbox 1080 1697 1835 1740; baseline 0.011 -11"><span class='ocrx_word' id='word_1_364' title='bbox 1080 1697 1222 1740; x_wconf 77' lang='lat' dir='ltr'>integros</span> <span class='ocrx_word' id='word_1_365' title='bbox 1255 1698 1387 1732; x_wconf 80' lang='lat' dir='ltr'>effectus</span> <span class='ocrx_word' id='word_1_366' title='bbox 1417 1700 1524 1733; x_wconf 86' lang='lat' dir='ltr'>sortiri</span> <span class='ocrx_word' id='word_1_367' title='bbox 1550 1706 1578 1734; x_wconf 85' lang='lat' dir='ltr'>et</span> <span class='ocrx_word' id='word_1_368' title='bbox 1610 1702 1755 1736; x_wconf 80' lang='lat' dir='ltr'>obtinere</span> <span class='ocrx_word' id='word_1_369' title='bbox 1780 1703 1835 1737; x_wconf 92' lang='lat' dir='ltr'>de-</span> 
     </span>
     <span class='ocr_line' id='line_1_73' title="bbox 1080 1751 1168 1784; baseline 0 -2"><span class='ocrx_word' id='word_1_370' title='bbox 1080 1751 1168 1784; x_wconf 83' lang='lat' dir='ltr'>here.</span> 
     </span>
    </p>

    <p class='ocr_par' dir='ltr' id='par_1_43' title="bbox 1079 1803 2033 2730">
     <span class='ocr_line' id='line_1_74' title="bbox 1125 1803 2033 1853; baseline 0.009 -17"><span class='ocrx_word' id='word_1_371' title='bbox 1125 1803 1139 1845; x_wconf 61' lang='grc' dir='ltr'><strong>ἓ</strong></span> <span class='ocrx_word' id='word_1_372' title='bbox 1160 1804 1191 1836; x_wconf 81' lang='grc'>5.</span> <span class='ocrx_word' id='word_1_373' title='bbox 1214 1804 1251 1837; x_wconf 88' lang='lat' dir='ltr'>Ut</span> <span class='ocrx_word' id='word_1_374' title='bbox 1278 1810 1386 1837; x_wconf 82' lang='lat' dir='ltr'>autem</span> <span class='ocrx_word' id='word_1_375' title='bbox 1412 1806 1520 1839; x_wconf 81' lang='lat' dir='ltr'>ol&#39;ticia</span> <span class='ocrx_word' id='word_1_376' title='bbox 1551 1807 1717 1850; x_wconf 84' lang='lat' dir='ltr'>praedicta</span> <span class='ocrx_word' id='word_1_377' title='bbox 1738 1809 1835 1842; x_wconf 89' lang='lat' dir='ltr'>alicui</span> <span class='ocrx_word' id='word_1_378' title='bbox 1863 1818 1952 1838; x_wconf 69' lang='lat' dir='ltr'>cotlmio</span> <span class='ocrx_word' id='word_1_379' title='bbox 1966 1819 2033 1853; x_wconf 25' lang='lat' dir='ltr'>..m-10*</span> 
     </span>
     <span class='ocr_line' id='line_1_75' title="bbox 1082 1849 2033 1906; baseline 0.011 -17"><span class='ocrx_word' id='word_1_380' title='bbox 1082 1856 1200 1890; x_wconf 84' lang='lat' dir='ltr'>idoneo</span> <span class='ocrx_word' id='word_1_381' title='bbox 1216 1858 1438 1899; x_wconf 85' lang='lat' dir='ltr'>conferantur,</span> <span class='ocrx_word' id='word_1_382' title='bbox 1463 1865 1493 1892; x_wconf 89' lang='lat' dir='ltr'>et</span> <span class='ocrx_word' id='word_1_383' title='bbox 1513 1859 1551 1893; x_wconf 93' lang='lat' dir='ltr'>de</span> <span class='ocrx_word' id='word_1_384' title='bbox 1573 1860 1739 1902; x_wconf 82' lang='lat' dir='ltr'>fidelitate,</span> <span class='ocrx_word' id='word_1_385' title='bbox 1762 1873 1837 1906; x_wconf 89' lang='lat' dir='ltr'>pro·</span> <span class='ocrx_word' id='word_1_386' title='bbox 1852 1849 2033 1901; x_wconf 53' lang='lat' dir='ltr'>iiffiss&#39;ffgissssiifss&#39;.</span> 
     </span>
     <span class='ocr_line' id='line_1_76' title="bbox 1080 1910 1836 1958; baseline 0.009 -16"><span class='ocrx_word' id='word_1_387' title='bbox 1080 1910 1178 1944; x_wconf 86' lang='lat' dir='ltr'>bitate</span> <span class='ocrx_word' id='word_1_388' title='bbox 1200 1916 1230 1943; x_wconf 88' lang='lat' dir='ltr'>et</span> <span class='ocrx_word' id='word_1_389' title='bbox 1257 1922 1368 1944; x_wconf 87' lang='lat' dir='ltr'>rerum</span> <span class='ocrx_word' id='word_1_390' title='bbox 1398 1913 1616 1955; x_wconf 76' lang='lat' dir='ltr'>gerendarum</span> <span class='ocrx_word' id='word_1_391' title='bbox 1638 1915 1836 1958; x_wconf 83' lang='lat' dir='ltr'>experientia</span> 
     </span>
     <span class='ocr_line' id='line_1_77' title="bbox 1081 1964 1835 2002; baseline 0.008 -6"><span class='ocrx_word' id='word_1_392' title='bbox 1081 1964 1275 1997; x_wconf 89' lang='lat' dir='ltr'>dilectorum</span> <span class='ocrx_word' id='word_1_393' title='bbox 1316 1964 1459 1998; x_wconf 86' lang='lat' dir='ltr'>filiorum</span> <span class='ocrx_word' id='word_1_394' title='bbox 1492 1966 1675 2000; x_wconf 78' lang='lat' dir='ltr'>Maximiani</span> <span class='ocrx_word' id='word_1_395' title='bbox 1705 1968 1835 2002; x_wconf 89' lang='lat' dir='ltr'>Nerocti</span> 
     </span>
     <span class='ocr_line' id='line_1_78' title="bbox 1080 2017 1835 2059; baseline 0.008 -10"><span class='ocrx_word' id='word_1_396' title='bbox 1080 2017 1119 2050; x_wconf 89' lang='lat' dir='ltr'>de</span> <span class='ocrx_word' id='word_1_397' title='bbox 1140 2017 1245 2050; x_wconf 83' lang='lat' dir='ltr'>Monte</span> <span class='ocrx_word' id='word_1_398' title='bbox 1265 2017 1352 2050; x_wconf 76' lang='lat' dir='ltr'>Novo</span> <span class='ocrx_word' id='word_1_399' title='bbox 1372 2017 1447 2051; x_wconf 88' lang='lat' dir='ltr'>dicti</span> <span class='ocrx_word' id='word_1_400' title='bbox 1474 2018 1600 2059; x_wconf 76' lang='lat' dir='ltr'>Piceni,</span> <span class='ocrx_word' id='word_1_401' title='bbox 1628 2026 1658 2053; x_wconf 84' lang='lat' dir='ltr'>et</span> <span class='ocrx_word' id='word_1_402' title='bbox 1683 2021 1835 2055; x_wconf 86' lang='lat' dir='ltr'>Marciani</span> 
     </span>
     <span class='ocr_line' id='line_1_79' title="bbox 1080 2070 1835 2108; baseline 0.008 -6"><span class='ocrx_word' id='word_1_403' title='bbox 1080 2070 1231 2103; x_wconf 87' lang='lat' dir='ltr'>similiter</span> <span class='ocrx_word' id='word_1_404' title='bbox 1258 2070 1388 2104; x_wconf 88' lang='lat' dir='ltr'>Nerocti</span> <span class='ocrx_word' id='word_1_405' title='bbox 1415 2071 1560 2105; x_wconf 87' lang='lat' dir='ltr'>eiusdem</span> <span class='ocrx_word' id='word_1_406' title='bbox 1587 2072 1693 2106; x_wconf 84' lang='lat' dir='ltr'>fratris</span> <span class='ocrx_word' id='word_1_407' title='bbox 1720 2086 1835 2108; x_wconf 90' lang='lat' dir='ltr'>conso-</span> 
     </span>
     <span class='ocr_line' id='line_1_80' title="bbox 1079 2123 1835 2167; baseline 0.008 -12"><span class='ocrx_word' id='word_1_408' title='bbox 1079 2123 1178 2163; x_wconf 83' lang='lat' dir='ltr'>brini,</span> <span class='ocrx_word' id='word_1_409' title='bbox 1210 2124 1363 2167; x_wconf 86' lang='lat' dir='ltr'>utrinque</span> <span class='ocrx_word' id='word_1_410' title='bbox 1390 2124 1566 2166; x_wconf 85' lang='lat' dir='ltr'>coniuncti,</span> <span class='ocrx_word' id='word_1_411' title='bbox 1598 2126 1620 2159; x_wconf 92' lang='lat' dir='ltr'>I.</span> <span class='ocrx_word' id='word_1_412' title='bbox 1654 2126 1690 2159; x_wconf 89' lang='lat' dir='ltr'>U.</span> <span class='ocrx_word' id='word_1_413' title='bbox 1723 2127 1835 2162; x_wconf 76' lang='lat' dir='ltr'>docto·</span> 
     </span>
     <span class='ocr_line' id='line_1_81' title="bbox 1081 2177 1835 2220; baseline 0.007 -11"><span class='ocrx_word' id='word_1_414' title='bbox 1081 2188 1165 2216; x_wconf 85' lang='lat' dir='ltr'>rum,</span> <span class='ocrx_word' id='word_1_415' title='bbox 1199 2177 1379 2220; x_wconf 88' lang='lat' dir='ltr'>plurimum</span> <span class='ocrx_word' id='word_1_416' title='bbox 1411 2177 1443 2210; x_wconf 90' lang='lat' dir='ltr'>in</span> <span class='ocrx_word' id='word_1_417' title='bbox 1467 2178 1604 2212; x_wconf 89' lang='lat' dir='ltr'>Domino</span> <span class='ocrx_word' id='word_1_418' title='bbox 1625 2180 1835 2219; x_wconf 83' lang='lat' dir='ltr'>confidentes,</span> 
     </span>
     <span class='ocr_line' id='line_1_82' title="bbox 1080 2229 1836 2276; baseline 0.008 -15"><span class='ocrx_word' id='word_1_419' title='bbox 1080 2229 1166 2262; x_wconf 82' lang='lat' dir='ltr'>dicta</span> <span class='ocrx_word' id='word_1_420' title='bbox 1180 2229 1287 2262; x_wconf 77' lang='lat' dir='ltr'>officia</span> <span class='ocrx_word' id='word_1_421' title='bbox 1302 2229 1336 2262; x_wconf 91' lang='lat' dir='ltr'>in</span> <span class='ocrx_word' id='word_1_422' title='bbox 1351 2229 1436 2263; x_wconf 88' lang='lat' dir='ltr'>dicta</span> <span class='ocrx_word' id='word_1_423' title='bbox 1451 2231 1618 2274; x_wconf 85' lang='lat' dir='ltr'>provincia</span> <span class='ocrx_word' id='word_1_424' title='bbox 1635 2232 1770 2276; x_wconf 90' lang='lat' dir='ltr'>eiusque</span> <span class='ocrx_word' id='word_1_425' title='bbox 1790 2234 1836 2267; x_wconf 93' lang='lat' dir='ltr'>lo-</span> 
     </span>
     <span class='ocr_line' id='line_1_83' title="bbox 1081 2282 1835 2330; baseline 0.008 -16"><span class='ocrx_word' id='word_1_426' title='bbox 1081 2282 1137 2322; x_wconf 89' lang='lat' dir='ltr'>cis,</span> <span class='ocrx_word' id='word_1_427' title='bbox 1160 2282 1441 2316; x_wconf 84' lang='lat' dir='ltr'>iurisdictionibus</span> <span class='ocrx_word' id='word_1_428' title='bbox 1453 2288 1485 2316; x_wconf 88' lang='lat' dir='ltr'>et</span> <span class='ocrx_word' id='word_1_429' title='bbox 1500 2284 1631 2318; x_wconf 85' lang='lat' dir='ltr'>annexis</span> <span class='ocrx_word' id='word_1_430' title='bbox 1645 2285 1748 2319; x_wconf 83' lang='lat' dir='ltr'>dictae</span> <span class='ocrx_word' id='word_1_431' title='bbox 1762 2297 1835 2330; x_wconf 50' lang='lat' dir='ltr'>pro*</span> 
     </span>
     <span class='ocr_line' id='line_1_84' title="bbox 1080 2334 1833 2380; baseline 0.007 -13"><span class='ocrx_word' id='word_1_432' title='bbox 1080 2334 1216 2375; x_wconf 81' lang='lat' dir='ltr'>vinciae,</span> <span class='ocrx_word' id='word_1_433' title='bbox 1250 2346 1323 2368; x_wconf 89' lang='lat' dir='ltr'>cum</span> <span class='ocrx_word' id='word_1_434' title='bbox 1352 2336 1503 2370; x_wconf 85' lang='lat' dir='ltr'>omnibus</span> <span class='ocrx_word' id='word_1_435' title='bbox 1523 2343 1556 2370; x_wconf 86' lang='lat' dir='ltr'>et</span> <span class='ocrx_word' id='word_1_436' title='bbox 1575 2337 1710 2380; x_wconf 80' lang='lat' dir='ltr'>singulis</span> <span class='ocrx_word' id='word_1_437' title='bbox 1730 2339 1833 2372; x_wconf 90' lang='lat' dir='ltr'>hono-</span> 
     </span>
     <span class='ocr_line' id='line_1_85' title="bbox 1081 2388 1831 2432; baseline 0.007 -12"><span class='ocrx_word' id='word_1_438' title='bbox 1081 2388 1184 2428; x_wconf 78' lang='lat' dir='ltr'>ribus,</span> <span class='ocrx_word' id='word_1_439' title='bbox 1222 2388 1389 2428; x_wconf 86' lang='lat' dir='ltr'>oneribus,</span> <span class='ocrx_word' id='word_1_440' title='bbox 1423 2389 1558 2430; x_wconf 87' lang='lat' dir='ltr'>iuribus,</span> <span class='ocrx_word' id='word_1_441' title='bbox 1587 2392 1831 2432; x_wconf 85' lang='lat' dir='ltr'>emolumentis,</span> 
     </span>
     <span class='ocr_line' id='line_1_86' title="bbox 1080 2440 1833 2488; baseline 0.008 -16"><span class='ocrx_word' id='word_1_442' title='bbox 1080 2440 1251 2483; x_wconf 73' lang='lat' dir='ltr'>vigesimis,</span> <span class='ocrx_word' id='word_1_443' title='bbox 1272 2441 1560 2484; x_wconf 79' lang='lat' dir='ltr'>resignationibus,</span> <span class='ocrx_word' id='word_1_444' title='bbox 1582 2444 1718 2485; x_wconf 89' lang='lat' dir='ltr'>salariis,</span> <span class='ocrx_word' id='word_1_445' title='bbox 1740 2456 1833 2488; x_wconf 80' lang='lat' dir='ltr'>rega—</span> 
     </span>
     <span class='ocr_line' id='line_1_87' title="bbox 1081 2489 1834 2535; baseline 0.008 -14"><span class='ocrx_word' id='word_1_446' title='bbox 1081 2489 1132 2521; x_wconf 89' lang='lat' dir='ltr'>liis</span> <span class='ocrx_word' id='word_1_447' title='bbox 1153 2494 1184 2522; x_wconf 84' lang='lat' dir='ltr'>et</span> <span class='ocrx_word' id='word_1_448' title='bbox 1195 2489 1267 2522; x_wconf 80' lang='lat' dir='ltr'>aliis</span> <span class='ocrx_word' id='word_1_449' title='bbox 1285 2490 1548 2535; x_wconf 84' lang='lat' dir='ltr'>quibuscumque</span> <span class='ocrx_word' id='word_1_450' title='bbox 1567 2492 1665 2533; x_wconf 83' lang='lat' dir='ltr'>iuxta,</span> <span class='ocrx_word' id='word_1_451' title='bbox 1680 2493 1789 2526; x_wconf 89' lang='lat' dir='ltr'>stilum</span> <span class='ocrx_word' id='word_1_452' title='bbox 1802 2505 1834 2526; x_wconf 91' lang='lat' dir='ltr'>a-</span> 
     </span>
     <span class='ocr_line' id='line_1_88' title="bbox 1081 2537 1834 2583; baseline 0.009 -14"><span class='ocrx_word' id='word_1_453' title='bbox 1081 2537 1198 2570; x_wconf 89' lang='lat' dir='ltr'>liorum</span> <span class='ocrx_word' id='word_1_454' title='bbox 1220 2544 1406 2572; x_wconf 87' lang='lat' dir='ltr'>nostrorum</span> <span class='ocrx_word' id='word_1_455' title='bbox 1424 2546 1674 2583; x_wconf 87' lang='lat' dir='ltr'>procuratorum</span> <span class='ocrx_word' id='word_1_456' title='bbox 1696 2547 1726 2575; x_wconf 88' lang='lat' dir='ltr'>et</span> <span class='ocrx_word' id='word_1_457' title='bbox 1741 2543 1834 2576; x_wconf 85' lang='lat' dir='ltr'>advo-</span> 
     </span>
     <span class='ocr_line' id='line_1_89' title="bbox 1082 2588 1833 2623; baseline 0.007 -5"><span class='ocrx_word' id='word_1_458' title='bbox 1082 2591 1227 2619; x_wconf 83' lang='lat' dir='ltr'>catorum</span> <span class='ocrx_word' id='word_1_459' title='bbox 1250 2588 1408 2620; x_wconf 84' lang='lat' dir='ltr'>fiscalium</span> <span class='ocrx_word' id='word_1_460' title='bbox 1435 2600 1471 2621; x_wconf 90' lang='lat' dir='ltr'>ac</span> <span class='ocrx_word' id='word_1_461' title='bbox 1486 2589 1782 2623; x_wconf 84' lang='lat' dir='ltr'>commissariorum</span> <span class='ocrx_word' id='word_1_462' title='bbox 1800 2602 1833 2623; x_wconf 90' lang='lat' dir='ltr'>a-</span> 
     </span>
     <span class='ocr_line' id='line_1_90' title="bbox 1082 2635 1833 2678; baseline 0.005 -11"><span class='ocrx_word' id='word_1_463' title='bbox 1082 2635 1330 2678; x_wconf 86' lang='lat' dir='ltr'>postolicorum,</span> <span class='ocrx_word' id='word_1_464' title='bbox 1354 2637 1473 2670; x_wconf 84' lang='lat' dir='ltr'>eisdem</span> <span class='ocrx_word' id='word_1_465' title='bbox 1494 2638 1655 2672; x_wconf 87' lang='lat' dir='ltr'>Marciano</span> <span class='ocrx_word' id='word_1_466' title='bbox 1681 2644 1708 2671; x_wconf 88' lang='lat' dir='ltr'>et</span> <span class='ocrx_word' id='word_1_467' title='bbox 1739 2639 1833 2672; x_wconf 83' lang='lat' dir='ltr'>Maxi-</span> 
     </span>
     <span class='ocr_line' id='line_1_91' title="bbox 1083 2684 1832 2730; baseline 0.004 -13"><span class='ocrx_word' id='word_1_468' title='bbox 1083 2684 1191 2718; x_wconf 87' lang='lat' dir='ltr'>miano</span> <span class='ocrx_word' id='word_1_469' title='bbox 1213 2690 1241 2717; x_wconf 87' lang='lat' dir='ltr'>et</span> <span class='ocrx_word' id='word_1_470' title='bbox 1263 2685 1394 2718; x_wconf 81' lang='lat' dir='ltr'>cuilibet</span> <span class='ocrx_word' id='word_1_471' title='bbox 1417 2696 1543 2727; x_wconf 84' lang='lat' dir='ltr'>eorum,</span> <span class='ocrx_word' id='word_1_472' title='bbox 1567 2688 1673 2730; x_wconf 84' lang='lat' dir='ltr'>quoad</span> <span class='ocrx_word' id='word_1_473' title='bbox 1687 2687 1832 2728; x_wconf 83' lang='lat' dir='ltr'>vixerint,</span> 
     </span>
    </p>
   </div>
   <div class='ocr_carea' id='block_1_11' title="bbox 1849 320 2032 349">
    <p class='ocr_par' dir='ltr' id='par_1_44' title="bbox 1849 320 2032 349">
     <span class='ocr_line' id='line_1_92' title="bbox 1849 320 2032 349; baseline 0.016 -3"><span class='ocrx_word' id='word_1_474' title='bbox 1849 320 1900 347; x_wconf 83' lang='lat' dir='ltr'>An.</span> <span class='ocrx_word' id='word_1_475' title='bbox 1918 320 1947 347; x_wconf 93' lang='lat' dir='ltr'>C.</span> <span class='ocrx_word' id='word_1_476' title='bbox 1967 322 2032 349; x_wconf 82' lang='lat'>¹587</span> 
     </span>
    </p>
   </div>
   <div class='ocr_carea' id='block_1_12' title="bbox 1864 543 2032 600">
    <p class='ocr_par' dir='ltr' id='par_1_45' title="bbox 1864 543 2032 600">
     <span class='ocr_line' id='line_1_93' title="bbox 1885 543 2032 565; baseline 0 -1"><span class='ocrx_word' id='word_1_477' title='bbox 1885 543 2006 565; x_wconf 80' lang='lat' dir='ltr'>Emolumen</span> <span class='ocrx_word' id='word_1_478' title='bbox 2013 548 2032 564; x_wconf 73' lang='lat' dir='ltr'>tn</span> 
     </span>
     <span class='ocr_line' id='line_1_94' title="bbox 1864 576 1998 600; baseline 0 -5"><span class='ocrx_word' id='word_1_479' title='bbox 1864 576 1880 595; x_wconf 65' lang='grc' dir='ltr'>ΕΞ</span> <span class='ocrx_word' id='word_1_480' title='bbox 1896 576 1998 600; x_wconf 65' lang='lat' dir='ltr'>assignat.</span> 
     </span>
    </p>
   </div>
  </div>
 </body>
</html>
