2226 3070
250 275 299 300 Au.
317 274 345 300 C.
371 274 436 300 1592

289 1236 304 1255 C
307 1242 342 1255 11111
345 1242 393 1255 uum
409 1235 438 1254 di<

483 264 547 297 556

450 377 545 410 litatis
566 382 594 409 et
616 376 823 413 conditionis,
856 386 915 408 nec
946 385 1011 407 non
1036 374 1191 417 qualiter-

450 441 598 473 cumque,
627 436 851 473 praeterquam
884 428 1007 461 ratione
1040 427 1195 469 regularis

450 483 655 527 professionis
676 483 706 514 in
736 481 842 524 aliquo
863 481 981 514 Ordine
1006 480 1192 513 Mendican-

452 537 529 569 tium
548 537 586 569 de
604 534 824 573 Observantia,
841 540 874 567 ut
891 535 1081 577 praefertur,
1105 533 1195 566 inha-

451 589 529 621 biles
560 594 590 621 et
619 588 785 630 incapaces
806 587 950 624 existant,
983 597 1080 630 super
1110 586 1194 619 dicto

452 643 555 674 Monte
588 652 605 673 a
634 640 867 683 quinquaginta
895 639 992 673 scutis
1019 639 1194 680 similibus,

451 704 547 736 super
558 703 795 736 quamcumque
808 692 1018 736 pecuniarum
1035 702 1194 725 summam

452 757 552 790 usque
570 747 609 779 ad
631 746 747 779 dictam
768 757 928 779 summam
949 752 1113 779 scutorum
1134 751 1195 778 trc-

452 805 618 832 centorum
632 799 768 832 millium
782 805 930 832 monetae
948 809 1079 843 ponere,
1094 804 1125 831 et
1136 809 1195 842 pro

452 852 597 895 pecuniis
617 852 661 885 sic
688 852 798 895 positis
827 853 865 885 ad
892 852 1048 885 rationem
1075 862 1127 884 sex
1147 851 1195 883 vel

452 905 491 937 ad
511 916 674 938 summum
695 916 747 938 sex
774 915 847 938 eum
875 905 1008 938 dimidio
1029 915 1087 948 pro
1115 914 1192 937 een-

453 959 586 999 tenario,
608 960 699 992 annis
716 959 850 1002 singulis
870 964 899 992 et
921 959 1065 1002 quolibet
1088 958 1193 991 bime-

453 1012 520 1052 stri,
536 1023 649 1045 eorum
665 1019 778 1051 ratam,
799 1013 867 1045 sine
887 1012 995 1055 aliquo
1015 1017 1147 1056 peccato
1168 1017 1197 1044 et

453 1066 666 1099 conscientiae
681 1067 833 1110 scrupulo
853 1077 908 1099 seu
929 1065 1138 1099 restitutionis
1149 1065 1196 1098 vel

453 1120 679 1153 satisfactionis
700 1130 813 1159 onere,
837 1119 868 1152 in
889 1125 1028 1163 utroque
1050 1120 1130 1152 foro.

499 1175 515 1215 ξ
535 1173 563 1205 7.
588 1173 688 1206 Etiam
713 1173 833 1216 absque
851 1182 888 1205 eo
909 1172 995 1215 quod
1016 1182 1128 1204 eorum
1146 1181 1198 1204 so-

455 1227 533 1259 lutio
545 1226 732 1270 quorumvis
749 1226 992 1259 interdictorum
1005 1230 1056 1258 aut
1068 1235 1198 1268 reprae-

402 1269 439 1333 1¹¹¹
456 1280 619 1316 saliarum,
649 1279 743 1312 ctiam
772 1279 878 1311 forsan
901 1284 1012 1311 contra
1044 1277 1195 1315 civitates,

327 1349 344 1361 ιιι
357 1322 440 1361 ιιιῘΙῙῙ·Ξ
457 1333 527 1365 loca
547 1338 575 1365 et
597 1337 699 1364 castra
720 1337 749 1364 ct
767 1342 879 1364 corum
896 1330 1128 1368 universitates,
1143 1340 1198 1362 seu

408 1384 424 1387 “
457 1386 702 1419 communitates
722 1391 774 1418 aut
796 1385 955 1425 dominos⁷
979 1395 1034 1417 seu
1055 1383 1199 1417 subditos

458 1440 504 1473 vel
525 1439 656 1477 incolas,
682 1439 712 1471 in
731 1449 848 1481 genere
868 1438 959 1470 telin
973 1437 1089 1481 specie,
1103 1437 1198 1469 etiam

457 1504 494 1526 ex
515 1504 610 1526 causa
631 1492 705 1525 belli
728 1492 773 1524 rel
802 1491 939 1525 cuiusvis
962 1490 1199 1524 inobedientiae

456 1557 512 1579 seu
533 1545 718 1579 rebellionis
739 1545 833 1578 etiam
864 1544 1128 1586 excogitatorum,
1153 1543 1201 1575 in-

458 1600 671 1642 cogitatorum
692 1604 722 1632 et
743 1598 1030 1641 inexcogitatorum
1056 1598 1201 1631 decreto-

457 1664 540 1691 rum,
564 1664 620 1685 seu
632 1652 826 1685 relaxatione
839 1657 891 1684 aut
905 1651 1016 1694 quovis
1028 1651 1090 1683 alio
1107 1661 1199 1693 prae-

460 1711 544 1739 textu
566 1704 717 1747 denegari
739 1710 791 1736 aut
814 1703 941 1748 potrahi
955 1704 1001 1735 vel
1016 1703 1137 1736 differri
1150 1714 1201 1735 va-

459 1760 554 1795 leant,
590 1759 732 1802 recipere
764 1764 791 1791 et
822 1758 952 1797 habere,
986 1763 1014 1790 et
1047 1757 1143 1789 etiam
1175 1757 1199 1789 si

460 1813 562 1845 laesae
584 1811 755 1844 maiestatis
776 1817 828 1843 aut
850 1811 911 1843 alia
932 1820 1154 1854 quaecumque
1171 1816 1198 1842 et

460 1866 708 1909 qualiacumque
728 1870 758 1897 et
778 1870 1076 1907 quantumcumque
1093 1864 1201 1906 gravia

461 1930 496 1951 ae
517 1917 701 1959 gravissima
722 1917 878 1956 crimina,
912 1922 1137 1960 praeterquam
1170 1916 1201 1948 in

462 1980 631 2013 personam
657 1970 877 2002 Romanorum
913 1968 1117 2009 Pontificum,
1150 1974 1200 2001 aut

462 2023 596 2056 alicuius
616 2033 772 2066 personae
790 2023 953 2055 Romanae
974 2022 1132 2055 Ecclesiae
1157 2023 1202 2054 le·

461 2083 607 2118 catorum
629 2087 684 2109 seu
706 2076 969 2118 vice-legatorum
982 2076 1029 2108 vel
1042 2075 1203 2117 guberna-

463 2136 568 2162 torum
600 2129 850 2162 Bononiensium
876 2139 935 2172 pro
966 2134 1110 2172 tempore
1138 2128 1203 2160 exi-

462 2183 611 2215 stentium
624 2182 853 2221 commiserint,
869 2188 896 2215 et
910 2187 1079 2225 propterea
1091 2181 1204 2215 ultimo

462 2236 619 2279 supplicio
640 2236 844 2269 condemnati
866 2242 893 2269 et
918 2236 1036 2275 traditi,
1057 2247 1112 2268 seu
1129 2245 1204 2268 con-

463 2290 636 2321 demnandi
658 2295 687 2321 et
711 2289 856 2322 tradendi
883 2289 1011 2329 suerint,
1040 2300 1076 2321 ac
1097 2289 1204 2321 onmia

464 2353 575 2375 eorum
596 2342 680 2374 bona
711 2342 771 2374 sint
804 2342 976 2375 confiscata
1010 2342 1057 2374 vel
1090 2342 1205 2374 conlis—

463 2395 574 2427 canda.
599 2396 641 2427 De
662 2395 739 2427 locis
757 2400 784 2427 et
800 2395 1002 2437 portionibus
1014 2395 1131 2428 montis
1147 2395 1205 2428 liu-

465 2448 602 2481 iusmodi
625 2453 655 2481 et
674 2448 898 2481 emolumentis
919 2448 979 2480 sibi
1011 2458 1046 2480 ex
1076 2458 1114 2481 eo
1135 2460 1206 2491 spe-

464 2501 632 2539 ctantibus,
656 2510 783 2533 necnon
804 2501 948 2543 pecuniis
965 2512 1022 2544 per
1047 2492 1125 2540 eos,
1150 2501 1203 2544 qui

465 2555 504 2587 ab
525 2554 600 2597 ipsis
620 2565 747 2587 causam
771 2554 952 2593 habuerint,
975 2566 1071 2598 super
1091 2555 1202 2587 codem

467 2612 573 2640 monte
594 2606 715 2650 positis,
737 2606 779 2639 ita
798 2607 966 2640 statuimus
988 2608 1074 2650 quod
1103 2608 1204 2640 nulla-

468 2666 559 2693 tenus
580 2659 748 2694 confiscari
766 2659 897 2703 possint,
918 2660 973 2703 sed
990 2661 1030 2693 ad
1044 2662 1204 2694 eorumab

1036 272 1219 297 ssnLLAmUM
1237 272 1391 296 Romnum

450 334 487 355 ae
508 322 668 361 mulieres,
694 322 924 364 cuiuscumque
942 320 1093 360 nominis,
1117 324 1213 363 qua-¹

1230 320 1379 353 intestato
1406 320 1560 354 haeredes
1591 331 1647 354 seu
1677 321 1892 364 proximiores
1920 328 1974 355 aut

1230 373 1307 405 alias
1336 373 1508 406 succedere
1539 373 1706 413 habentes,
1739 379 1914 415 transeant,
1944 381 1975 408 et

1230 427 1269 459 de
1290 427 1334 459 eis
1362 427 1491 460 illorum
1523 426 1612 460 libito
1647 427 1679 459 in
1710 433 1899 461 testamento
1926 429 1973 461 vel

1230 479 1386 512 codicillis
1406 485 1458 512 aut
1481 490 1686 523 quocumque
1707 485 1873 512 contractu
1893 480 1975 513 inter

1230 533 1326 573 vivos,
1352 533 1383 565 in
1413 543 1635 576 quoscumque
1666 533 1761 565 etiam
1793 533 1975 575 illegitimos

1230 592 1258 619 et
1281 586 1370 623 alios,
1388 597 1422 619 ac
1437 586 1468 618 in
1491 586 1641 622 omnibus
1662 592 1690 619 ct
1712 597 1770 630 per
1791 587 1910 626 omnia,
1928 587 1976 621 iu-

1229 645 1280 672 xta
1302 639 1467 672 facultates
1488 639 1558 672 aliis
1579 639 1754 677 montibus,
1779 645 1809 672 et
1829 650 1976 682 praeser-

1232 692 1285 724 tim
1317 692 1504 734 augumenti
1534 692 1597 724 vini
1630 691 1733 725 dictae
1764 691 1897 726 civitatis
1919 704 1976 736 per

1231 745 1330 778 felicis
1351 745 1584 778 recordationis
1604 745 1739 778 Paulum
1760 745 1881 788 Papam
1895 746 1931 779 lV
1946 752 1976 780 et

1230 798 1309 831 alios
1329 799 1491 831 Romanos
1510 798 1682 831 Pontifices
1711 808 1873 839 concessa,
1897 809 1974 832 eon-

1231 851 1374 884 cedimus
1395 857 1425 884 et
1446 851 1666 893 indulgemus3

1275 906 1290 948 ξ
1310 905 1340 938 8.
1365 906 1401 938 Et
1419 911 1451 938 ut
1473 916 1630 949 personae
1651 905 1804 949 pecunias
1816 916 1913 950 super
1928 906 1975 939 di-

1232 964 1283 991 cto
1304 959 1408 992 Monte
1422 964 1577 1002 ponentes
1592 965 1619 992 et
1633 959 1788 992 babentes
1802 959 1974 1001 collegium

1233 1011 1315 1045 inter
1332 1023 1364 1045 se
1385 1012 1590 1051 constituant,
1615 1018 1645 1045 et,
1665 1012 1845 1054 collegialia
1866 1012 1977 1045 iuraet

1233 1065 1370 1107 insignia
1390 1066 1540 1105 habeant,
1564 1071 1744 1109 statutaque
1758 1071 1788 1098 et
1799 1065 1975 1098 ordinatio-

1233 1129 1289 1152 nes
1306 1120 1345 1153 ad
1364 1119 1463 1152 instar
1483 1119 1620 1152 aliorum
1639 1119 1797 1153 montium
1824 1119 1973 1160 habeant,

1234 1172 1351 1216 illaque
1372 1177 1497 1205 mutare
1518 1177 1549 1205 et
1568 1173 1704 1205 alterare
1724 1172 1826 1206 libere
1846 1177 1877 1205 et
1892 1172 1977 1206 licite

1232 1225 1355 1258 valeant
1372 1237 1379 1265 ·‚
1600 1262 1602 1264 ,

1277 1280 1292 1322 ξ
1310 1278 1340 1312 0.
1361 1279 1396 1312 Et
1417 1285 1449 1312 ut
1472 1279 1565 1312 etiam
1588 1279 1712 1323 possint
1732 1279 1973 1323 depositarium,

1233 1332 1395 1365 notarium
1425 1338 1456 1365 et
1483 1332 1740 1375 campionerium
1774 1343 1810 1364 ac
1840 1332 1918 1365 alios
1947 1337 1978 1365 et

1235 1396 1457 1429 quoscumque
1478 1385 1630 1418 officiatos
1651 1386 1806 1428 deputare
1827 1391 1857 1418 et
1871 1386 1909 1418 ad
1922 1396 1976 1419 eo-

1236 1450 1306 1472 rum
1328 1438 1455 1471 libitum
1475 1449 1635 1479 amovere,
1660 1438 1787 1482 illisque
1815 1449 1852 1471 ex
1881 1449 1977 1482 prae-

1236 1492 1320 1525 dicta
1337 1502 1463 1525 summa
1483 1497 1648 1525 scutorum
1670 1492 1781 1524 decem
1808 1497 1838 1524 et
1862 1502 1977 1524 novem

1236 1545 1373 1577 millium
1401 1544 1515 1577 salaria
1541 1550 1571 1577 et
1600 1544 1774 1577 honoraria
1803 1544 1979 1588 respective

1236 1597 1430 1630 constituere
1450 1603 1480 1630 et
1501 1598 1655 1640 deputare
1675 1596 1777 1629 libere
1803 1596 1926 1640 possint
1949 1602 1979 1630 et

1236 1652 1370 1684 valeant.

1281 1707 1296 1746 g
1320 1705 1370 1737 te.
1395 1705 1431 1738 Et
1460 1715 1519 1748 pro
1549 1704 1662 1737 Montis
1689 1714 1838 1737 annonae
1869 1704 1978 1737 huius-

1236 1759 1335 1798 modi,
1364 1759 1514 1802 illiusque
1544 1758 1669 1801 collegii
1703 1764 1730 1791 et
1766 1769 1977 1802 personarum

1236 1813 1360 1845 cautela
1377 1818 1404 1845 et
1426 1812 1607 1851 securitate,
1620 1812 1704 1844 ultra
1714 1822 1827 1845 census
1838 1823 1893 1845 seu
1907 1813 1979 1845 red-

1237 1866 1320 1899 ditus
1341 1866 1532 1909 praedictos,
1550 1866 1659 1898 omnia
1672 1871 1703 1898 et
1713 1866 1838 1908 singula
1851 1866 1913 1899 alia
1923 1867 1979 1900 Ca-

1237 1930 1344 1952 merae
1365 1925 1391 1952 et
1415 1919 1550 1952 civitatis
1576 1919 1758 1962 praedictae
1788 1920 1883 1959 bona,
1907 1931 1978 1953 mo-

1238 1972 1313 2004 bilia
1335 1979 1361 2004 et
1386 1972 1576 2011 inmobilia,
1601 1972 1797 2015 ubicumque
1826 1973 1928 2016 posita
1949 1979 1979 2006 et

1239 2024 1415 2065 existentia,
1437 2024 1561 2057 etiamsi
1584 2024 1657 2057 talia
1677 2025 1740 2057 sint
1759 2036 1840 2068 quae
1853 2025 1884 2058 in
1894 2024 1978 2059 vobli-

1238 2078 1365 2120 gatione
1382 2077 1524 2120 generali
1543 2078 1890 2121 compraehendantur,
1906 2090 1979 2122 per-

1239 2138 1346 2174 petuo,
1370 2131 1549 2174 specialiter
1569 2137 1600 2164 et
1619 2142 1766 2174 expresse
1786 2142 1822 2164 ae
1842 2131 1874 2164 in
1904 2132 1979 2165 soli-

1239 2184 1315 2216 dum
1334 2183 1514 2225 obligamus
1534 2189 1563 2216 et
1584 2183 1848 2227 hypothecamus.

1284 2238 1299 2279 ξ
1324 2237 1373 2269 ll.
1397 2238 1610 2269 Decernentes
1633 2236 1764 2280 insuper
1788 2238 1927 2271 Mentem
1949 2244 1979 2271 et

1240 2291 1409 2333 collegium
1422 2301 1456 2323 ac
1469 2290 1833 2333 personashuiusmodi,
1849 2302 1978 2324 eorum-

1240 2355 1301 2387 que
1332 2344 1568 2386 assignamenta
1592 2354 1628 2376 ac
1658 2344 1727 2376 iura
1755 2354 1979 2388 quaecumque

1240 2408 1297 2440 per
1317 2407 1375 2429 nos
1395 2396 1450 2436 eis,
1475 2402 1508 2429 ut
1519 2397 1709 2440 praefertur,
1729 2397 1812 2437 data,
1829 2407 1980 2430 concessa

1240 2455 1268 2482 ct
1290 2449 1459 2491 assignata,
1480 2448 1575 2481 etiam
1593 2460 1651 2492 per
1670 2459 1727 2481 nos
1748 2454 1776 2482 et
1796 2449 1912 2482 dictam
1924 2449 1979 2483 Se-

1241 2503 1313 2534 dem
1343 2508 1397 2534 aut
1427 2512 1627 2534 successores
1657 2508 1784 2535 nostros
1817 2502 1980 2535 Romanos

1240 2554 1410 2587 Pontifices
1447 2554 1710 2597 praedecessores
1745 2565 1804 2598 pro
1836 2560 1980 2598 tempore

1240 2608 1406 2641 existentes
1424 2607 1531 2650 aliquo
1551 2607 1734 2649 gravamine
1748 2618 1803 2640 seu
1817 2607 1980 2641 ordinario

1240 2660 1287 2694 vel
1308 2660 1561 2694 extraordinario
1573 2670 1671 2694 onere
1682 2660 1775 2701 affici,
1791 2665 1846 2693 aut
1856 2659 1980 2693 ratione

1984 273 2033 300 An.
2051 273 2079 301 C.
2100 273 2171 302 1592

2016 917 2108 943 Collegit:
2117 918 2174 938 Μυη-

1990 943 2085 964 [istarum
2096 946 2174 964 statuta

1990 970 2095 990 condendi
2111 971 2173 990 faciit-

1990 999 2054 1017 tatem
2070 997 2175 1020 concedit,

2026 1289 2176 1314 Officiatesqun

1992 1315 2091 1341 eligendi.

2019 1714 2138 1734 Procerum
2145 1720 2176 1734 se-

1993 1741 2083 1760 cui-itate
2112 1746 2177 1766 quao-

1994 1773 2082 1792 cutuquc
2103 1766 2176 1787 Came·

1993 1793 2176 1814 raessonon.b0na

1994 1820 2095 1845 obtingat.

2020 2243 2102 2264 Dictum
2120 2250 2176 2264 mon-

1994 2272 2035 2290 tem
2047 2271 2103 2290 nullo
2115 2276 2177 2290 onere

1993 2297 2049 2317 affici
2064 2302 2125 2322 posse
2142 2296 2176 2316 de-

1993 2323 2071 2347 clarat,
