2226 3070
70 283 118 310 An.
140 282 168 309 C.
184 282 248 309 1591

105 498 181 518 Penii-1
197 498 248 518 Con-

67 525 200 550 gregalimiis.

86 2366 193 2387 pontilicis
202 2373 249 2386 con-

67 2393 156 2414 firmatio
185 2394 250 2413 indul-

67 2423 134 2440 torum
149 2422 168 2440 et
185 2420 250 2440 indul-

68 2447 184 2471 gentiarum
213 2446 250 2466 01--

67 2471 128 2496 dinis.
147 2475 251 2499 quatenus

67 2500 107 2520 siut
129 2500 148 2519 in
171 2506 209 2520 usn
232 2502 249 2519 et

68 2525 251 2546 ConciliuTriden-

68 2552 112 2573 tino
137 2559 177 2573 non
204 2559 251 2573 con-

69 2579 188 2600 trarientur.

866 283 1043 307 GREGORIUS
1062 283 1115 306 xlv
1133 283 1182 306 ΡΡ.

265 336 295 363 et
325 330 391 374 ipse
420 331 576 374 conspicit
607 331 639 363 in
667 331 803 364 Domino
833 331 1003 364 salubriter

265 384 426 427 expedire.

309 439 325 479 5
348 437 377 470 ’1.
393 439 474 470 Sane
495 438 600 471 dilecti
623 438 678 470 tilii
700 438 851 480 magister
871 449 1003 480 genera-

265 490 303 522 lis
317 496 345 523 et
359 491 471 523 fratres
492 491 748 533 congregationis
768 491 1002 524 Cruciserormn

264 543 357 576 nobis
378 555 481 587 nuper
501 544 615 588 exponi
646 545 789 577 fecerunt
820 545 905 587 quod
931 556 1002 576 cnm

264 596 367 629 eidem
395 597 635 639 congregationi
665 605 763 641 (quae
790 608 846 640 per
875 598 1003 630 beatum

263 650 384 683 Cletum
406 650 558 688 instituta,
582 656 610 682 et
632 661 688 694 per
719 651 817 683 felicis
848 651 1001 683 recorda-
1021 658 1023 663 '

264 703 357 736 tionis
371 704 583 736 Alexandrum
598 705 645 741 111,
662 705 823 737 Romanos
837 704 1005 737 Pontilices

262 758 524 801 praedecessores
555 764 699 794 nostros,
731 758 903 790 reformata
930 758 1001 794 suit,

262 817 293 843 et
312 811 343 843 in
365 822 427 854 qua
447 811 486 843 ad
506 822 656 854 praesens
670 812 877 854 quamplures
897 822 1004 844 sacrae

263 864 442 906 theologiae
463 864 606 906 magistri
627 870 658 897 et
677 864 762 897 verbi
784 864 838 897 Dei
870 864 1001 897 concio-

263 923 388 951 natores
410 918 635 961 reperiuntur)
668 918 791 951 diversa
815 918 1001 961 privilegia,

262 971 379 1013 gratias
400 977 429 1004 et
450 972 572 1004 indulta
585 983 746 1009 concessa,
762 978 791 1004 et
805 984 861 1015 per
874 973 1002 1004 eosdem

262 1036 299 1058 ae
319 1025 398 1058 alios
417 1026 579 1058 Romanos
596 1025 776 1065 Pontifices,
797 1026 891 1058 etiam
913 1036 1005 1069 prae-

263 1079 449 1112 decessores
469 1085 612 1117 nostros,
637 1080 827 1111 confirmata
855 1084 883 1111 et
913 1079 1004 1110 inno-

263 1138 333 1165 vata
352 1132 479 1173 suerint,
503 1138 594 1176 prout
618 1133 649 1165 in
667 1132 798 1165 dirersis
819 1132 930 1165 litteris
951 1132 1004 1164 de-

262 1197 359 1229 super
385 1186 536 1219 confectis
569 1186 692 1229 plenius
721 1186 919 1223 continetur,
950 1198 1003 1219 cu—

262 1239 349 1283 piant
372 1239 523 1282 magister
544 1240 702 1281 generalis
722 1246 751 1272 et
772 1240 885 1272 fratres
905 1251 999 1283 prae-

262 1292 335 1325 dicti
364 1292 553 1336 privilegia,
586 1293 703 1335 gratias
732 1298 760 1326 et
791 1293 914 1325 indulta
943 1293 1002 1325 lm-

262 1346 410 1386 iusmodi,
424 1357 481 1390 pro
494 1347 621 1379 illorum
636 1347 837 1379 subsistentia
852 1347 999 1385 firmiori,

261 1412 318 1443 per
338 1411 395 1433 nos
409 1400 592 1433 confirmari
614 1406 641 1433 et
661 1400 855 1444 approbari;
878 1411 1002 1433 necnon

261 1453 333 1493 alia,
358 1459 421 1486 tam
440 1453 688 1486 Mendicantimn
711 1465 807 1497 quam
828 1464 890 1486 non
920 1455 1021 1486 Men-³

263 1506 438 1539 dicantium
458 1506 630 1539 Ordinibus
644 1513 673 1539 et
686 1506 999 1548 congregationibus,

262 1570 298 1592 ae
319 1570 431 1592 eorum
461 1560 683 1596 monasteriis,
707 1560 856 1592 domibus
876 1565 904 1592 et
926 1560 1002 1593 locis

264 1666 443 1704 Pontifices,
467 1672 497 1699 et
517 1668 703 1710 praesertim
729 1668 799 1711 piae
829 1668 1003 1701 memoriae.

263 1720 352 1753 Pium
375 1720 538 1764 quintum,
563 1721 824 1764 praedecessores
851 1728 999 1759 nostros,

262 1774 505 1817 quomodolibet
526 1785 676 1807 concessa
700 1774 882 1818 privilegia,
908 1776 1004 1807 sacul-

263 1833 339 1859 tates
360 1832 387 1860 et
409 1826 540 1869 gratias,
564 1827 603 1859 ad
625 1827 742 1860 dictam
768 1828 1003 1861 Crucil'erormn

262 1880 544 1922 congregationem
566 1880 713 1924 illiusque
733 1882 844 1914 fratres
873 1888 901 1914 et
932 1894 1005 1925 per-

261 1945 354 1968 sonas
375 1933 515 1973 extendi,
540 1933 657 1977 illaque
689 1934 733 1967 eis
758 1935 1001 1969 communicari.

261 1987 364 2027 Quare
386 1998 444 2031 pro
465 1992 555 2030 parte
572 1987 714 2029 magistri
731 1989 888 2030 generalis
900 1995 927 2022 et
942 1989 1004 2021 sra-
1022 1988 1023 1993 ’

262 2047 345 2074 trum
366 2040 606 2084 praedictorum
632 2041 725 2074 nobis
752 2042 807 2074 suit
840 2040 1023 2075 hinnitum-²

262 2095 475 2139 supplicatum
505 2100 663 2138 quatenus
692 2106 805 2128 eorum
847 2096 1004 2130 desiderio

264 2209 339 2236 tune
358 2203 528 2247 providere
550 2203 589 2236 de.
609 2203 806 2245 benignitate
831 2205 1005 2248 apostoliea

265 2259 484 2301 dignaremur.

310 2314 326 2354 5
348 2311 378 2344 2.
404 2312 466 2344 Nos
491 2311 602 2353 igitur,
627 2311 908 2353 congregationem
929 2312 1005 2345 Cru-

266 2365 437 2398 ciserorum
457 2364 654 2408 praedictam
685 2364 816 2407 eiusque
845 2365 956 2397 fratres
977 2371 1005 2398 ct

266 2428 420 2462 personas
439 2428 670 2460 quascumque,
690 2417 730 2449 ob
752 2428 863 2450 eorum
882 2419 1006 2459 regula-

267 2483 334 2505 rem
355 2471 571 2515 disciplinam,
588 2471 779 2515 specialibus
796 2471 956 2504 favoribus
977 2479 1004 2505 et

266 2525 374 2568 gratiis
394 2525 544 2569 prosequi
565 2525 725 2563 volentes,
749 2536 785 2557 ae
805 2525 1005 2567 singulorum

267 2577 508 2623 privilegiorum
529 2583 559 2610 et
576 2577 750 2620 gratiarum
771 2588 807 2610 ae
828 2578 1003 2611 litterarmn

268 2633 405 2676 desuper
425 2633 641 2666 confectarum
666 2632 849 2665 lmiusmodi
878 2638 1005 2665 tenores

267 2686 487 2730 praesentibus
506 2697 564 2730 pro
577 2685 771 2719 sufficienter
782 2686 936 2730 expressis
948 2687 1004 2720 ha-

1036 331 1157 367 bentes,
1182 329 1364 362 huiusmodi
1385 328 1671 372 supplicationibus
1684 329 1775 362 incli-

1037 384 1112 421 nati,
1136 384 1244 417 onmia
1265 389 1292 416 et
1311 383 1436 425 singula
1456 383 1631 426 privilegia,
1647 393 1777 426 praero-

1038 437 1170 479 gativas,
1196 436 1437 474 concessiones,
1462 437 1648 473 facultates,
1673 447 1777 468 exem-

1038 491 1172 534 ptiones,
1196 490 1366 529 libertates,
1391 489 1617 527 imnnmitates,
1642 489 1774 530 indulta,

1038 544 1252 586 indulgentias
1288 549 1493 587 caeterasque
1531 542 1649 585 gratias
1686 543 1778 586 spiri-

1039 598 1138 629 tuales
1169 603 1197 629 et
1231 597 1444 640 temporales,
1469 596 1571 629 dictae
1602 607 1777 638 congrega-

1039 650 1116 683 tioni
1137 650 1369 683 Criu-iserormn
1386 651 1600 693 omnibusque
1621 657 1649 682 et
1671 649 1778 692 singu-

1039 704 1076 736 lis
1097 704 1195 741 illius,
1220 710 1282 737 tani
1305 704 1446 736 virorum
1468 715 1564 747 quani
1585 704 1775 743 mulierum,

1040 759 1251 796 monasteriis,
1262 759 1484 802 hospitalibus,
1501 758 1650 791 domibus
1661 765 1689 791 et
1704 769 1780 791 con-

1039 813 1203 850 ventibus,
1228 824 1353 845 necnon
1376 812 1503 844 illorum
1525 812 1704 856 prioribus,
1728 824 1779 844 su-

1039 866 1234 909 perioribus,
1259 866 1447 898 officialibus
1478 872 1506 898 et
1536 866 1691 909 personis,
1716 872 1779 899 tam

1039 920 1071 952 in
1092 931 1209 962 genere
1229 931 1326 963 quam
1348 920 1378 951 in
1408 919 1513 963 specie
1542 931 1577 952 ae
1603 920 1680 952 alias
1701 931 1780 963 quo-

1040 972 1214 1006 modolibet
1252 978 1282 1005 et
1311 972 1601 1015 quandocumque,
1630 978 1693 1004 tam
1724 984 1780 1016 per

1039 1027 1218 1070 praedictos
1239 1038 1335 1070 quam
1357 1026 1436 1059 alios
1467 1037 1688 1070 quoscumque
1719 1027 1781 1059 Ro-

1038 1090 1150 1112 manos
1161 1079 1330 1112 Pontifices
1342 1080 1602 1122 praedecessores
1613 1085 1738 1112 nostros
1745 1090 1781 1112 ae

1038 1133 1151 1166 Sedem
1183 1133 1397 1176 Apostolicam
1431 1133 1673 1176 quomodolibet
1703 1144 1780 1166 con-

1038 1197 1139 1223 cessa,
1163 1197 1288 1219 necnon
1315 1187 1452 1230 desuper
1478 1186 1637 1219 confectas
1662 1186 1781 1219 litteras

1020 1245 1068 1274 1et
1099 1239 1273 1283 scripturas
1305 1250 1547 1282 quascumque,
1572 1244 1729 1282 quatenus
1749 1239 1780 1271 in

1038 1303 1096 1324 usu
1121 1292 1194 1331 sint,
1219 1298 1246 1325 et
1280 1292 1416 1325 decretis
1440 1291 1570 1325 Concilii
1602 1292 1777 1325 Tridentini

1037 1357 1100 1378 non
1122 1346 1347 1383 adversentur,
1372 1345 1547 1389 apostoliea
1568 1345 1777 1383 auctoritate,

1038 1406 1147 1432 tenore
1176 1399 1414 1443 praesentium,
1438 1404 1593 1442 perpetuo
1620 1400 1780 1443 approba-

1038 1465 1107 1485 nms
1128 1459 1155 1485 et
1178 1454 1427 1490 confirmamus,
1452 1453 1579 1496 illisque
1608 1460 1781 1497 perpetuae

1037 1513 1064 1539 et
1087 1506 1278 1539 inviolabilis
1299 1506 1458 1539 firmitatis
1479 1507 1579 1539 robur
1599 1506 1777 1547 adiicimus,

1018 1589 1020 1604 ξ
1037 1572 1072 1593 ac
1085 1571 1195 1593 omnes
1208 1566 1235 1593 et
1250 1561 1393 1603 singulos
1405 1561 1482 1593 iuris
1494 1567 1520 1593 et
1537 1561 1610 1594 sacti
1624 1562 1778 1602 defectus,

262 1624 298 1645 ac
318 1613 478 1656 personis,
502 1624 558 1656 per
586 1624 808 1657 quoscumque
841 1615 1021 1647 Romanos'

1037 1614 1119 1657 siqui
1153 1615 1257 1646 l'orsan
1294 1614 1533 1647 intervenerunt
1569 1614 1599 1646 in
1637 1614 1778 1653 eisdem,

1037 1668 1238 1710 supplemus;
1262 1673 1288 1700 et
1322 1667 1552 1706 nihilominus,
1576 1679 1634 1711 pro
1664 1668 1781 1712 potiori

1038 1721 1172 1757 cautela,
1190 1720 1251 1753 ⁴illa
1273 1721 1381 1753 onmia
1413 1721 1516 1753 dictae
1546 1721 1781 1754 Cruciserorum

1038 1775 1277 1817 congregationi
1300 1775 1497 1819 singulisque
1516 1775 1600 1808 illius
1621 1781 1781 1808 monaste-

1039 1828 1103 1865 riis,
1127 1829 1348 1872 hoslntalibus,
1370 1829 1530 1866 domibus.
1555 1829 1779 1866 conventibus,

1021 1882 1200 1935 ¹prioribus
1231 1888 1261 1915 et
1294 1882 1516 1926 superioribus
1548 1889 1577 1915 et
1613 1883 1778 1927 personis,

1040 1936 1159 1969 eisdem
1189 1936 1377 1969 auctoritate
1412 1942 1441 1969 et
1472 1942 1602 1975 tenore,
1630 1937 1669 1969 de
1700 1948 1781 1970 novo

1040 1989 1256 2022 concedimus.

1085 2047 1100 2084 5
1122 2042 1151 2075 :3
1176 2043 1210 2075 Et
1233 2042 1363 2086 insuper
1389 2042 1498 2074 omnia
1519 2048 1548 2075 et
1572 2042 1697 2085 singula
1718 2043 1782 2087 pri-

1022 2097 1162 2139 :rilegiffi
1195 2096 1452 2140 praerogatiraS,
1476 2096 1709 2136 concessiones,
1735 2098 1780 2129 sa-

263 2160 415 2187 annuere,
439 2148 581 2192 aliasque
609 2149 640 2181 in
672 2150 855 2193 praemissis
886 2157 1023 2194 oppor-'

1039 2151 1191 2190 cultates,
1222 2150 1459 2193 exemptiones,
1484 2150 1711 2190 immunitates,
1734 2151 1781 2183 in—

1040 2204 1146 2240 dulta,
1171 2203 1401 2246 indulgentias,
1431 2209 1637 2247 caeterasque
1665 2205 1781 2246 gratias

1022 2257 1219 2301 ,spirituales
1250 2263 1279 2289 et
1314 2257 1524 2300 temporales,
1549 2267 1585 2289 ae
1615 2263 1679 2290 tam
1705 2269 1782 2291 eon-

1040 2311 1172 2343 iunctim
1194 2321 1290 2354 quam
1312 2310 1436 2342 divisim
1455 2316 1481 2343 et
1502 2310 1579 2343 alias
1599 2312 1780 2354 quomodo-

1039 2364 1115 2396 libet
1136 2363 1300 2407 quibusris
1313 2363 1560 2396 Mendieantium
1575 2370 1603 2397 et
1618 2375 1682 2397 non
1696 2365 1782 2398 Men-

1040 2417 1214 2450 dieantimn
1235 2417 1390 2450 Ordinmn
1412 2418 1729 2460 congregationibus,
1746 2430 1782 2452 ac

1041 2478 1104 2504 tam
1126 2472 1267 2504 virorum
1289 2483 1385 2515 qnam
1415 2473 1588 2505 mulierum
1619 2479 1781 2506 monaste-

1040 2525 1104 2565 riis,
1129 2526 1277 2559 domibus
1298 2532 1326 2559 et
1345 2526 1544 2568 regularibus
1564 2527 1642 2559 locis
1662 2527 1693 2559 in
1710 2528 1781 2571 qui-

1039 2580 1238 2623 buscumque
1267 2580 1378 2612 mundi
1407 2580 1551 2623 partibus
1579 2580 1781 2614 consistenti-

1039 2633 1108 2673 bus,
1133 2633 1327 2677 illorumque
1347 2633 1585 2677 superioribus,
1609 2633 1777 2674 fratribus,

1039 2686 1207 2720 monachis
1227 2693 1258 2721 et
1281 2687 1426 2731 personis
1455 2698 1513 2732 per
1544 2687 1662 2721 dictum
1689 2686 1780 2721 Pium

1679 271 1744 303 445
1790 281 1837 307 An.
1860 280 1888 308 c.
1908 281 1969 307 ¹59¹

1864 2051 1980 2071 Ceinmuni-

1797 2079 1981 2104 calioprntlegin-

1797 2111 1840 2124 rum
1872 2106 1982 2130 quibusiis

1797 2132 1910 2151 Ordinibus
1925 2131 1981 2152 Men-

1797 2158 1912 2179 drcan'unn
1961 2161 1980 2178 et

1797 2191 1837 2205 non
1861 2185 1980 2205 ,tlt-intima<

1798 2212 1847 2231 tium
1869 2217 1981 2232 (0111115511-

1797 2245 1854 2260 rum,
1871 2241 1888 2257 et
1906 2244 1980 2258 eonce-

1797 2265 1919 2286 deudorum.
