2226 3070
296 288 345 314 An.
363 287 393 314 c.
408 286 480 314 1592
525 276 588 311 642

308 557 479 583 Derosatiocou·
496 549 534 582 de
555 555 642 582 certo
663 549 861 582 notariorum
882 559 1028 585 numero,
1054 548 1176 581 etiamsi
1198 549 1236 581 ad

294 584 412 604 martorum.

495 335 582 368 stari.
607 335 864 369 Contradietores
884 346 942 379 per
962 344 1114 368 censuras
1139 335 1240 368 eccle-

494 388 646 429 siasticas,
671 389 886 432 appellatione
906 388 1092 432 postposita,
1109 398 1239 431 compe-

494 443 623 476 scendo.

540 498 556 538 ξ
578 496 629 529 tlt.
654 496 721 529 Non
753 496 952 529 obstantibus
983 495 1176 539 praemissis.
1201 506 1237 528 ac

495 602 573 635 illud
594 603 737 635 nondum
759 602 929 635 deventum
951 602 1004 641 sit,
1029 602 1079 635 cui
1097 612 1155 645 per
1175 602 1236 635 hoc

494 656 570 689 alias
590 666 654 688 non
674 656 869 689 intendimus
883 656 1057 698 derogare,
1079 666 1115 688 ac
1128 661 1236 688 nostra

494 709 531 741 de
559 709 752 752 praestando
774 719 932 742 consensu
952 709 983 741 in
1004 709 1232 753 pensionibus:

492 772 550 796 nec
571 773 635 795 non
653 762 724 806 piae
746 763 921 796 memoriae
941 763 987 795 Pii
1008 763 1112 807 Papae
1133 763 1180 801 IV,
1197 764 1235 797 de

492 815 651 848 similibus
670 816 719 848 vel
741 815 949 849 dissimilibus
970 816 1078 859 gratiis
1099 816 1129 849 in
1153 817 1235 850 dicta

491 869 622 903 Camera
642 869 724 902 insra
753 876 815 902 tres
837 881 961 903 menses
992 871 1236 914 praesentandis

492 928 522 956 et
541 923 768 966 registrandis3
792 934 828 957 ac
848 925 1039 958 recolendae
1060 925 1235 958 memoriae

490 975 537 1009 Pii
554 975 588 1015 V,
605 976 889 1020 praedecessorum
910 983 1107 1019 nostrorum,
1125 983 1235 1011 contra

491 1028 692 1072 illegitimos,
715 1041 841 1064 necnon
874 1031 1080 1065 pictaviensis
1104 1032 1234 1066 Concilii

494 1093 530 1115 ac
561 1082 629 1115 aliis
662 1084 846 1127 apostolicis
878 1084 909 1117 in
941 1085 1174 1118 universalibus
1205 1092 1235 1118 et

494 1136 743 1180 provincialibus
776 1149 812 1171 ac
856 1139 1062 1183 synodalibus
1106 1140 1233 1173 concilii

495 1190 598 1230 editis,
622 1192 813 1235 specialibus
832 1194 879 1226 vel
898 1193 1101 1236 generalibus
1115 1194 1234 1227 consti-

496 1244 670 1278 tutionibus
688 1252 717 1278 et
737 1246 1012 1281 ordinationibus:
1035 1259 1161 1281 necnon
1182 1260 1233 1281 cc—
1250 1248 1252 1278 Ξ

495 1297 674 1336 elesiarum,
700 1301 980 1341 monasteriorum,
1005 1301 1230 1345 hospitalium,

495 1351 644 1385 ordinum
666 1360 694 1386 et
727 1354 933 1391 militiarum,
965 1366 1000 1387 ac
1025 1355 1120 1388 etiam
1141 1355 1235 1389 Urbis

495 1405 694 1450 aliarumque
734 1407 920 1444 civitatum,
963 1409 1157 1452 oppidorum
1206 1416 1234 1442 et

494 1460 663 1495 terrarum,
688 1466 812 1490 necnon
834 1457 984 1491 Gamerae
1006 1459 1188 1502 praedictae
1206 1466 1254 1502 ct}

494 1518 770 1553 quarumcumque
793 1511 1052 1550 universitatum,
1070 1512 1164 1545 etiam
1190 1513 1237 1545 iu-

493 1568 653 1600 ramento,
696 1563 941 1597 confirmatione
977 1566 1152 1609 apostolica
1188 1567 1235 1600 vel

493 1616 602 1659 quavis
623 1615 776 1650 firmitate
796 1618 857 1650 alia
879 1618 1048 1659 roboratis,
1063 1620 1188 1653 statutis
1206 1627 1254 1654 et*

494 1670 779 1703 consuetudinibus
795 1698 801 1707 ,

493 1723 629 1760 naturis,
659 1723 803 1764 decretis,
832 1731 860 1757 et
890 1725 985 1758 etiam
1017 1727 1106 1759 novis
1134 1728 1235 1761 resor-

494 1776 703 1817 mationibus3
732 1788 857 1811 necnon
888 1779 982 1812 etiam
1007 1779 1142 1822 legibus,
1171 1788 1234 1814 tam

493 1829 667 1873 pontificiis
688 1841 784 1873 quam
807 1831 1044 1875 imperialibus,
1078 1835 1173 1877 regiis
1206 1842 1233 1868 et

495 1882 676 1918 ducalibus,
692 1894 728 1917 ac
742 1884 837 1917 etiam
852 1885 949 1919 sacris
963 1887 1152 1922 canonibus:
1169 1889 1235 1932 pri-

494 1936 616 1977 vilegiis
646 1948 789 1981 quoqne,
814 1938 945 1972 indultis
966 1946 993 1973 et
1016 1941 1126 1974 litteris
1156 1953 1253 1985 apo-¹

494 1990 612 2023 stolicis
633 1991 852 2034 superioribus
873 1999 901 2025 et
923 1995 1068 2037 personis
1093 2006 1128 2027 ac
1158 1996 1253 2032 locist

494 2043 656 2086 quibusvis
682 2044 713 2077 in
739 2055 856 2087 genere
885 2047 933 2079 vel
967 2047 998 2079 in
1030 2049 1155 2092 specie,
1177 2050 1234 2082 sub

494 2097 749 2141 quibuscumque
778 2100 941 2133 tenoribus
964 2107 992 2134 et
1016 2102 1137 2139 formis,
1159 2114 1234 2136 nec-

493 2160 558 2183 non
573 2150 850 2193 derogatoriarum
863 2154 1086 2196 derogatoriis,
1102 2155 1235 2200 aliisque

494 2203 741 2245 efficacioribus,
779 2205 1005 2241 efficacissimis
1038 2215 1067 2241 et
1100 2209 1235 2243 insolitis

1251 1807 1254 1828 Ι

829 1672 1071 1713 stabilimentis,
1103 1674 1232 1715 usibus,
1272 1696 1275 1701 ‹

494 2256 654 2298 clausulis,
671 2258 934 2304 irritantibusque
946 2268 973 2294 ct
989 2262 1058 2295 aliis
1079 2263 1230 2300 decretis,

494 2310 588 2343 etiam
609 2311 671 2343 vim
694 2318 874 2346 contractus
903 2320 931 2346 et
961 2316 1068 2348 statuti
1087 2318 1234 2361 perpetui

494 2364 742 2404 continentibus,
767 2377 801 2399 ac
823 2367 917 2400 etiam
940 2375 1029 2402 motu
1050 2371 1182 2414 proprio
1205 2364 1253 2412 et}

495 2426 531 2449 ex
549 2423 635 2450 certa
652 2418 794 2458 scientia,
811 2430 848 2452 ac
869 2422 906 2454 de
927 2423 1122 2465 apostolieae
1142 2430 1233 2468 pote·
1250 2417 1252 2459 i

493 2470 581 2504 statis
612 2471 830 2514 plenitudine,
855 2484 890 2507 ac
911 2476 1173 2511 consistorialiter
1205 2484 1233 2511 et

493 2524 572 2557 alias
597 2524 629 2558 in
656 2526 853 2559 contrarium
882 2530 1125 2571 quomodolibet
1157 2542 1234 2565 con-

494 2578 609 2618 cessis,
637 2579 821 2622 approbatis
854 2586 883 2613 et
914 2581 1080 2616 innovatis.
1114 2583 1235 2623 Quibus

494 2631 644 2665 omnibus
664 2638 694 2665 et
713 2632 857 2675 singulis,
882 2634 1005 2668 etiamsi
1023 2636 1062 2669 de
1083 2636 1144 2670 illis
1165 2637 1252 2675 illo-3

492 2693 629 2729 rumque
645 2685 715 2718 totis
728 2686 893 2720 tenoribus
903 2687 1060 2730 specialis,
1072 2690 1232 2733 specifica,
1251 2680 1254 2717 i

1076 287 1258 312 BULLARIUM
1278 287 1431 312 ROMANUM

1273 345 1421 378 expressa
1452 341 1481 368 et
1512 335 1695 372 individua,
1727 342 1927 371 nouantem
1957 347 2015 380 per

1272 388 1431 421 clausulas
1461 389 1626 431 generales
1656 388 1740 422 idem
1778 389 2010 433 imponantes,

1272 441 1392 474 mentio
1404 452 1460 474 seu
1476 442 1605 485 quaevis
1619 442 1680 475 alia
1693 442 1854 486 expressio
1867 443 2016 476 habenda

1271 494 1362 533 soret,
1393 494 1522 528 illorum
1553 501 1679 528 tenores
1708 495 1931 538 praesentibus
1955 506 2014 539 pro

1271 549 1427 592 expressis
1447 548 1602 582 habentes
1615 576 1622 589 ,
1646 548 1707 581 illis
1728 549 1806 582 alias
1827 549 1858 581 in
1878 559 1936 582 suo
1956 559 2012 582 ro-

1271 601 1347 634 bore
1377 602 1618 645 permansuris,
1642 602 1700 635 hac
1732 603 1799 635 vice
1829 603 2011 643 dumtaxat,

1269 654 1449 697 specialiter
1466 661 1496 688 et
1513 666 1660 700 expresse
1682 656 1887 698 derogamus,
1911 661 2014 689 caete-

1270 707 1377 751 risque
1395 709 1563 742 contrariis
1576 709 1844 753 quibuseumque.
1862 709 2015 743 Volumus

1269 767 1375 794 autem
1403 763 1490 806 quod
1511 763 1641 796 sacrista
1673 770 1701 796 et
1734 763 1876 806 magistri
1906 773 2015 796 coere-

1270 816 1453 850 moniarum
1489 817 1630 860 capellae
1662 824 1810 857 nostrae,
1835 828 1870 850 ac
1898 817 2015 850 medici

1269 869 1453 913 caeterique
1473 880 1585 903 omnes
1606 876 1635 903 et
1654 870 1783 913 singuli,
1798 870 1852 914 qui
1873 870 1970 903 etiam
1982 870 2015 903 in

1270 922 1339 966 ipso
1360 923 1519 963 conclavi,
1544 923 1636 957 nobis
1662 929 1693 956 et
1721 923 1937 957 cardinalibus
1961 928 2017 957 aut

1269 976 1409 1019 capellae
1449 977 1622 1020 praedictis
1667 977 1872 1010 inserviendo
1915 976 2014 1010 inter-

1269 1028 1406 1067 fuerunt,
1428 1029 1685 1074 quibuscumque
1708 1029 1883 1073 privilegiis
1913 1035 1944 1063 et
1971 1030 2016 1062 sa-

1269 1082 1440 1116 cultatibus
1467 1094 1524 1126 per
1552 1090 1736 1127 praesentes
1766 1083 1940 1123 concessis,
1975 1083 2017 1116 ad

1251 1136 1350 1179 ‘quae
1371 1136 1493 1170 habiles
1513 1143 1543 1170 et
1572 1137 1679 1171 idonei
1700 1148 1718 1170 a
1738 1137 1839 1170 tribus
1868 1136 2015 1170 cardina-

1268 1190 1350 1223 libus
1368 1190 1540 1234 praedictis
1559 1191 1690 1224 iudicati
1709 1191 1838 1232 suerint,
1855 1191 2015 1234 gaudeant

1269 1249 1296 1276 et
1318 1244 1376 1276 sub
1398 1244 1459 1277 illis
1480 1245 1714 1288 comprehendi
1735 1245 1884 1278 debeant.

1314 1297 1329 1338 S
1356 1295 1403 1329 15.
1425 1297 1582 1340 Quodque
1603 1297 1820 1341 praesentium
1849 1304 2012 1330 transum-

1268 1349 1340 1392 ptis,
1365 1349 1460 1382 etiam
1482 1350 1657 1394 impressis,
1681 1355 1737 1383 cto.

1313 1403 1427 1436 Datum
1449 1404 1570 1437 Romae
1591 1405 1676 1448 apud
1703 1405 1733 1437 S.
1758 1405 1906 1444 Petrum,
1931 1414 2015 1438 anno

1268 1457 1500 1490 Incarnationis
1526 1458 1714 1491 Dominicae
1743 1468 1876 1499 nnxcu,
1903 1469 1920 1491 v
1945 1458 2017 1492 idus

1269 1510 1464 1551 novembris,
1487 1511 1695 1554 pontificatus
1715 1511 1818 1545 nostri
1838 1521 1925 1545 anno
1945 1522 1967 1546 1.

1304 1572 1366 1599 Dat.
1382 1572 1425 1600 die
1440 1573 1456 1599 9
1471 1573 1611 1600 novembr.
1630 1573 1708 1606 1592,
1726 1577 1800 1609 pont.
1817 1582 1861 1601 au.
1875 1581 1893 1600 1.
1923 1593 1929 1610 ι

1589 1745 1689 1779 XLVI,

1269 1842 1470 1885 Appi-obatio
1500 1854 1646 1888 novoque
1681 1846 1837 1878 concessio
1874 1845 2014 1888 faculta-

1316 1905 1356 1936 tis
1386 1905 1545 1947 fratribus
1578 1905 1712 1939 Ordinis
1746 1908 1784 1940 B.
1815 1908 1943 1942 Mariae
1976 1908 2015 1942 de

1315 1967 1456 2000 Mercede
1475 1967 1717 2011 Redemptionis
1740 1970 1961 2014 Captivorum,
1977 1972 2013 2004 in

1315 2029 1426 2062 diebus
1446 2029 1477 2063 S.
1503 2030 1708 2070 ΕαῑΙιενίηαο,
1733 2043 1770 2064 ac
1792 2032 1957 2074 Cbzerum,
1985 2037 2014 2066 et

1316 2092 1436 2125 Coenae
1456 2092 1591 2125 Domini
1609 2094 1794 2136 yeneralem
1809 2094 1953 2138 faciendi
1965 2095 2014 2128 be-

1314 2155 1527 2190 nedictionem
1547 2162 1575 2190 et
1596 2157 1833 2192 absolutionem
1852 2159 1871 2191 ¹.

1481 2247 1614 2275 Clemens
1632 2246 1710 2281 Papa
1725 2248 1803 2280 VIII,

1399 2300 1434 2327 ad
1449 2304 1625 2335 perpetuam
1640 2301 1685 2329 rei
1700 2301 1886 2330 memoriam.

1312 2370 1443 2404 Infirma
1472 2372 1539 2405 aevi
1570 2373 1712 2406 conditio
1741 2383 1837 2418 saepe
1861 2373 1960 2408 efficit
1979 2380 2014 2409 ut

1267 2434 1335 2464 res,
1359 2424 1406 2457 vel
1438 2425 1576 2458 maxime
1606 2426 1742 2465 nobiles,
1776 2426 2013 2466 exhominum

1250 2462 1253 2486 ¹
1269 2477 1426 2510 memoria
1445 2478 1565 2511 sensim
1586 2478 1743 2512 excidant.

1305 2569 1315 2594 1
1335 2566 1419 2594 Huius
1433 2567 1610 2595 absolutionis
1630 2572 1657 2595 et
1681 2568 1878 2598 benedictionis
1899 2570 2013 2601 foi-mam

1269 2612 1452 2648 praescripsit,
1468 2617 1494 2640 et
1509 2613 1590 2640 etiarn
1606 2613 1633 2640 in
1648 2613 1691 2641 die
1705 2613 1731 2641 S.
1743 2614 1853 2642 Antonii
1867 2619 1895 2644 et
1908 2615 1935 2644 S.
1945 2616 2015 2644 Lau-

1269 2657 1348 2683 rentii
1373 2657 1430 2685 lieri
1454 2657 1576 2693 permisit
1598 2657 1641 2685 hie
1664 2657 1736 2685 idem
1760 2657 1883 2686 Pontifex
1901 2659 2015 2688 inferius

1269 2701 1478 2728 constitutione:
1502 2701 1576 2728 Cum
1590 2709 1652 2730 nos.

2025 288 2075 314 An.
2093 287 2122 315 C.
2143 288 2210 316 1592

2081 745 2083 748 ι
2105 719 2200 749 Sacrists
2209 737 2214 744 .

2029 748 2125 776 magistri
2142 751 2214 768 caere-

2029 777 2144 793 moniarum
2151 776 2215 800 atquo

2007 817 2013 823 ,
2029 798 2107 820 medici
2139 800 2215 821 iisdem

2030 825 2061 850 pri
2066 825 2146 852 vileziis
2163 832 2213 852 gau-

2030 851 2086 872 dent.

2079 1303 2144 1325 fidos
2158 1307 2215 1325 tran-

2031 1333 2166 1357 sumptorum,

2054 2382 2176 2404 Exordium*
