2226 3070
205 282 255 308 An.
273 280 300 308 C>
319 281 387 307 ⁴58⁶

235 1947 391 1967 contrariatur

209 1979 240 1998 lu.

446 271 509 304 ⁹253]

404 332 521 366 militer
541 334 717 370 incumbet,
737 344 773 364 ac
794 332 936 364 eiusdem
959 330 1085 372 collegii
1101 340 1149 362 rc-

403 386 499 419 etoris
519 397 573 419 seu
601 386 737 418 alioruin
764 395 821 428 per
840 383 1022 428 praedictos
1040 388 1147 426 prote-

403 446 506 473 ctores
535 439 793 483 deputandorum
828 437 974 470 examine
1016 446 1148 480 praece-

403 494 516 533 dente,
537 494 569 526 in
589 504 654 537 quo
682 492 811 535 quidem
843 490 988 523 examine
1023 489 1148 522 idonei-

405 547 473 579 tatis
493 547 530 579 ad
551 545 736 579 huiusmodi
757 543 861 577 officia
878 543 1054 576 exercenda
1068 543 1149 576 ratio

403 601 571 638 habeatur,
585 599 680 632 etiam
694 603 840 641 tempore
860 608 877 629 a
893 596 962 629 iure
982 602 1102 630 statuto
1120 595 1147 636 ¹,

403 653 499 687 etiam
523 652 784 695 quibuscumque
815 649 988 683 dominicis
1011 650 1059 683 vel
1080 649 1150 683 aliis

404 706 533 744 festivis,
555 710 610 737 aut
630 704 725 737 etiam
749 703 868 736 seriatis
888 714 944 736 seu
969 713 1034 736 non
1054 703 1149 737 feria-

404 760 452 795 tis,
473 759 568 792 etiam
590 757 752 791 continuis
767 757 893 798 diebus,
907 757 1149 801 interstitiisque

404 819 582 856 temporum
604 822 621 844 a
642 810 781 844 concilio
800 809 987 843 Tridentino
998 810 1151 843 eonstitu-

404 866 442 899 tis
461 876 527 899 non
555 865 738 909 expectatiS,
759 864 854 897 etiam
875 863 996 907 absque
1016 874 1149 897 suorum

403 919 642 953 ordinariorum
672 918 790 951 litteris
810 916 1091 957 dimissorialibus,
1114 928 1150 950 ac

404 974 472 1006 sine
487 973 596 1016 aliquo
616 971 765 1005 beneficii
791 976 846 1004 aut
871 970 1077 1015 patrimonii,
1096 971 1150 1004 sed

405 1026 628 1060 tantummodo
649 1025 724 1059 dieti
756 1024 881 1067 collegii
905 1024 1010 1064 titulo,
1037 1025 1076 1057 ab
1096 1036 1150 1058 eo-

404 1080 476 1113 dem
501 1080 582 1112 lulio
607 1078 745 1112 Antonio
767 1078 931 1111 cardinale
951 1089 1008 1111 seu
1029 1088 1094 1111 uno
1114 1089 1150 1112 ex

405 1144 463 1177 pro
498 1139 642 1177 tempore
670 1131 880 1165 existentibus
912 1132 1152 1176 protectoribus

405 1186 588 1231 praedictis,
615 1185 734 1229 quibus
758 1184 992 1218 administratio
1013 1184 1081 1228 ipsa
1103 1184 1150 1217 in—

405 1240 548 1281 cumbet,
562 1239 638 1279 sive,
653 1240 693 1272 de
709 1240 779 1272 eius
799 1238 938 1278 licentia,
959 1250 976 1271 a
995 1249 1151 1282 quocum-

404 1305 467 1338 que
487 1293 646 1327 catholico
666 1293 822 1332 antistite,
853 1292 987 1335 gratiam
1008 1297 1038 1324 et
1063 1303 1151 1325 eom-

406 1348 593 1380 munionem
606 1347 700 1379 dicta}
711 1345 800 1379 Sedis
814 1346 965 1385 habente,
978 1357 1035 1389 per
1047 1345 1151 1389 ipsum

405 1400 564 1443 eligendo,
588 1400 619 1432 in
640 1399 723 1432 Urbe
744 1410 798 1431 seu
820 1398 915 1431 Curia
939 1399 1083 1431 Romana
1104 1410 1153 1431 re-

406 1455 540 1494 sidente,
569 1453 607 1486 ad
637 1463 750 1485 omnes
777 1452 872 1485 etiam
894 1462 1002 1485 sacros
1021 1452 1152 1485 subdia-

405 1513 538 1541 conatus
571 1513 601 1540 et
634 1507 822 1539 diaconatus
854 1505 983 1540 ordines
1022 1517 1153 1550 promo-

406 1563 469 1596 veri
493 1589 500 1603 ‚
523 1573 559 1594 ac
603 1566 772 1605 postquam
799 1560 937 1604 promoti
973 1560 1088 1593 suerint
1122 1560 1152 1593 in

407 1617 479 1654 illis.
510 1616 605 1649 etiam
638 1615 668 1647 in
703 1614 811 1647 altaris
852 1613 1029 1647 ministerio
1057 1614 1153 1647 miui-

406 1676 527 1705 strar1=2
560 1668 685 1712 ipsique
720 1667 849 1700 antistiti
871 1666 916 1700 sic
937 1667 1097 1711 eligendo,
1121 1674 1153 1700 ut

406 1724 535 1756 ordines
556 1721 743 1755 huiusmodi
769 1721 814 1753 eis
834 1721 980 1754 conferre
1005 1721 1104 1755 libere
1124 1727 1155 1754 et

406 1778 491 1810 licite
515 1777 629 1815 valeat,
661 1775 746 1807 dieta
786 1774 977 1808 auctoritate
1007 1775 1153 1818 indulge-

407 1843 489 1863 mus.

450 1887 464 1927 ,ξ
488 1885 518 1917 4.
542 1885 610 1917 Non
623 1884 768 1916 obstante
788 1883 899 1925 regula
915 1887 1022 1915 nostra
1035 1881 1073 1915 dc
1087 1882 1155 1916 iure

406 1934 551 1977 quaesito
579 1942 642 1966 non
668 1932 822 1971 tollendo,
853 1938 881 1965 et
915 1933 954 1965 de
982 1931 1155 1965 unionibus

406 1983 656 2021 committendis,
687 1982 805 2015 vocatis
840 1993 979 2025 quorum
1015 1981 1155 2021 interest,

406 2033 681 2076 exprimendoque
716 2042 791 2065 vero
815 2032 939 2067 valore:
972 2042 1096 2064 necnon
1123 2043 1155 2065 e-

406 2084 481 2115 tiam
509 2081 732 2115 Lateranensis
768 2080 896 2114 concilii
928 2081 1042 2113 ultimo
1071 2081 1155 2114 eele-

408 2132 501 2172 brati‚
520 2131 657 2164 uniones
673 2136 845 2175 perpetuas
866 2130 927 2163 nisi
949 2130 980 2162 in
1002 2130 1156 2164 casibusa

408 2180 476 2212 iure
498 2180 661 2223 permissis
686 2179 754 2212 lieri
776 2178 998 2222 prohibentis;
1020 2190 1057 2212 ae
1078 2190 1155 2212 con-

407 2228 624 2262 stitutionibus
644 2234 673 2262 et
689 2228 946 2261 ordinationibus
957 2227 1153 2272 apostolicis,

407 2278 491 2311 acin
512 2277 669 2317 conciliis,
689 2277 785 2310 etiam
806 2277 1025 2319 generalibus,
1048 2277 1153 2317 editis,

408 2333 438 2360 ct
470 2326 611 2370 capellae
645 2337 700 2359 seu
731 2325 857 2368 collegii
887 2325 1098 2359 diaconorum
1125 2333 1156 2360 et

407 2376 681 2409 subdiaconorum
724 2380 921 2413 nostrorum,
959 2375 1152 2417 iuramento,

407 2424 651 2458 confirmatione
672 2424 846 2468 apostolica
863 2425 909 2457 vel
930 2423 1040 2468 quavis
1052 2424 1151 2458 sirmi—

409 2481 469 2507 tate
490 2473 551 2506 alia
572 2473 743 2510 roboratis,
769 2473 894 2505 statutis
921 2478 951 2506 et
981 2478 1153 2506 eonsuetu-

406 2522 555 2563 dinibus;
578 2521 752 2566 privilegiis
783 2532 924 2565 quoque,
965 2522 1096 2555 indultis
1125 2528 1155 2556 ct

408 2572 523 2605 litteris
535 2571 719 2616 apostolicis
734 2571 796 2603 illis
817 2576 846 2604 et
862 2582 920 2614 pro
934 2576 1079 2615 tempore
1091 2572 1154 2605 exi-

407 2619 562 2653 stentibus
582 2619 709 2653 Graecis
730 2619 865 2652 diacono
893 2625 923 2653 et
952 2620 1152 2655 subdiacono

446 2684 452 2710 Ι
476 2682 610 2718 Legimus
619 2685 697 2711 cartre
705 2685 825 2718 tempora
837 2691 852 2709 α
864 2683 923 2710 iure
931 2685 1031 2710 statuto
1041 2683 1083 2717 (R.
1096 2683 1150 2717 T.).

993 277 1174 301 Bl'LLARlUM
1191 276 1341 302 ROMANUM

1190 329 1434 372 quomodolibet
1448 331 1617 369 concessis.
1630 331 1825 363 confirmatis
1839 337 1869 363 et
1889 332 1934 363 in-

1191 382 1326 422 novatis3
1344 382 1461 426 quibus
1485 383 1636 416 omnibus
1660 383 1737 416 alias
1756 383 1789 416 in
1806 395 1864 417 suo
1882 396 1933 417 ro-

1191 436 1267 468 bore
1286 436 1518 480 permansuris,
1532 436 1591 469 liae
1604 435 1669 469 viee
1680 436 1857 477 dumtaxat,
1866 449 1935 481 spe·

1192 489 1315 523 cialiter
1340 495 1369 523 et
1398 500 1546 534 expresse
1572 489 1775 533 derogamus,
1805 491 1935 524 ceteris-

1191 553 1253 586 que
1270 543 1440 577 contrariis
1459 542 1729 587 quibuscumque.

1235 595 1349 630 Datum
1362 597 1481 630 Romae
1501 597 1587 641 apud
1609 597 1760 631 Sanctum
1782 597 1936 638 Marcum,

1191 649 1251 682 sub
1276 651 1397 683 annulo
1429 650 1609 691 piscatoris,
1641 650 1692 683 die
1717 661 1726 684 1
1747 651 1938 695 septembris

1192 713 1366 745 ›ianxxvi‚
1405 704 1610 748 pontificatus
1642 705 1741 738 nostri
1776 715 1861 738 anno
1892 716 1938 739 se-

1192 757 1310 791 eundo.

1227 816 1289 846 Dat.
1312 816 1359 847 die
1383 817 1394 846 1
1422 821 1544 857 septeni.
1565 817 1650 854 1586,
1670 817 1774 858 pontis.
1794 827 1842 848 an.
1865 826 1896 847 u.

1526 984 1599 1018 Vlll.

1194 1061 1408 1103 Confirmatio
1427 1061 1544 1093 statuti
1570 1072 1590 1093 α
1615 1061 1782 1094 cardinale
1801 1061 1937 1103 Albano,

1236 1115 1313 1147 dum
1337 1114 1563 1157 qnbernatmv's
1590 1115 1688 1157 officio
1714 1115 1748 1147 in
1771 1115 1941 1158 provincia

1237 1168 1405 1201 Marchiae
1424 1167 1621 1210 fungebatur
1640 1169 1720 1201 editi
1742 1179 1801 1211 pro
1819 1180 1940 1203 merca-

1238 1226 1342 1254 torum
1362 1221 1503 1254 eiusdem
1519 1221 1708 1264 provinciae
1727 1221 1942 1256 indemnitate

1238 1276 1274 1308 in
1293 1275 1505 1318 descriptione
1525 1275 1679 1307 bonorum
1694 1275 1749 1308 sub
1768 1276 1943 1309 mulierum

1237 1329 1307 1362 dote
1327 1328 1625 1372 comprehensorum
1648 1328 1674 1361 ¹.

1211 1410 1307 1439 Sixtus
1326 1410 1396 1446 rapa
1408 1409 1439 1443 v.
1459 1410 1493 1438 ad
1511 1410 1673 1446 perpetuam
1693 1409 1734 1439 rot
1752 1410 1920 1440 memoriam.

1239 1484 1253 1525 ᾗ
1277 1481 1308 1514 1.
1336 1481 1520 1525 Expositum
1549 1481 1642 1514 nobis
1669 1493 1773 1526 nuper
1799 1482 1858 1516 l'uit
1885 1494 1943 1527 pro

1195 1541 1285 1579 parte
1326 1535 1517 1568 dilectorum
1552 1535 1692 1568 filiorum
1724 1542 1941 1570 mercatorum

1196 1588 1380 1633 provinciae
1400 1588 1558 1622 Marehiae
1576 1589 1794 1623 Anconitanae
1814 1591 1900 1634 quod
1911 1602 1942 1624 a·

1196 1643 1254 1675 lias
1273 1643 1411 1675 dilectus
1431 1642 1517 1676 filius
1542 1648 1650 1676 noster
1675 1643 1810 1677 Ioannes
1828 1642 1942 1678 Hiero-

1197 1707 1322 1741 nymus,
1350 1696 1433 1729 tituli
1453 1696 1558 1729 Sancti
1579 1696 1708 1729 loannis
1726 1702 1799 1731 ante
1815 1698 1942 1731 Portam

1197 1749 1350 1786 Latinam,
1366 1750 1397 1783 S.
1413 1750 1448 1782 R.
1472 1750 1505 1783 E.
1522 1750 1694 1783 cardinalis
1703 1750 1846 1784 Albanus
1858 1762 1942 1784 nun-

1197 1809 1345 1848 cupatuS,
1367 1804 1443 1837 dum
1463 1804 1687 1846 gubernatoris
1708 1804 1813 1838 officio
1834 1804 1865 1838 in
1891 1816 1943 1838 ea-

1197 1859 1269 1891 dem
1292 1857 1456 1901 provincia
1475 1858 1677 1900 fungeretur,
1696 1863 1730 1891 ut
1745 1858 1942 1892 creditorum

1198 1911 1400 1944 indemnitati
1431 1911 1666 1952 consuleretur,
1688 1912 1840 1949 adversus
1863 1923 1942 1956 quo-

1198 1976 1269 1999 rum
1303 1965 1445 2008 legitima
1483 1965 1604 1998 credita
1638 1976 1791 2009 persaepe
1816 1966 1944 2000 fraudes

1198 2019 1304 2053 moliri
1324 2019 1364 2052 ab
1385 2019 1540 2052 uxoribus
1558 2019 1741 2052 debitorum
1766 2020 1943 2064 comperie-

1198 2073 1270 2106 bat:
1298 2073 1505 2117 quippequae
1531 2078 1753 2116 comparentes
1786 2072 1817 2106 in
1853 2074 1942 2107 curia

1198 2126 1386 2160 bullettinos
1402 2125 1548 2159 obtinere
1562 2127 1712 2166 solerent,
1723 2127 1809 2170 quod
1822 2137 1880 2170 pro
1889 2127 1943 2161 de-

1198 2179 1269 2212 bitis
1286 2179 1344 2212 viri
1364 2184 1420 2212 aut
1434 2179 1537 2212 soceri
1562 2189 1627 2212 non
1648 2180 1896 2213 molestarentur
1909 2181 1941 2213 in

1197 2243 1308 2266 earum
1329 2232 1423 2266 bonis
1441 2232 1602 2265 dotalibus
1613 2233 1940 2276 velpai·afrenalibus;

1197 2291 1415 2329 curarentque
1443 2286 1558 2319 deinde
1586 2286 1617 2319 in
1638 2286 1826 2327 inventario,
1854 2287 1941 2331 quod

1197 2350 1233 2372 ex
1254 2339 1355 2372 forma
1384 2339 1546 2372 bullettini
1567 2340 1809 2381 conficiebatur,
1830 2351 1939 2374 coram

1196 2392 1361 2426 ordinario
1390 2392 1451 2426 loci
1476 2392 1612 2426 describi
1639 2404 1697 2437 pro
1717 2393 1878 2427 dotalibus
1909 2401 1939 2428 et

1196 2451 1361 2490 tamquam
1382 2446 1499 2479 dotalia
1519 2447 1627 2480 omnia
1646 2452 1678 2480 et
1697 2447 1823 2490 singula
1841 2448 1937 2488 bona,

1195 2510 1278 2543 quae
1295 2499 1381 2532 domi
1402 2500 1449 2532 vel
1469 2499 1544 2532 alibi
1556 2499 1615 2533 sibi
1631 2506 1661 2533 et
1676 2500 1742 2534 viro
1762 2511 1831 2534 esse
1851 2500 1938 2534 inve-

1195 2553 1376 2594 niebantur,
1394 2553 1473 2586 nihil
1485 2553 1612 2597 penitus
1625 2554 1834 2598 excipientes:
1851 2555 1937 2598 quod

1194 2612 1270 2640 tunc
1290 2607 1328 2640 de
1349 2612 1456 2640 cetero
1476 2606 1551 2639 dicti
1573 2607 1733 2640 bullettini
1752 2606 1814 2640 illis
1825 2607 1939 2641 mulie-

1231 2675 1240 2701 1
1260 2672 1300 2701 Ex
1320 2672 1430 2708 Regest.
1453 2672 1480 2700 in
1499 2672 1605 2701 Secret.
1627 2673 1770 2702 Breviuiu.

1949 280 2000 307 An.
2017 280 2045 307 c.
2064 277 2132 306 ¹586

1970 1497 2089 1518 Cnrrlinati·
2101 1496 2139 1518 Ai-

1957 1528 2024 1549 bnnus
2039 1534 2078 1556 pro
2087 1534 2139 1549 cre—

1958 1559 2047 1580 amorum
2071 1559 2138 1580 inde-

1958 1591 2055 1616 mnium,
