2226 3070
499 249 562 282 6722
1048 257 1230 282 nuntiatum
1251 256 1403 281 nenilucii

539 320 614 353 ibid.
643 321 718 354 ideo
743 321 886 354 Clemens
911 320 973 353 VIII
1000 319 1264 352 consuetudinem
1286 318 1491 362 approbans,
1520 327 1590 350 eam
1617 317 1745 351 roborat
1778 328 1835 350 sua
1860 317 1998 351 auetori-

539 380 612 413 ίτὶῖθ,
641 374 717 407 ibid.

450 427 565 460 Mariae
591 428 653 470 (B.)
675 427 831 459 Fuliensis
855 425 1076 467 (lottgt‘eg'atio,
1101 425 1228 458 Ordinis
1247 425 1458 462 Citercicnsis,
1482 430 1598 457 statuta
1616 424 1716 457 edidit
1741 434 1799 468 pro
1824 434 1879 456 sua
1901 424 1999 456 resor-

539 480 748 517 sormatione,
778 479 841 511 [515
865 480 891 511 b.
924 479 999 511 Eam
1032 478 1139 511 eximit
1169 489 1250 522 papa
1278 489 1294 511 a
1327 477 1545 510 iurisdictione
1571 477 1770 520 generalium
1803 483 1833 509 et
1862 477 1998 509 aliorum

538 534 753 577 praelatorum
775 531 900 564 Ordinis
925 532 1154 568 Cistercicnsis,
1184 532 1277 567 shift.-
1300 532 1358 564 sub
1379 531 1468 564 Sedis
1494 531 1695 574 Apostolicae
1727 530 1926 574 protectione
1952 540 2000 562 re-

538 587 623 629 cipit,
651 585 714 617 titt}
734 596 774 623 03
798 585 891 628 eique
910 584 1065 628 elargitur
1086 585 1252 628 privilegia
1273 584 1381 617 onmia
1400 584 1474 617 dicti
1500 584 1638 624 Ordinis,
1660 584 1736 616 ibid.
1758 584 1896 616 Huiusce
1921 584 2000 617 Con-

537 638 730 681 gregationis
751 638 899 671 monachi
921 649 985 671 non
1005 644 1155 671 tenentur
1175 638 1214 670 ad
1240 638 1300 671 alia
1320 638 1462 671 instituta
1481 637 1608 670 Ordinis
1626 636 1852 677 Cistercicnsis,
1870 636 1948 669 ibid.
1965 636 1996 674 l›;

537 692 627 724 cuius
650 691 872 735 superioribus
897 697 1021 724 vetatur
1051 702 1090 724 ne
1115 702 1148 724 se
1181 691 1394 724 intromittant
1425 691 1456 723 in
1488 690 1582 724 buius
1611 689 1872 733 Congregationis
1903 699 2000 731 nego-

538 745 598 781 tiis,
629 744 706 777 ibid.

450 798 606 831 Marianus
631 798 668 830 de
690 797 857 831 Camerino
882 798 911 831 S.
934 798 968 830 R.
998 798 1030 830 E.
1060 798 1241 831 cardinalis.
1277 798 1308 830 V.
1337 797 1476 830 Salviati.

449 851 539 884 Maris
560 851 659 893 ,Ἐς-εἰ,
688 850 820 883 Bosniae
846 857 876 884 et
900 851 1074 884 Moldaviae
1100 851 1254 895 episcopi.
1285 851 1317 883 V.
1348 851 1526 893 Assignatio
1552 850 1726 895 pensionis.

447 905 563 937 Martae
577 904 636 947 (S.)
651 905 689 937 de
703 904 788 937 Urbe
814 904 1057 937 monasterium.
1081 905 1197 938 Paulus
1214 905 1252 937 III
1267 905 1399 937 domum
1427 904 1457 937 in
1472 905 1556 938 Urbe
1582 904 1746 948 deputavit
1770 903 1810 936 ad
1835 903 1996 947 recipien-

536 958 611 990 dum
639 958 789 990 mulieres
815 957 895 990 vitae
927 957 1114 1001 culpabilis,
1143 963 1172 990 et
1202 957 1341 1000 desuper
1370 957 1666 990 confraternitatem
1697 956 1851 995 instituit,
1879 956 1939 989 451
1970 957 1997 989 b.

536 1011 645 1054 Ibique
670 1016 781 1055 postca
807 1016 949 1043 erectum
977 1010 1032 1042 suit
1056 1010 1287 1043 monasterium
1309 1021 1367 1053 pro
1389 1010 1582 1053 recipiendis
1604 1010 1641 1043 iis
1655 1020 1747 1054 quae,
1773 1020 1808 1042 ex
1828 1009 2002 1054 praedictis

537 1064 735 1103 mulieribus,
760 1063 916 1097 moniales
942 1074 1008 1097 csse
1030 1064 1189 1101 volebant,
1214 1064 1291 1096 ibid.
1316 1063 1413 1096 Iulius
1434 1064 1470 1096 III
1502 1063 1756 1097 iurisdictionem
1786 1063 2000 1105 cognoscendi

536 1128 646 1150 causas
676 1117 847 1150 mulierum
881 1117 1069 1150 monialium
1103 1123 1133 1150 ct
1157 1117 1343 1150 monasterii
1377 1117 1531 1160 praedicti
1568 1117 1724 1150 concessit
1755 1116 1859 1150 eidem
1895 1122 2001 1160 prote-

536 1170 626 1210 ctori,
648 1170 711 1202 452
732 1182 770 1210 ‘¹3
795 1170 1046 1214 facultatemque
1066 1170 1241 1203 summarie
1259 1176 1286 1203 ct
1311 1170 1482 1213 impliciter
1507 1170 1715 1214 procedendi,
1737 1170 1814 1203 ibid.
1835 1170 1869 1209 b·‚
1893 1169 2002 1214 appel-

536 1224 653 1256 latione
676 1229 808 1263 remota‚
834 1224 910 1256 ibid.
934 1224 1108 1265 Gregorius
1128 1224 1192 1257 XIII
1216 1223 1302 1256 iussit
1326 1223 1355 1255 in
1375 1223 1461 1256 dicto
1483 1223 1680 1256 monasterio
1702 1234 1766 1257 non
1788 1223 1925 1267 amplius
1945 1234 1998 1256 re-

536 1277 597 1320 cipi
619 1277 769 1309 mulieres
789 1283 978 1320 corruptas,
1001 1278 1057 1310 sed
1089 1283 1211 1310 tantum
1244 1277 1392 1318 virgines,
1421 1276 1485 1309 453
1512 1288 1540 1309 a.
1573 1277 1633 1310 Sed
1663 1277 1843 1310 dubitatum
1874 1277 1932 1309 suit
1961 1287 2000 1309 an

535 1336 697 1373 protector
717 1335 747 1362 et
767 1330 975 1372 congregatio
993 1330 1147 1363 haberent
1170 1331 1265 1363 totale
1287 1330 1430 1372 regimen
1457 1330 1532 1363 dicti
1563 1330 1761 1371 monasterii,
1785 1330 1825 1363 ob
1851 1330 2002 1363 mutatio-

535 1394 608 1416 nem
630 1382 776 1427 superius
797 1383 982 1423 indicatam,
1005 1383 1080 1416 ibid.
1103 1389 1130 1416 et
1152 1384 1178 1416 b.
1203 1383 1376 1425 Gregorius
1397 1384 1460 1416 xlv
1480 1383 1671 1427 protectoris
1692 1389 1720 1416 et
1743 1383 2001 1425 congregationis

536 1437 756 1469 auctoritatem
778 1436 959 1473 confirmat,
992 1437 1067 1469 ibid.
1093 1438 1222 1470 Innovat
1256 1438 1386 1480 insuper
1414 1443 1442 1470 et
1473 1437 1587 1470 iterum
1618 1437 1764 1470 concedit
1790 1442 1819 1469 et
1845 1436 1997 1480 ampliat,

537 1490 612 1522 ibid.
637 1496 665 1522 et
688 1501 750 1533 seq.

447 1543 583 1587 Martyrii
605 1549 814 1576 monumenta
843 1544 873 1576 in
904 1543 995 1576 terris
1022 1544 1133 1577 relicta
1154 1544 1362 1577 christianum
1385 1545 1541 1588 populum
1570 1544 1707 1577 excitant
1732 1545 1770 1577 ad
1801 1543 1999 1577 laudandum

535 1596 634 1629 Deum
656 1596 687 1628 in
706 1596 827 1629 Sanctis
849 1597 924 1635 suis,
945 1598 1049 1640 adque
1069 1597 1197 1630 illorum
1219 1598 1364 1641 exempla
1385 1597 1551 1638 imitanda,
1575 1597 1617 1630 43
1635 1608 1664 1630 (ι.

448 1650 545 1682 Massa
565 1649 630 1691 (dc)
654 1649 791 1682 Thomas
821 1650 1061 1683 commissarius
1092 1650 1250 1693 generalis
1283 1651 1414 1684 fratrum
1447 1651 1605 1684 Minorum
1637 1651 1675 1683 de
1707 1649 1915 1684 Observantia
1940 1659 2000 1693 pro

537 1702 655 1735 familia
676 1702 890 1739 Cismontana.
914 1703 978 1736 *2815
998 1715 1026 1736 a.

448 1755 638 1787 Massiliensc
660 1756 891 1788 monasterium
914 1756 1102 1789 monialium
1124 1758 1153 1789 S.
1179 1758 1361 1797 Salvatoris‚
1386 1758 1514 1791 Ordinis
1531 1757 1561 1791 S.
1586 1757 1748 1791 Benedicti
1773 1756 1996 1801 supprimitur,

537 1807 600 1839 :309
621 1819 650 1840 a.
681 1808 712 1840 V.
738 1809 871 1841 Victoris
892 1809 951 1848 (S.)
973 1810 1211 1843 Monasterium.

448 1861 569 1893 Melitae
592 1861 694 1894 insula
711 1862 794 1894 beati
817 1862 904 1894 Pauli
927 1862 1069 1905 Apostoli
1090 1863 1199 1895 multis
1221 1863 1383 1897 miraculis
1404 1864 1607 1907 perillustris,
1631 1863 1694 1897 407
1715 1875 1744 1897 a.

448 1914 637 1947 Mercatores
657 1914 768 1947 Graeci
790 1916 941 1947 Anconae
973 1922 1212 1949 commorantes
1233 1927 1250 1949 a
1276 1916 1430 1959 Gregorio
1460 1918 1526 1950 XIII
1554 1917 1602 1950 ius
1627 1917 1838 1950 obtinuerunt
1857 1916 1999 1949 habendi

535 1967 699 2011 proprium
722 1968 898 2007 consulem,
916 1967 979 2000 4:30
993 1979 1022 2001 a.
1038 1969 1129 2008 Quod
1147 1975 1178 2002 ct
1196 1969 1300 2003 Sixtus
1323 1970 1344 2002 V
1366 1970 1578 2011 confirmavit,
1597 1971 1672 2003 ibid.
1690 1971 1716 2003 b.
1732 1970 1906 2012 Gregorius
1919 1969 1995 2010 XIV,

536 2020 610 2064 ipsis
623 2021 750 2054 Graecis
773 2022 963 2065 petentibus,
988 2022 1048 2055 boc
1070 2023 1173 2066 ipsum
1195 2023 1322 2064 annuit,
1347 2024 1423 2057 ibid.
1448 2025 1666 2068 Exequutores
1686 2023 1923 2058 constitutionis
1943 2024 1999 2057 de-

536 2079 635 2116 putat,
658 2073 716 2106 451
742 2086 771 2107 a.

448 2126 606 2159 Mexicana
626 2127 781 2171 Synodus.
806 2128 953 2172 Episcopi
972 2129 1061 2172 regni
1084 2130 1232 2163 Mexirani
1254 2131 1411 2175 synodum
1433 2131 1662 2175 provincialem
1681 2137 1867 2173 coegerunt,
1891 2130 1998 2164 edide-

538 2185 674 2223 runtque
695 2181 779 2213 varia
801 2187 927 2219 statuta,
951 2181 1015 2215 350
1039 2194 1077 2219 (ι’,
1101 2194 1182 2227 quae
1200 2185 1334 2217 Romam
1356 2185 1578 2218 confirmanda
1604 2185 1770 2225 miserunt,
1793 2183 1871 2217 ibid.
1895 2183 1998 2217 Sixtus

538 2243 669 2265 examen
697 2244 808 2267 corum
831 2235 989 2268 commisit
1010 2236 1255 2279 Congregationi
1276 2238 1423 2277 Concilii,
1445 2244 1476 2271 et
1496 2238 1528 2271 in
1549 2238 1699 2271 omnibus
1724 2237 1875 2271 Mexicani
1905 2237 1996 2279 regni

537 2285 677 2319 ecclesiis
698 2287 859 2320 observari
880 2289 1052 2332 praecepit,
1074 2290 1151 2322 ibid.
1176 2290 1212 2329 b3
1237 2291 1397 2333 derogans
1418 2291 1596 2332 contrariis,
1621 2292 1698 2324 ibid.

449 2338 638 2376 §laicanae
668 2339 772 2372 Novae
793 2340 963 2384 Hispaniae
983 2348 1014 2375 et
1040 2342 1217 2376 insularum
1249 2344 1508 2388 Philippinarum
1530 2345 1626 2378 maris
1645 2344 1763 2378 Oceani
1788 2343 1995 2378 eeclesiarum

535 2391 712 2435 privilegia,
737 2392 801 2425 124
821 2394 837 2425 b
857 2400 968 2438 etseq.
994 2395 1112 2428 Harum
1145 2398 1354 2430 eeclesiarum
1384 2398 1512 2438 decani,
1544 2398 1762 2432 archidiaconi
1794 2404 1825 2431 et
1850 2396 1995 2431 canonici

536 2455 593 2488 per
614 2450 676 2477 tres
694 2456 819 2479 menses
839 2457 857 2479 a
876 2448 1037 2490 personali
1059 2449 1231 2483 residentia
1253 2451 1446 2491 eximuntur⁷
1470 2451 1535 2484 ‘1⁶24
1554 2452 1580 2485 b.

445 2497 557 2530 Milites
577 2498 746 2531 Lauretani
767 2498 900 2532 biscenti
922 2511 1057 2535 numero
1078 2502 1227 2546 primitus
1248 2515 1265 2536 a
1285 2504 1371 2538 Sixto
1397 2505 1576 2544 constituti,
1601 2505 1716 2539 deinde
1745 2505 1784 2538 ad
1815 2504 1995 2538 biscentum

536 2551 697 2593 sexaginta
718 2552 941 2591 extenduntur,
965 2553 1030 2587 3224
1050 2556 1066 2587 b
1087 2561 1115 2588 et
1133 2567 1197 2600 seq.

448 2602 574 2636 Militiae
595 2604 663 2637 lesu
684 2604 809 2643 Christi,
833 2606 862 2638 S.
884 2606 989 2639 Iacobi
1010 2614 1040 2640 et
1056 2609 1099 2642 De
1120 2609 1202 2642 Avis.
1226 2610 1441 2651 Sebastianus,
1465 2612 1621 2646 Ilenricus
1644 2618 1675 2646 et
1695 2613 1860 2657 Philippus
1884 2613 1996 2647 Portu-

536 2656 650 2699 galliae
671 2662 698 2690 et
721 2657 944 2701 Algarbiorum
976 2671 1065 2704 reges
1093 2663 1247 2696 nonnulla
1269 2664 1407 2698 fecerant
1432 2665 1516 2699 bona
1548 2665 1610 2699 tide
1625 2694 1632 2708 ,
1656 2672 1768 2700 contra
1796 2666 1842 2700 vel
1869 2672 1996 2710 praeter
