2226 3070
50 278 99 304 Αιι.
115 276 143 303 C.
166 275 228 301 1591

49 337 70 355 to
76 333 232 355 castitatisnon

49 363 118 382 tamen
132 359 218 380 solemni
229 375 232 381 .

50 394 95 409 cum
103 386 220 412 neophytis.

107 973 166 1004 Bona
181 973 235 994 male

50 1003 156 1027 acquisfla
187 1006 235 1020 con·

51 1027 151 1049 donandi.

60 1335 199 1360 singulasque
207 1333 237 1354 sa·

53 1361 142 1381 cultates
157 1363 177 1381 et
192 1366 238 1386 gra-

54 1389 94 1408 nas
102 1393 238 1408 :in-:txiann'

53 1415 80 1436 ad
91 1415 148 1435 aliud
163 1415 238 1435 decen—

54 1442 110 1462 nium
138 1447 238 1468 proroga-

55 1471 91 1489 iit.

92 1820 165 1841 Omnia
182 1825 241 1845 prae-

57 1850 114 1869 dicta
132 1847 240 1867 confirmat

58 1874 227 1903 Gregoriusxlv.

849 272 1027 297 GREGORIUS
1046 273 1099 296 XIV
1116 273 1154 296 Pr
1161 289 1166 294 .

248 328 371 362 octavo,
387 322 491 355 eidem
512 321 654 364 generali
667 321 800 365 aliisque
818 321 989 365 peripsum

248 387 284 409 ex
313 375 397 409 dicta
428 375 584 409 Societate
613 374 824 419 deputandis,
854 380 887 407 ut
916 385 989 407 cum

248 429 407 474 neophitis
427 429 562 473 aliisque
582 430 622 462 ad
652 428 750 462 fidem
782 428 932 468 reductis,
954 439 989 460 ex

247 482 429 516 rationabili
451 488 481 515 et
500 482 643 523 legitima
671 492 766 514 causa
794 492 890 525 super
917 486 990 513 voto

247 537 409 576 castitatis,
432 547 498 569 non
517 541 626 569 tamen
647 535 794 575 solemni,
819 546 855 567 ac
876 534 987 567 matri-

248 590 357 624 monio
379 590 417 623 de
444 590 538 629 sacto,
562 594 593 622 et
612 589 643 621 in
674 588 786 621 faciem
808 588 987 626 Ecclesiae,

247 644 311 677 sire
328 644 465 677 scienter
484 643 548 676 sive
566 642 751 685 ignoranter
769 647 945 680 contracto,
962 647 990 674 et

247 698 360 742 quovis
370 697 496 730 occulto
509 696 753 740 impedimento,
765 695 991 739 propterquod

248 752 309 784 tale
340 750 581 783 matrimonium
615 749 646 782 in
682 748 876 782 conscientia
913 754 993 781 esset

248 804 440 843 invalidum,
458 809 487 836 et
509 803 735 836 contrahentes
754 802 821 835 sinc
841 802 992 835 scandalo

249 856 391 902 separari
412 867 478 889 non
498 862 638 900 possent,
663 855 878 900 dispensandi.

297 912 313 953 S
335 909 388 943 26.
409 911 453 943 Ac
473 921 570 954 super
589 909 682 942 bonis
701 909 784 942 male
813 908 989 952 acquisitis,

251 965 291 997 ad
311 975 393 1008 quae
418 963 615 997 restituenda
634 963 693 1007 ipsi
713 962 857 1007 neophiti
882 968 910 995 et
941 961 993 994 alii

251 1018 406 1062 praedicti
432 1017 562 1051 incertis
592 1017 737 1062 personis
768 1016 899 1059 obligati
931 1016 994 1048 exi-

251 1078 381 1113 sterent,
406 1083 478 1104 cum
508 1071 552 1104 eis
584 1072 623 1104 ad
654 1081 750 1114 opera
784 1070 836 1114 pia
860 1080 993 1113 compo-

251 1125 361 1166 nendi,
387 1125 436 1158 vel
462 1124 487 1157 si
508 1124 566 1168 ipsi
586 1123 765 1166 indigerent
789 1123 852 1161 eis,
874 1123 905 1155 in
927 1128 994 1155 toto

251 1180 299 1212 vel
319 1185 409 1223 parte
437 1178 637 1218 remittendi,
661 1178 701 1211 ad
727 1177 918 1211 decennium
948 1178 994 1209 t'a-

252 1234 405 1266 cultatem
426 1231 593 1265 concessit.

297 1288 312 1330 ξ
333 1286 385 1319 ⁶27.
410 1287 448 1319 Et
472 1285 588 1319 deinde
618 1286 657 1318 ad
688 1285 775 1318 aliud
803 1284 995 1318 decennium

253 1340 444 1384 praemissas
465 1350 576 1373 omnes
589 1338 706 1382 gratias
720 1344 750 1371 et
761 1339 927 1372 facultates
939 1349 997 1381 per

254 1394 332 1427 alias
364 1394 483 1427 litteras
515 1393 565 1426 dic
596 1404 640 1427 x11
666 1392 791 1435 augusti
820 1402 993 1431 MDLxxxw,

254 1448 459 1493 pontificatus
472 1448 519 1481 sui
533 1459 617 1481 anno
630 1459 688 1481 x111
697 1447 892 1491 prorogavit,
903 1452 998 1490 prout

254 1502 286 1535 in
297 1502 497 1545 singulorum
512 1501 711 1534 indultorum
725 1500 849 1541 litteris,
861 1511 997 1544 quarum

257 1562 394 1596 tenores,
418 1567 454 1588 ac
474 1555 499 1588 si
521 1555 559 1588 de
579 1555 677 1587 verbo
698 1555 738 1587 ad
758 1554 891 1587 verbum
913 1554 997 1586 inse-

255 1616 421 1650 rerentur,
449 1609 670 1653 praesentibus
701 1619 759 1652 pro
789 1608 943 1651 expressis
969 1614 995 1640 et

256 1663 381 1696 insertis
398 1662 508 1696 haberi
529 1662 676 1695 volumus
696 1667 724 1694 et
746 1661 913 1700 habemus,
930 1661 998 1704 ple-

256 1717 327 1750 nius
345 1716 537 1750 continetur.

302 1772 317 1808 S
335 1769 387 1803 28.
405 1769 507 1809 Quare
526 1779 584 1802 nos
598 1769 798 1802 attendentes
818 1768 905 1811 quod
922 1767 999 1800 ube-

257 1835 308 1857 res
328 1824 447 1856 fructus
468 1823 499 1855 in
528 1822 647 1855 recenti
668 1822 722 1854 illa
741 1822 851 1854 vineae
872 1820 999 1854 Domini

255 1878 403 1922 portione
421 1888 457 1910 ex
476 1876 660 1921 praemissis
681 1882 711 1909 et
731 1876 801 1909 aliis
821 1887 878 1920 per
898 1876 1000 1909 dictos

256 1932 518 1975 praedecessores
555 1930 705 1963 Societati
744 1929 927 1974 praedictae
971 1935 999 1962 et

257 1986 325 2019 eius
345 1985 538 2030 presbyteris
558 1984 727 2025 concessis,
748 1984 780 2016 in
801 1984 868 2017 dies
888 1995 1001 2028 prove-

256 2041 364 2080 niant;
409 2040 616 2082 volentesque
662 2045 834 2083 propterea
876 2044 1001 2082 tempus

258 2096 363 2139 ipsum
393 2100 424 2127 et
452 2093 570 2136 gratias
590 2104 758 2127 concessas
778 2093 947 2136 ampliare,
972 2099 1001 2125 et

257 2160 297 2182 ne
318 2149 444 2182 defectu
464 2147 618 2191 temporis
638 2158 656 2180 a
675 2153 740 2181 tam
760 2147 814 2191 pio
835 2153 866 2180 et
884 2147 998 2180 lauda-

258 2203 314 2236 bili
336 2213 433 2247 opere
454 2202 616 2242 cessetur',
640 2207 671 2234 et
690 2201 767 2234 alias
788 2201 926 2244 desuper
946 2211 1002 2244 op-

259 2262 396 2301 portune
416 2255 600 2300 providere;
623 2254 803 2299 praedictas
831 2259 863 2287 et
891 2265 1003 2287 omnes

260 2310 338 2343 alias
358 2310 523 2343 facultates
541 2319 577 2341 ac
598 2308 774 2352 privilegia,
799 2308 933 2347 indulta,
957 2307 1004 2340 in-

261 2363 440 2406 dulgentias
464 2368 495 2395 et
521 2362 638 2404 gratias
657 2372 715 2405 per
735 2362 836 2395 dictos
857 2362 904 2394 vel
926 2361 1004 2394 alios

261 2417 357 2451 etiam
377 2417 641 2461 praedecessores
662 2422 690 2449 et
718 2427 831 2449 eorum
860 2415 1004 2458 singulos

261 2470 507 2515 quomodolibet
529 2481 696 2504 concessas
720 2475 751 2502 et
777 2480 947 2509 concessa,
968 2480 1005 2502 ac

262 2526 399 2570 desuper
411 2525 572 2558 confectas
584 2524 715 2563 litteras,
731 2523 918 2556 auctoritate
930 2534 1005 2566 apo-

261 2578 384 2618 stolica,
408 2584 520 2611 tenore.
541 2577 768 2622 praesentium,
789 2577 1005 2621 approbamus

262 2638 292 2666 et
309 2632 551 2671 confirmamus,
568 2632 753 2675 supplentes
774 2641 885 2664 omnes
899 2635 927 2662 et
942 2629 1004 2662 sin-

262 2686 353 2730 gulos
374 2691 438 2719 tam
467 2684 544 2718 iuris
575 2695 672 2728 quam
699 2684 771 2717 sacti
800 2684 957 2724 desectus,
980 2683 1005 2716 si

1662 259 1726 292 4953

1024 320 1077 364 qui
1104 321 1133 352 in
1172 320 1290 353 eisdem
1319 325 1346 351 et
1379 317 1463 355 aliis,
1489 318 1616 351 illorum
1641 318 1760 360 rigore,

1023 373 1226 417 subsequutis
1249 371 1486 406 intervenerint.

1069 429 1084 466 S
1106 427 1157 460 29.
1182 428 1215 460 Et
1238 427 1312 470 quia
1344 425 1566 459 concessiones
1587 430 1614 457 et
1646 435 1763 468 proro-

1024 480 1167 522 gationes
1188 479 1440 523 praemissorum
1467 490 1483 511 a
1512 478 1644 511 diversis
1673 488 1766 521 prae-

1025 534 1247 567 decessoribus
1269 533 1386 567 nostris
1412 532 1507 565 variis
1528 538 1557 564 et
1584 531 1768 564 successivis

1026 587 1225 630 temporibus
1257 588 1356 619 saetae
1384 588 1522 625 suerunt,
1548 586 1664 618 adeout
1687 584 1769 617 dissi-

1026 640 1084 672 eile
1106 642 1184 673 t'oret
1209 640 1362 683 ruiti—sque
1392 638 1631 684 prorogationis
1661 638 1771 671 huius-

1026 693 1115 726 modi
1136 693 1233 725 finem
1248 694 1412 726 attendere
1427 698 1454 725 et
1470 698 1668 736 computare,
1684 691 1767 729 ideo,

1026 747 1066 779 ad
1096 747 1270 779 tollendam
1300 757 1429 779 omnem
1466 745 1709 788 ambiguitatem
1742 751 1769 778 et

1027 801 1219 838 molestiam,
1244 801 1467 833 concessiones
1488 811 1615 838 omnes,
1640 800 1678 832 de
1700 799 1771 843 qui-

1027 855 1087 887 bus
1107 866 1214 898 supra,
1232 855 1271 887 ad
1285 854 1395 896 viginti
1413 865 1524 891 annos,
1549 865 1565 886 a
1588 854 1659 886 data
1680 864 1773 897 prac-

1027 909 1165 942 sentium
1186 908 1430 952 computandos,
1447 908 1527 940 infra
1547 918 1629 951 quos
1642 908 1773 951 presby-

1029 962 1088 996 teri
1109 963 1212 995 dictae
1233 961 1398 996 Societatis
1418 967 1445 994 et
1469 961 1521 994 alii
1542 961 1696 1004 praedicti
1730 963 1773 993 t'a-

1028 1016 1198 1049 cultatibus
1217 1022 1245 1049 et
1267 1015 1377 1058 gratiis
1397 1015 1454 1047 sibi
1477 1015 1635 1048 concessis
1664 1026 1773 1058 respe-

1029 1070 1109 1103 ctire
1131 1070 1175 1103 uti
1196 1070 1296 1103 libere
1314 1069 1346 1102 in
1367 1069 1518 1102 omnibus
1541 1074 1569 1101 et
1588 1080 1645 1112 per
1666 1068 1774 1101 onmia

1030 1125 1166 1169 possint,
1202 1125 1287 1157 dicta
1319 1123 1508 1156 auctoritate
1546 1132 1771 1166 prorogamus,

1030 1178 1230 1213 extendimus
1262 1184 1292 1211 et
1320 1177 1512 1221 ampliamus
1539 1182 1584 1215 et,
1618 1181 1775 1219 quatenus

1030 1244 1111 1277 opus
1128 1232 1178 1272 sit,
1204 1232 1242 1265 de
1262 1242 1346 1264 noro
1367 1230 1585 1264 concedimus.

1075 1287 1090 1327 S
1112 1284 1165 1319 30.
1190 1286 1226 1318 Et
1247 1285 1389 1328 insuper,
1407 1283 1482 1327 quia
1499 1295 1516 1315 a
1535 1283 1698 1315 nonnullis
1718 1283 1776 1315 du-

1030 1340 1167 1373 bitatum
1199 1351 1254 1373 seu
1283 1339 1475 1372 haesitatum
1509 1338 1564 1370 suit
1595 1348 1634 1370 an
1665 1348 1776 1370 omnes

1032 1394 1212 1436 indigenae,
1239 1394 1366 1426 illarum
1398 1393 1567 1435 regionum
1586 1391 1715 1424 oriundi
1747 1397 1773 1423 et

1031 1448 1203 1487 naturales,
1219 1453 1247 1479 et
1266 1446 1515 1479 christianorum
1537 1445 1773 1487 indigenarum,

1033 1501 1127 1535 etiam
1148 1501 1383 1544 baptizatorum
1404 1499 1473 1539 tilii,
1495 1499 1590 1532 etiam
1612 1499 1643 1531 in
1664 1509 1777 1531 eorum

1033 1555 1164 1588 infantia
1184 1554 1345 1598 baptizati,
1369 1554 1438 1587 iure
1459 1553 1603 1597 neophiti
1623 1551 1779 1596 appellari

1033 1609 1165 1652 possint,
1189 1614 1285 1652 prout
1305 1608 1471 1651 hueusque
1493 1607 1657 1650 praedicta
1679 1606 1779 1639 facul-

1033 1669 1096 1696 tate
1117 1662 1324 1706 dispensandi
1350 1662 1389 1694 ad
1422 1661 1630 1694 matrimonia
1654 1666 1718 1693 tam
1748 1660 1779 1692 in

1033 1717 1243 1750 orientalibus
1273 1727 1369 1759 quam
1395 1715 1650 1748 occidentalibus
1680 1713 1780 1757 parti-

1033 1772 1092 1803 bus
1113 1776 1238 1803 utentes
1259 1769 1503 1811 intelligendum
1526 1769 1695 1801 duxerunt.
1730 1769 1780 1801 ld—

1034 1825 1120 1858 circo
1141 1830 1252 1857 tenore
1274 1824 1461 1856 earumdem
1483 1822 1701 1866 praesentium
1728 1823 1782 1855 de-

1034 1878 1197 1912 cernimus
1218 1883 1247 1910 et
1268 1877 1481 1914 declaramus,
1500 1887 1612 1909 omnes
1625 1876 1781 1909 oriundos

1034 1943 1090 1965 seu
1128 1931 1290 1964 naturales
1335 1929 1595 1974 supradictarum
1635 1929 1780 1962 omnium

1035 1992 1099 2019 tam
1112 1985 1316 2018 orientalium
1329 1994 1426 2028 quam
1440 1983 1688 2016 occidentalium
1706 1994 1780 2026 par-

1037 2040 1126 2079 tium,
1151 2039 1215 2071 imo
1237 2038 1333 2071 etiam
1364 2037 1389 2070 si
1410 2037 1585 2080 1Etbiopes‚
1608 2036 1777 2078 Angolani,

1035 2094 1083 2126 vel
1106 2091 1292 2137 quarumvis
1322 2091 1459 2124 aliarum
1492 2090 1779 2123 transmarinarum

1036 2146 1217 2189 regionum,
1242 2145 1364 2178 etiamsi
1392 2143 1641 2177 christianorum
1674 2143 1731 2175 tilii
1752 2148 1783 2176 et.

1037 2200 1069 2232 in
1090 2199 1223 2232 infantia
1249 2198 1410 2243 baptizati,
1436 2198 1483 2231 vel
1516 2198 1612 2230 etiam
1641 2197 1724 2230 inter
1750 2210 1782 2230 se

1037 2254 1085 2286 vel
1106 2264 1179 2286 cum
1208 2252 1357 2296 europeis
1375 2251 1497 2284 mixtim
1526 2250 1686 2294 progeniti
1707 2250 1779 2290 sint,

1037 2306 1216 2351 praesentis
1227 2305 1466 2349 prorogationis
1477 2311 1621 2349 tempore
1634 2305 1780 2342 durante,

1039 2366 1069 2393 et
1097 2360 1137 2393 ad
1168 2359 1383 2393 concessionis
1414 2358 1600 2391 huiusmodi
1621 2358 1781 2397 effectum,

1038 2426 1106 2448 csse
1127 2420 1154 2447 et
1179 2414 1312 2456 intelligi
1333 2414 1450 2447 debere
1471 2412 1650 2456 neophitos,
1666 2412 1784 2445 dictos-

1039 2480 1100 2512 que
1122 2469 1325 2512 presbyteros
1354 2478 1426 2500 rum
1457 2466 1658 2504 huiusmodi,
1683 2471 1715 2498 ut
1736 2466 1783 2498 vel

1040 2521 1247 2555 matrimonio
1269 2521 1431 2563 coniungi,
1456 2521 1503 2553 vel
1525 2520 1556 2552 in
1575 2520 1637 2552 iam
1658 2525 1785 2552 contra-

1040 2581 1089 2609 cto
1112 2586 1278 2608 remanere
1310 2574 1447 2618 possint,
1471 2574 1535 2607 sive
1566 2584 1679 2607 eornm
1704 2573 1784 2605 alter

1042 2635 1175 2667 tantum,
1207 2629 1270 2662 sire
1291 2629 1387 2662 etiam
1408 2634 1544 2672 uterque
1571 2627 1645 2660 inde
1672 2626 1783 2659 oriun-

1040 2684 1109 2723 dus,
1133 2695 1169 2716 ac
1189 2683 1321 2727 proprie
1342 2682 1493 2725 indigena
1518 2681 1567 2721 sit,
1589 2681 1621 2713 in
1653 2680 1784 2725 quibus-

1775 268 1823 295 An.
1846 267 1955 295 (21:391

1809 437 1830 457 tit
1849 437 1875 456 ad
1892 443 1914 455 xx
1931 442 1964 456 an-

1783 470 1818 484 nus
1834 465 1940 489 profugat.

1818 1292 1855 1315 Qut
1873 1292 1910 1311 >nb
1925 1297 1975 1311 neo-

1791 1319 1975 1344 {vli)t‹=rtiiiin·‘=nii-

1792 1352 1816 1365 n·-
1826 1345 1975 1370 cmnpraehssn-

1792 1373 1811 1392 ili
1828 1372 1917 1392 debeant
1926 1388 1930 1394 ,
1941 1371 1976 1391 ‹le-

1792 1400 1843 1421 sunt.
1854 1405 1891 1424 pru
1906 1398 1976 1418 matri·

1793 1425 1918 1445 inanitatibus
1929 1431 1976 1444 con-

1793 1452 1893 1472 cudendi<
1936 1452 1977 1470 ili>-

1793 1478 1958 1505 pens-itionibus.
