2226 3070
1971 219 2023 246 An.
2041 218 2070 246 C.
2087 218 2156 246 1588

1985 279 2055 306 Papae
2070 278 2145 299 subscr

455 230 495 263 20

409 291 491 333 ginis
510 290 710 329 Visitatione‚
735 298 809 321 cum
830 287 861 320 S.
879 285 989 319 Didaci
1017 292 1160 316 comme—

411 344 602 383 moratione,
623 354 680 375 nos
698 341 757 385 ipsi
786 339 1030 376 celebravimus,
1054 334 1160 367 tideli-

409 399 544 441 husque,
563 396 619 440 qui
637 403 698 428 tam
716 395 787 438 piae
805 399 833 425 et
855 392 1022 434 religiosae
1043 386 1161 421 actioni

409 456 440 483 et
464 455 669 483 sacrosancto
689 446 849 480 sacrificio
873 445 983 477 devote
1006 440 1161 474 interfue-

409 508 492 543 rant,
515 503 553 535 ad
574 502 628 535 Dei
650 507 679 533 et
699 500 806 533 Sancti
821 498 870 531 sui
888 496 1024 540 gloriam
1045 500 1076 528 ct.
1095 493 1163 526 lau-

409 557 482 589 dem
514 555 694 600 plenariam
731 550 966 594 indulgentiam
1000 545 1162 581 concessi-

410 620 494 642 mus.

454 664 469 705 ξ
493 662 546 695 31.
575 662 693 694 Omnes
722 659 820 702 igitur
838 657 940 690 Deum
962 655 1044 689 coeli
1063 654 1163 688 bene-

351 724 395 748 de-
411 716 578 755 dieamus,
610 720 637 746 et
667 722 777 745 eoram
807 710 960 744 omnibus
984 707 1165 741 viventibus

212 756 396 808 iiusscoliiss'ssiiis
411 767 680 806 confiteamurlii,
689 766 764 809 quia
776 765 850 798 fecit
864 764 1033 797 no‘biscum
1042 761 1165 795 miseri-

213 820 342 869 3jfss¹¹¹ss¹5fdfi¹5
359 822 396 867 ''0‘2'
412 821 556 855 cordiam
577 831 682 860 suam,
709 828 990 862 agnoscamusque
1010 826 1076 848 non
1097 814 1165 847 siue

414 885 530 918 magna
550 875 604 908 Dei
627 873 827 917 providentia
847 872 967 905 factum
987 880 1056 903 esse
1069 874 1105 901 ut
1120 867 1166 900 hi-

209 243 260 270 An.
279 241 307 269 C.
328 242 392 269 1588
1001 230 1182 256 BULLARIUM
1206 228 1358 273 notamen

1264 282 1287 319 †
1311 278 1377 320 Ego
1397 277 1506 310 Sixrus
1531 275 1710 309 catholicae
1729 274 1894 308 Ecclesiae

1490 329 1672 372 episcopus.

1227 386 1413 428 Sequuntur
1431 383 1652 416 eurdinuliuvn
1677 382 1933 424 subscript-iones,

1275 442 1339 472 llat.
1360 441 1407 471 die
1425 440 1443 470 ⁶2
1466 440 1532 470 iulii
1552 439 1640 476 1588,
1662 439 1766 478 pontis.
1787 448 1834 468 an.
1855 447 1894 468 iv.

1516 605 1646 639 CXXIX.

1205 691 1387 724 Mandatur
1404 691 1551 724 omnibus
1566 691 1848 733 congyreqatitmum
1866 688 1961 721 Lute-

1251 746 1401 777 rancnsis
1417 771 1424 784 ,
1463 743 1684 783 cassinensis,
1722 742 1960 776 Cartlzusiano-

1252 808 1335 837 rum,
1358 797 1669 836 Cumutdulensium,
1691 795 1813 828 Montis
1835 795 1962 833 oliveti,

1251 850 1368 884 Sancti
1387 851 1480 883 Petri
1489 850 1532 882 ad
1550 849 1698 888 Vincula,
1711 847 1963 890 Cruciserorum,

244 729 323 745 {liunus

250 2167 357 2191 {lutusque
366 2162 408 2182 hul-

224 2196 347 2217 laem-*indat
355 2197 410 2213 trau-

225 2228 314 2254 sumptis
330 2226 373 2246 dari
385 2225 408 2245 ti-

226 2262 279 2280 dein.

251 2321 338 2341 Sancus·
349 2323 408 2345 pne-

225 2353 286 2373 nalis.

212 880 306 900 randum.

412 939 465 963 sce
484 928 610 962 afflictis
636 927 831 960 christianae
858 924 1059 968 reipublicae
1087 927 1167 954 tem-

412 982 543 1026 poribus
558 1009 565 1023 ,
592 981 711 1024 quihus
739 979 875 1013 maxime
896 976 1069 1020 multiplici
1089 975 1167 1009 San-

413 1042 540 1069 ctorum
565 1034 719 1077 suffragio
749 1033 934 1075 indigemus
951 1058 958 1071 ,
984 1040 1085 1063 novus
1115 1028 1167 1061 hie

414 1089 607 1132 suffragator
629 1094 659 1121 et
679 1092 836 1131 patronus
856 1084 945 1118 fideli
966 1083 1088 1127 populo
1110 1081 1166 1114 tri-

413 1144 580 1176 bueretur.
604 1142 640 1174 Et
660 1151 719 1174 nos
735 1149 878 1184 quoque,
901 1137 957 1181 qui
977 1137 1011 1169 in
1032 1137 1092 1168 hac
1113 1146 1168 1179 pa-

413 1196 523 1229 storali
545 1195 693 1233 statione,
720 1194 752 1226 in
779 1204 841 1236 qna
874 1202 934 1225 nos
960 1191 1043 1223 Deus
1070 1190 1169 1222 eollo-

414 1250 517 1289 cavit‚
546 1249 584 1281 de
620 1246 760 1280 universi
790 1245 897 1288 gregis
916 1242 1045 1277 Domini
1066 1243 1168 1275 salute

414 1303 512 1343 anxii,
535 1302 603 1335 dies
622 1307 798 1344 noctesque
831 1298 1080 1342 pervigilamus,
1112 1296 1168 1328 Dei

413 1368 489 1399 erga
509 1366 567 1388 nos
587 1355 785 1397 singularem
806 1351 1010 1385 elementiam
1022 1349 1170 1392 agnosci-

415 1421 498 1449 mus,
520 1409 576 1452 qui
598 1414 666 1452 post
693 1413 739 1441 tot
768 1405 971 1439 beatissimos
996 1403 1169 1437 Pontifices

414 1463 680 1507 praedecessores
713 1466 839 1494 nostros
865 1458 959 1491 nobis
990 1456 1170 1490 humilibus

415 1517 512 1549 huius
544 1516 650 1559 magui
677 1515 786 1559 operis
806 1512 1044 1546 absolutionem
1067 1521 1171 1544 reser-

416 1571 544 1610 vaverit,
567 1570 622 1613 qui
641 1580 715 1602 enm
736 1568 853 1602 Sancto
875 1577 933 1600 suo
959 1565 1103 1599 eiusdem
1120 1575 1170 1597 se-

419 1624 557 1666 raphiefe
570 1622 744 1666 Religionis
752 1621 983 1655 communione
993 1618 1169 1652 consociati

418 1689 541 1711 sumus.
553 1677 769 1716 Quamobrem
781 1674 931 1708 eumdem
940 1673 1067 1706 Patrem
1081 1672 1172 1704 mise-

420 1731 651 1770 ricordiarum,
665 1730 721 1773 qui
734 1728 873 1762 humiles
886 1728 1015 1767 exaltat,
1037 1725 1171 1759 humili-

420 1791 467 1817 ter
487 1784 714 1827 deprecemur,
742 1788 777 1815 ut
802 1792 860 1825 pei·
881 1779 995 1814 merita
1019 1785 1048 1812 et
1070 1779 1171 1811 inter-

419 1838 597 1872 cessionem
627 1835 727 1869 sancti
753 1834 881 1875 Dictaei,
908 1832 1071 1866 Ecclesiae
1097 1841 1173 1864 suae

419 1902 532 1935 pacem
550 1896 581 1924 et
597 1889 879 1933 tranquillitatem,
896 1886 1028 1929 regibus
1045 1891 1075 1918 et
1086 1885 1173 1928 prin-

420 1944 546 1988 cipibus
564 1943 747 1976 christianis
772 1941 940 1979 unionem,
962 1939 1058 1972 vitam
1079 1944 1107 1972 et
1131 1938 1174 1971 fe-

420 1998 586 2037 licitatem,
609 1996 736 2029 miseris
757 2000 787 2028 et
800 1993 982 2028 obcaecatis
996 1993 1102 2026 lucem
1125 2002 1174 2025 ca-

423 2051 562 2084 tholicae
585 2050 726 2084 veritatis
747 2048 915 2091 largiatur.

467 2105 481 2148 ξ
505 2103 559 2137 3-2.
587 2104 748 2143 Ceterum,
770 2102 846 2146 quia
867 2101 964 2135 nimis
985 2100 1115 2134 difficile
1131 2100 1176 2132 so-

423 2164 468 2190 ret
501 2163 685 2201 praesentes
716 2155 1034 2198 nostras'originales
1053 2154 1176 2187 litteras

423 2212 462 2244 ad
483 2211 609 2254 singula
633 2211 716 2250 loen,
741 2209 794 2242 ubi
819 2220 900 2253 opus
920 2214 1015 2248 esset,
1047 2207 1176 2247 deferri,

424 2271 572 2303 volumus
593 2275 626 2302 ut
648 2279 759 2301 earum
781 2267 1002 2311 transumptis,
1024 2271 1081 2299 etc.

470 2329 485 2371 g
509 2327 563 2361 33.
591 2327 677 2360 Nulli
698 2337 787 2370 ergo,
805 2331 862 2359 etc.

469 2387 583 2419 Datum
604 2386 724 2419 Romae
751 2385 836 2429 apud
857 2385 1009 2418 Sanctum
1030 2383 1174 2424 Petrum,

425 2455 510 2478 anno
550 2443 784 2477 incarnationis
826 2442 1009 2475 dominicae
1043 2441 1177 2475 millesi-

426 2513 479 2536 mo
508 2502 767 2547 quingentesimo
801 2501 1020 2544 octuagesimo
1050 2506 1175 2541 octavo,

426 2568 513 2596 sexto
533 2572 634 2595 nonas
655 2561 737 2601 iulii,
755 2559 960 2604 pontificatus
974 2558 1074 2592 nostri
1092 2569 1176 2592 anno

426 2625 554 2665 quarto.

1251 903 1368 937 Sancti
1387 904 1570 937 Salvatoris
1590 904 1623 936 in
1645 903 1764 942 Lauro,
1792 906 1822 934 ct
1847 901 1965 935 Sancti

1254 957 1384 1000 Greiyae'i
1410 959 1444 990 in
1471 957 1553 1000 Alyu
1582 956 1772 995 abbatibus,
1799 955 1965 998 praeposi-

1254 1011 1305 1050 tis,
1325 1011 1486 1053 prioribus
1505 1021 1542 1043 ac
1559 1009 1730 1043 abbatissis
1749 1009 1963 1051 etpriorissis,

1254 1068 1411 1107 qmuenus
1444 1063 1667 1097 inventarium
1698 1063 1865 1102 bonorum,
1897 1061 1966 1094 red-

1255 1119 1359 1150 ituum
1386 1129 1422 1151 ae
1446 1119 1683 1161 scripturarum
1706 1116 1913 1149 eeclesiarum
1937 1119 1966 1148 et

1256 1172 1529 1204 ›nonasteri01·um
1547 1181 1679 1203 suorum
1707 1169 1877 1213 respective
1903 1167 1964 1201 Or-

1255 1225 1372 1258 dinam
1396 1226 1570 1268 conficere,
1604 1224 1721 1268 illaque
1747 1223 1789 1256 ad
1816 1222 1967 1255 arclziria

1257 1279 1525 1311 monasteriorum
1552 1289 1628 1311 suae
1647 1275 1909 1320 conareyationis
1930 1275 1967 1307 in

1258 1331 1338 1364 Urbe
1355 1333 1529 1365 existentia
1549 1332 1673 1374 deferre
1692 1333 1816 1364 curent.

1233 1424 1330 1453 sixtus
1348 1425 1419 1460 Papa
1435 1425 1464 1457 V,
1487 1426 1520 1455 ad
1539 1427 1702 1461 perpetuam
1721 1426 1763 1454 rei
1777 1426 1948 1455 memoriam.

1268 1510 1466 1553 legularium
1482 1520 1708 1554 personarum,
1724 1522 1783 1554 pro
1795 1511 1968 1545 commisso

1212 1563 1306 1596 nohis
1323 1563 1443 1603 officio,
1466 1563 1567 1607 quieti
1594 1564 1765 1597 consulere
1785 1564 1966 1608 cupientes,

1213 1617 1252 1649 ad
1271 1627 1307 1649 ea
1328 1617 1534 1657 removenda,
1553 1628 1635 1660 quae
1652 1617 1839 1661 religiosum
1853 1628 1967 1651 eorum

1213 1670 1414 1713 propositum
1436 1670 1595 1714 impedire
1615 1677 1762 1714 possunt,
1785 1682 1897 1705 curam
1911 1681 1968 1704 no·

1213 1729 1311 1756 stram
1332 1723 1471 1757 libenter
1491 1724 1721 1767 impendimus.

1257 1778 1273 1821 ξ
1297 1777 1329 1810 l.
1356 1777 1392 1810 Et
1423 1777 1583 1820 siquidem
1605 1788 1663 1810 nos
1682 1788 1788 1821 nuper
1809 1789 1847 1811 ex
1872 1778 1970 1812 certis

1214 1830 1428 1864 rationalibus
1445 1831 1563 1871 causis,
1582 1831 1620 1864 ad
1638 1831 1803 1874 publicam
1824 1831 1968 1875 quietem

1215 1889 1245 1917 et
1265 1884 1473 1917 commodum
1495 1884 1634 1917 universi
1655 1885 1734 1917 cleri
1749 1885 1925 1919 saecularis
1939 1891 1971 1919 et

1216 1938 1385 1981 regularis,
1406 1938 1505 1971 totius
1530 1938 1664 1971 archivii
1684 1938 1845 1982 generalis
1865 1939 1970 1972 eccle-

1216 1992 1334 2025 siastici
1363 1997 1459 2035 atque
1479 1992 1578 2025 officii
1597 1992 1788 2026 archivistae
1809 1993 1972 2035 generalis

1217 2045 1425 2085 erectionem,
1449 2046 1660 2087 creationem,
1683 2046 1921 2080 institutionem
1941 2052 1972 2079 et

1217 2099 1461 2143 deputationem
1482 2100 1522 2132 de
1547 2110 1686 2144 persona
1697 2100 1890 2133 venerabilis
1905 2101 1971 2133 sra-

1218 2153 1274 2185 tris
1294 2153 1366 2186 Iulii
1398 2152 1542 2186 Caesaris
1565 2153 1709 2197 episcopi
1739 2152 1915 2186 Triventin.
1939 2153 1971 2186 in

1219 2207 1425 2240 archivistam
1435 2206 1619 2250 generalem
1632 2211 1725 2239 antea
1735 2216 1793 2249 per
1804 2216 1863 2240 nos
1873 2206 1973 2240 saetas

1219 2260 1406 2303 litterasque
1427 2260 1621 2304 apostolicas
1640 2259 1781 2303 desuper
1795 2259 1970 2300 consectas,

1220 2321 1250 2347 ct
1269 2314 1343 2347 inde
1355 2319 1465 2346 secuta
1481 2323 1720 2357 quaecumque,
1736 2318 1827 2345 motu
1839 2312 1974 2357 proprio

1219 2374 1247 2401 et
1267 2378 1303 2401 ex
1324 2373 1433 2400 nostra
1453 2372 1540 2400 certa
1569 2366 1704 2399 scientia
1726 2376 1763 2399 ae
1783 2366 1824 2399 de
1845 2372 1973 2410 aposto-

1220 2417 1300 2450 lieae
1320 2416 1484 2460 potestatis
1503 2415 1719 2459 plenitudiue,
1741 2420 1900 2459 perpetuo
1919 2425 1972 2448 re-

1219 2466 1451 2505 vocaverimus,
1478 2465 1686 2508 officiumque
1711 2465 1814 2508 ipsius
1837 2463 1973 2498 archivii

1219 2521 1249 2549 et
1269 2515 1459 2548 archivistae
1486 2513 1646 2557 generalis
1672 2524 1708 2547 ac
1739 2513 1826 2547 illius
1852 2523 1972 2547 nomen

1218 2571 1377 2608 perpetuo
1394 2563 1670 2608 suppresserimus
1687 2568 1717 2596 et
1728 2562 1970 2603 extinxerimus;

1219 2614 1411 2647 mandamus
1439 2612 1599 2646 universis
1624 2618 1652 2645 et
1675 2611 1812 2655 singulis
1831 2611 1972 2656 patriar-

2009 1515 2129 1536 Exordium.

2010 1790 2082 1811 smus
2098 1791 2169 1811 offiti-

1984 1829 2017 1842 um
2038 1823 2167 1844 arel-ivistae

1987 1853 2096 1879 generalis
2103 1855 2170 1874 omui-

1985 1891 2018 1905 um
2068 1885 2168 1906 ominum

1985 1917 2112 1943 suppressit.
