2226 3070
0 311 184 341 An.C.1592

53 1650 189 1679 Privilegiuni

60 1683 101 1698 non
137 1682 189 1701 Γεμι-

5 1703 92 1725 sti-andi.

27 2076 138 2097 clausulae
154 2076 191 2096 lm-

7 2103 40 2124 tus
48 2103 192 2133 concessionis

7 2132 188 2156 ΙΠὮΘΒΒΙὟΞῙΙΥ-ΊΕ.

815 308 961 333 CLEMENS

198 359 420 394 ecclesiasticis
440 370 497 404 per
528 359 658 393 eosdem
688 358 895 391 conclavistas
916 359 964 391 et¹

199 425 312 448 eorum
330 414 473 456 singulos
494 412 711 450 nominandis,
731 412 826 444 etiam
849 422 964 455 quae-,

200 479 351 513 cumque,
375 473 594 512 quotcumque
625 472 655 500 et
696 466 945 510 qualiacumque

200 521 357 555 beneficia
374 521 589 554 ecclesiastiea
610 519 829 553 obtinentibus
847 525 875 551 et
895 529 947 551 ex-

199 575 412 618 pectantibus,
427 574 576 607 similiter
596 573 651 610 eis,
671 573 777 616 quoad
798 572 942 609 vixerint,

200 629 246 662 vel
265 639 378 662 eorum
400 628 665 672 procuratoribus
686 627 853 669 legitimis,
885 626 946 658 eis-

200 682 273 715 dem
293 682 390 715 modo
411 687 439 714 ct
463 682 567 714 forma
591 681 707 724 quibus
728 680 849 713 eisdem
871 690 947 712 con-

200 735 336 768 clavistis
364 742 543 769 reservatae
563 735 612 767 vel
642 733 792 767 reservati
815 733 943 771 suerint,

200 789 295 822 etiam
317 790 437 833 absque
463 789 622 822 beneficia
643 789 711 832 ipsa
731 787 945 822 obtinentium

201 853 370 881 consensu,
395 843 517 885 integre
538 842 777 886 persolvendas,
801 852 857 874 seu
889 852 947 884 per

201 907 255 930 eos
275 897 406 940 propria
427 897 616 930 auctoritate
628 895 864 940 percipiendas,
881 894 946 927 exi-

201 951 321 994 gendas
335 956 363 984 et
378 951 540 989 levandas,
550 960 726 989 reservare,
737 949 943 985 constituere.

201 1005 379 1038 concedere
397 1010 428 1037 et
449 1003 610 1046 assignare
628 1003 729 1036 libere
743 1008 774 1035 ct
790 1002 875 1035 licite
894 1013 946 1035 va-

202 1059 297 1097 leant,
319 1057 527 1091 concedimus
547 1062 577 1090 et
598 1057 813 1099 indulgemus.
834 1056 949 1088 Decer-

201 1115 313 1142 nentes
330 1109 414 1153 ipsas
433 1108 657 1141 translationes
678 1113 706 1140 et
727 1117 825 1139 novas
846 1117 949 1139 reser-

202 1162 355 1202 vationes,
379 1162 624 1195 constitutiones
655 1167 682 1194 et
716 1161 967 1203 assignationes,

202 1217 394 1261 pensionum
423 1227 479 1249 seu
511 1216 688 1253 fructuum,
713 1215 896 1248 reddituum
919 1220 945 1247 et

202 1276 416 1314 proventuum
445 1269 630 1302 huiusmodi
662 1269 790 1312 plenam
823 1263 967 1301 roborisl

202 1323 386 1357 firmitatem
419 1322 586 1362 obtinere;
610 1322 744 1366 ipsaque
776 1322 945 1359 beneficia,

201 1388 298 1420 super
329 1387 469 1420 quorum
500 1375 676 1412 fructibus,
712 1375 892 1408 redditibus
918 1381 968 1412 cti

202 1432 411 1475 proventibus
431 1436 591 1464 reservata
609 1431 737 1468 suerint,
753 1430 945 1471 obtinentes,

203 1485 243 1518 ad
263 1485 333 1518 illas
353 1485 580 1529 persolvendas
601 1484 774 1517 efficaciter
792 1483 950 1525 obligatos
967 1500 968 1508 κ

205 1539 284 1572 fore.

249 1591 264 1633 ,ξ
282 1589 334 1623 tt).
358 1591 489 1623 Necnon
511 1591 641 1623 eosdem
663 1590 872 1623 conclavistas
890 1600 947 1622 eo-

204 1654 316 1676 rumve
337 1643 478 1687 aliquem
499 1643 539 1676 ad
560 1649 743 1687 praesentes
774 1643 894 1676 litteras
920 1642 949 1674 in

205 1697 337 1730 Camera
368 1697 534 1741 praedicta
566 1696 789 1736 insinuandas,
813 1702 865 1729 aut
897 1696 951 1729 ad-

208 1751 288 1783 mitti
310 1756 338 1783 et
360 1750 524 1793 registrari
545 1751 720 1794 petendum
751 1749 884 1782 minime
907 1750 971 1782 te-*

207 1804 286 1841 neri.
309 1814 368 1837 nec
389 1804 468 1842 illas,
493 1804 616 1836 etiamsi
646 1804 729 1836 iutra
750 1809 876 1847 tempus
900 1803 948 1835 le-

206 1858 355 1900 gitimum
383 1857 573 1895 insinuatae,
597 1857 755 1890 admissae
787 1863 841 1890 aut
870 1857 953 1899 regi-

206 1916 322 1944 stratae
334 1920 398 1943 non
417 1910 544 1949 fuerint,
560 1910 666 1943 minus
681 1910 800 1943 validas
813 1910 948 1949 censeri,

206 1965 261 1997 sed
281 1975 355 1997 suos
375 1964 537 2008 plenarios
551 1964 683 1998 effectus
696 1964 802 1997 sortiri
819 1964 948 1997 debere.

252 2021 267 2060 ξ
292 2018 341 2051 ll.
366 2020 410 2051 Ac
430 2018 557 2051 easdem
579 2023 762 2062 praesentes
792 2024 819 2050 et
848 2018 879 2050 in
909 2018 953 2051 eis

207 2079 356 2106 contenta
376 2082 610 2116 quaecumque,
634 2073 693 2105 sub
718 2072 881 2115 quibusvis
902 2083 952 2105 re-

208 2126 440 2166 vocationibus,
475 2126 756 2170 suspensiouilms,
791 2126 953 2159 limitatio-

208 2179 312 2220 nibus,
337 2179 643 2215 modificationibus,
668 2178 804 2212 decretis
826 2185 856 2212 et
877 2189 953 2212 con-

209 2233 428 2267 stitutionibus
451 2232 635 2276 apostolicis
655 2232 808 2265 similium
836 2233 954 2274 gratia-

208 2298 279 2320 rum
309 2286 529 2325 revocatoriis,
553 2286 601 2319 vel
622 2297 704 2330 quae
737 2286 806 2318 illas
837 2286 954 2319 limita-

208 2347 277 2374 rent
300 2346 354 2374 aut
374 2340 631 2379 moderarentur,
656 2350 737 2383 quae
766 2350 784 2372 a
811 2340 903 2373 nobis
924 2346 954 2373 et

208 2394 292 2428 dicta
312 2394 394 2427 Sede
411 2404 469 2438 pro
491 2399 636 2438 tempore
666 2399 691 2426 et
726 2404 761 2425 ex
790 2394 953 2437 quibusvis

209 2448 322 2489 causis,
338 2448 433 2481 etiam
445 2447 692 2490 urgentissimis,
710 2453 740 2480 et.
761 2447 791 2480 in
811 2448 952 2481 savorem

209 2502 284 2535 fidei
305 2513 340 2535 ac
361 2501 460 2535 dix-ini
484 2501 587 2534 cultus
611 2508 836 2544 augmentum,
858 2502 953 2535 etiam

209 2554 473 2588 consistorialiter
493 2555 540 2586 vel
573 2554 652 2587 alias
683 2555 792 2598 quavis
817 2555 955 2588 auctori-

211 2615 274 2643 tate
293 2609 448 2643 hactenus
468 2609 516 2642 vel
546 2609 758 2652 imposterum
785 2619 955 2643 emanare-

212 2662 287 2703 rim,
303 2661 564 2706 comprehensas,
577 2662 633 2695 sed
646 2661 772 2706 quoties
786 2661 859 2695 illae
871 2672 957 2695 ema-

210 2715 344 2757 nabunt‚
368 2715 461 2750 toties
481 2715 609 2749 easdem
638 2722 820 2760 praesentes
842 2716 871 2748 in
893 2716 958 2760 pri-

265 2779 341 2807 Bull.
360 2779 442 2806 Rom.
465 2779 525 2808 Vol.
543 2778 584 2806 IX
834 2778 865 2806 81

981 307 1038 331 vui
1059 306 1110 330 pe.
1631 292 1688 325 6411

979 355 1096 388 stinum
1118 359 1235 387 statum
1267 351 1422 396 repositas
1454 357 1483 383 et
1516 351 1724 390 reintegratas

980 420 1047 440 esse
1069 419 1105 441 ac
1123 407 1258 441 censeri.

1026 464 1040 504 ξ
1065 462 1116 494 12.
1141 462 1256 504 Sicque
1283 471 1340 504 per
1361 469 1582 503 quoscumque
1606 457 1725 490 iudices
1769 472 1817 488 m„
1834 477 1866 489 ...
1890 477 1915 488 Η,

981 523 1008 549 et
1031 514 1281 551 commissarios,
1306 514 1336 546 in
1358 512 1468 557 quavis
1490 522 1585 544 causa
1608 511 1653 543 vel
1678 511 1725 542 iu-
1750 504 1758 515 '¹
1779 504 1782 514 ¹

980 569 1106 605 stantia,
1122 569 1247 601 sublata
1267 567 1311 600 eis
1325 573 1352 599 et
1369 577 1481 598 eorum
1503 565 1631 598 cuilibet
1650 575 1728 607 qua-

981 623 1024 655 vis
1045 622 1137 655 aliter
1158 621 1320 654 iudicandi
1334 626 1363 652 et
1379 618 1609 662 interpretandi
1630 618 1728 650 facul-

982 682 1044 709 tate
1076 683 1104 709 ct
1135 675 1336 711 auctoritate,
1370 673 1503 706 iudicari
1537 678 1563 705 et
1600 671 1727 704 definiri

981 730 1116 766 dehere‘,
1139 728 1265 761 irritum
1279 738 1408 771 quoque
1431 733 1458 759 et
1480 726 1573 759 inane
1594 725 1618 758 si
1637 735 1728 757 secus

981 794 1076 827 super
1097 783 1145 815 bis
1159 793 1176 815 a
1197 792 1373 825 quoquam,
1395 780 1505 824 quavis
1523 778 1724 815 auctoritate,

981 837 1118 870 scienter
1154 836 1200 868 rel
1238 836 1445 877 ignoranter,
1481 833 1651 875 eontigerit
1681 838 1726 865 at-

982 891 1107 924 tentari.

1026 946 1040 987 ξ
1059 944 1110 977 ta.
1134 944 1292 983 Quocirca
1306 942 1497 975 mandamus
1509 940 1633 974 dilectis
1654 940 1728 973 filiis

981 997 1239 1031 rescribendario
1260 1003 1291 1030 et
1310 994 1525 1039 computatori
1548 995 1725 1027 litterarum

982 1052 1232 1096 apostolicarum
1264 1049 1470 1092 scriptorum,
1504 1060 1539 1080 ae
1573 1048 1653 1085 aliis,
1689 1048 1727 1079 ad

982 1116 1063 1149 quos
1081 1105 1228 1149 pertinet,
1246 1104 1276 1135 in
1296 1104 1409 1135 virtute
1431 1108 1558 1134 sanetae
1576 1100 1729 1133 obedien-

983 1160 1056 1195 tiae,
1078 1164 1105 1191 et
1125 1158 1183 1191 sub
1205 1168 1308 1201 poena
1331 1155 1561 1197 indignationis
1588 1160 1726 1190 nostrae,

965 1219 1013 1245 'ut
1048 1213 1169 1245 litteras
1198 1211 1390 1255 apostolicas
1417 1220 1515 1253 super
1545 1207 1730 1252 praemissis

982 1266 1133 1299 omnibus
1147 1272 1174 1299 et
1188 1265 1333 1308 singulis,
1344 1270 1407 1297 tam
1420 1263 1618 1296 coniunctim
1633 1272 1730 1306 quam

983 1320 1120 1359 dix-isim,
1145 1330 1180 1351 ae
1202 1329 1259 1362 pro
1280 1317 1425 1357 sine-ulis,
1442 1316 1558 1360 quibus
1579 1326 1730 1349 concessa

983 1374 1055 1411 sint,
1070 1379 1099 1406 et
1118 1383 1262 1405 seorsum
1278 1383 1314 1405 ae.
1331 1371 1515 1415 separatim,
1540 1381 1612 1402 cum
1628 1369 1731 1402 omni-

984 1427 1043 1459 bus
1064 1432 1091 1459 et
1109 1426 1367 1470 quilmscumque
1386 1423 1660 1465 derogationibus,
1678 1423 1732 1455 de-

984 1480 1079 1513 cretis
1099 1486 1126 1512 et
1151 1479 1301 1512 clausulis
1322 1479 1351 1511 in
1375 1478 1419 1511 eis
1441 1477 1610 1516 contentis,
1635 1476 1732 1518 gratis

985 1534 1024 1567 de
1045 1534 1196 1566 mandato
1227 1538 1336 1565 nostro
1366 1532 1486 1575 ubique
1520 1531 1549 1563 in
1581 1530 1732 1563 omnibus

985 1587 1109 1624 officiis,
1133 1588 1229 1620 etiam
1248 1586 1522 1625 ablueviatorum,
1547 1584 1733 1617 sollicitato—

988 1652 1069 1681 rum,
1093 1640 1354 1678 secretariorum,
1378 1639 1569 1683 plumbique
1591 1645 1618 1671 et
1648 1638 1732 1680 regi-

985 1694 1053 1733 stri,
1079 1694 1200 1737 absque
1221 1694 1282 1726 alia
1310 1693 1520 1737 pecuniarum
1553 1691 1730 1731 exactione,

986 1749 1081 1782 etiam
1103 1759 1160 1791 per
1188 1748 1270 1780 viam
1303 1746 1546 1790 compositionis
1575 1745 1730 1783 facienda,

986 1802 1073 1835 omni
1095 1801 1351 1835 contradictione
1383 1806 1411 1833 et
1434 1799 1587 1832 dilatione
1609 1809 1735 1832 cessan-

988 1856 1081 1893 tibus,
1106 1854 1243 1897 signent,
1266 1854 1437 1898 expediant
1465 1859 1496 1886 et
1523 1852 1665 1896 expediri
1688 1853 1734 1885 fa-

987 1910 1081 1943 ciant.
1125 1909 1255 1942 Necnon
1300 1907 1538 1941 venerabilibus
1584 1906 1735 1939 fratribus

986 1962 1187 1996 Amerinensi
1209 1969 1237 1995 et
1259 1961 1476 1996 Camerinensi
1502 1960 1675 2004 episcopis,
1700 1970 1735 1993 ac

987 2016 1103 2048 dilecto
1135 2015 1202 2049 filio
1234 2015 1347 2049 Curiae
1384 2025 1552 2048 causarum
1583 2014 1734 2046 Gamerae

987 2069 1190 2113 Apostolicae
1220 2069 1361 2111 generali
1394 2068 1545 2104 auditori,
1579 2073 1736 2110 quatenus

988 2123 1046 2167 ipsi
1067 2123 1113 2155 vel
1132 2123 1196 2156 duo
1214 2128 1266 2156 aut
1288 2133 1371 2155 unus
1392 2132 1517 2158 cortun,
1541 2132 1599 2165 per
1626 2132 1657 2154 se
1688 2121 1734 2153 vel

987 2176 1085 2209 alium
1118 2188 1173 2209 seu
1202 2176 1303 2215 alios,
1336 2176 1456 2209 litteras
1485 2175 1666 2219 praedictas
1700 2185 1737 2207 ae

988 2231 1098 2263 omnia
1118 2236 1148 2263 et
1168 2230 1295 2273 singula
1316 2230 1348 2263 in
1370 2230 1414 2262 eis
1436 2235 1598 2266 contenta,
1630 2229 1684 2261 ubi
1707 2234 1736 2261 et

988 2286 1118 2330 quando
1140 2285 1328 2329 expedierit,
1354 2295 1389 2317 ac
1411 2284 1537 2328 quoties
1568 2295 1625 2328 pro
1646 2290 1736 2327 parte

989 2339 1149 2372 dictorum
1171 2338 1439 2372 conclavislarum
1454 2349 1507 2371 seu
1528 2338 1663 2371 alicuius
1684 2347 1737 2371 eo-

988 2403 1059 2425 rum
1084 2392 1201 2425 suerint
1227 2392 1393 2436 requisiti,
1417 2391 1605 2425 solemniter
1632 2391 1737 2435 publi-

989 2452 1107 2483 cantes,
1132 2447 1241 2490 eisque
1262 2446 1294 2478 in
1314 2445 1501 2490 praemissis
1526 2445 1662 2478 efficacis
1683 2445 1737 2478 de-

990 2500 1142 2533 fensionis
1164 2500 1327 2544 praesidio
1340 2500 1533 2540 assistentes,
1549 2500 1663 2532 saciant
1686 2499 1736 2531 lit-

990 2560 1073 2588 teras
1093 2560 1124 2587 et
1144 2554 1174 2587 in
1197 2554 1240 2587 eis
1253 2560 1405 2587 contenta
1425 2553 1622 2591 huiusmodi,
1639 2552 1738 2585 invio—

990 2608 1128 2641 labiliter
1149 2608 1322 2641 observari.
1338 2608 1407 2641 Non
1419 2607 1642 2652 permittentes
1660 2615 1736 2638 con-

992 2661 1136 2695 clavistas
1156 2661 1337 2706 praedictos
1361 2672 1419 2705 per
1441 2670 1663 2705 quoscumque
1684 2659 1738 2692 de-

992 2727 1089 2761 super
1117 2716 1361 2761 quomodolibet
1383 2715 1531 2759 impediri
1552 2725 1606 2748 seu
1638 2714 1738 2747 mole-

1743 302 1790 327 An.
1809 302 1837 327 (ἶ,
1858 300 1924 326 1592

1785 950 1855 974 fite-tu
1867 952 1909 968 timi«
1921 959 1928 968 ε

1744 978 1830 1002 deputat
