2226 3070
498 276 560 309 678
1050 282 1233 307 eruanimi
1252 282 1407 307 Romami

453 348 624 381 Pontifices
646 348 781 381 Romani
802 357 913 380 curam
934 345 1106 390 specialem
1127 355 1256 389 semper
1275 344 1494 378 adhibuerunt
1522 353 1581 388 pro
1612 342 1798 377 defensione
1827 353 2005 388 pauperum

542 407 653 434 contra
673 400 851 445 potentium
873 409 1086 443 personarum
1108 397 1364 442 oppressionem,
1388 396 1452 430 310
1472 408 1502 430 a.

453 454 667 497 Portugalliae
687 453 829 498 episcopi
851 452 991 485 chrisma
1012 452 1171 485 conficere
1192 456 1325 494 possunt
1347 462 1419 483 cum
1441 451 1586 483 balsamo
1607 450 1767 489 orientali,
1791 449 1855 483 357
1875 461 1904 483 (ι.

454 508 667 550 portugalliae
689 506 882 540 monasteria
904 505 1094 537 monialium
1116 504 1234 537 visitari
1256 504 1371 538 debent
1395 505 1434 537 ah
1463 503 1715 549 archiepiscopis
1735 509 1764 537 et
1797 503 1955 548 episcopis
1975 503 2007 537 in

542 573 597 594 sua
619 561 754 604 quisque
776 559 926 599 dioecesi,
951 558 1014 591 -Mt-
1035 559 1060 591 b.
1086 558 1261 601 Gregorius
1282 559 1347 591 thl
1369 558 1574 591 mandaverat
1608 564 1639 590 ut
1674 557 1835 591 Ordinarii
1856 557 2008 590 visitatio-

542 626 614 648 nem
637 613 821 646 huiusmodi
841 613 912 646 lieri
934 618 1083 645 curarent
1104 623 1162 656 per
1184 613 1347 655 regulares
1361 612 1554 656 superiores,
1569 611 1646 644 ibid.
1665 611 1777 644 Variae
1792 617 1899 644 tamen
1913 611 2006 644 obor-

542 674 590 701 tae
611 674 681 700 sunt
703 667 916 705 difficultates,
934 677 992 699 ncc
1014 666 1082 699 sine
1102 666 1189 708 gravi
1212 666 1437 708 religiosarum
1457 665 1677 701 incommodo,
1691 665 1769 698 ibid.
1789 665 1823 698 In
1843 664 2008 698 locutoriis

542 721 681 754 cratibus
702 721 858 764 praeponi
880 720 973 753 debet
995 720 1115 752 lamina
1137 721 1239 752 t'errea
1267 719 1480 753 foraminibus
1502 729 1685 763 conspersa,
1707 723 1777 755 etc..
1793 718 1870 751 ibid.
1894 724 2004 762 etseq.

541 775 634 808 Extra
656 774 811 807 locutoria
842 785 937 807 nemo
962 774 1077 806 audeat
1111 774 1268 806 moniales
1289 773 1422 817 alloqui,
1448 778 1544 817 atque
1568 773 1715 806 facultate
1745 772 1776 804 in
1802 771 1928 816 scriptis
1952 771 2009 805 ob-

543 834 642 868 tenta,
667 827 730 860 *245
751 839 789 864 u:
811 839 908 872 super
927 838 1009 871 quae
1031 827 1171 871 episcopi
1190 827 1323 869 singulis
1335 827 1426 860 annis
1447 837 1520 859 curn
1541 826 1761 871 superioribus
1775 836 1884 859 serere
1904 825 2010 870 inqui-

540 888 621 918 rant.
647 881 723 914 ibid.
748 881 773 914 Ι).
808 881 955 925 Episcopi
982 881 1030 914 rel
1051 881 1235 924 superiores
1264 881 1428 923 regulares
1457 880 1582 913 veniam
1615 880 1646 912 in
1679 879 1806 923 scriptis
1831 880 2009 913 concedere

540 941 686 979 possunt,
712 935 788 968 ibid.

454 988 681 1022 Praecedentia
706 994 829 1031 (super)
856 988 991 1021 fratrum
1022 988 1271 1022 Mendicantium
1302 987 1476 1030 Gregorius
1504 988 1569 1021 Xlll
1602 986 1864 1021 constitutionem
1895 986 2006 1023 edidit.

541 1041 651 1074 61911.
676 1042 820 1075 Clemens
841 1042 904 1075 Ylll
925 1041 996 1075 lites
1016 1042 1170 1084 extinguit
1203 1047 1330 1075 exortas
1359 1041 1442 1074 inter
1470 1041 1584 1074 fratres
1612 1040 1854 1074 praedicatores
1883 1039 2010 1074 Ordinis

541 1095 647 1129 Sancti
668 1095 826 1128 Dominici
848 1101 876 1128 et
905 1095 1083 1137 Religiosos
1103 1096 1320 1129 Mendicantes
1341 1095 1373 1128 in
1393 1095 1565 1139 Hispaniis,
1597 1094 1661 1127 620
1682 1106 1711 1128 ιι.
1746 1094 2008 1128 Praecedentiam

542 1148 686 1181 coneedit
709 1149 860 1182 tratribus
880 1149 1097 1182 Dominicanis
1119 1149 1303 1183 immediate
1324 1154 1394 1193 post
1416 1148 1589 1182 canonicos
1610 1154 1640 1182 et
1671 1148 1804 1182 clericos
1830 1148 2010 1181 saeculares

542 1208 571 1235 et
589 1202 739 1245 antiquos
750 1202 884 1235 Ordines
907 1202 1123 1242 monachales,
1137 1202 1216 1235 ibid.
1234 1202 1266 1243 h;
1280 1208 1308 1236 et
1330 1203 1469 1246 desuper
1489 1213 1543 1236 cos
1563 1202 1726 1236 molestari
1747 1201 1908 1246 prohibet,
1929 1200 2005 1235 ibid.

542 1256 589 1289 Ad
611 1267 678 1289 rem
697 1262 911 1299 exequutores
929 1257 1072 1300 deputat.
1097 1256 1155 1289 621
1181 1268 1210 1289 a.

455 1309 706 1343 praedicatores.
739 1309 770 1342 Γ.
793 1310 1011 1354 Eleemosyna.

453 1362 616 1406 Principes
635 1374 747 1396 curare
770 1363 885 1396 debent
903 1369 937 1396 ut
955 1374 1056 1407 aequa
1077 1363 1141 1397 suis
1162 1364 1298 1398 subditis
1320 1365 1437 1398 iustitia
1459 1364 1712 1403 administretur,
1737 1362 1800 1397 559
1821 1375 1850 1397 α.

1221 1518 1245 1554 Q

454 1630 669 1672 Quadraginta
690 1631 847 1663 Horarum
869 1630 1024 1663 orationis
1042 1630 1197 1663 institutio
1219 1631 1401 1664 alternatim
1423 1637 1453 1663 et
1476 1630 1592 1673 iugiter
1612 1630 1780 1664 habendae
1809 1630 1841 1663 in
1870 1630 2012 1664 ecelesiis

543 1690 573 1717 et
594 1684 654 1727 piis
674 1684 752 1717 locis
773 1684 876 1716 almae
893 1684 998 1719 t'rbis,
1025 1689 1052 1717 ct
1072 1684 1205 1717 huiusce
1225 1684 1432 1718 institutionis
1452 1695 1577 1723 causae,
1599 1683 1663 1717 644
1686 1684 1702 1717 b
1723 1690 1754 1718 et
1773 1695 1836 1728 seq.
1866 1683 2012 1718 Hortatio

543 1738 582 1770 ad
600 1738 771 1771 orandum.
793 1737 1032 1781 declaratioque
1054 1748 1113 1781 pro
1135 1738 1251 1781 quibus
1273 1738 1308 1771 sit
1332 1738 1504 1779 orandum,
1530 1737 1594 1770 645
1615 1738 1640 1771 b.
1664 1738 1748 1771 Haec
1778 1743 1885 1771 autem
1907 1737 2010 1771 oratio

543 1790 686 1824 initiatur
718 1791 748 1823 111
780 1791 899 1834 palatio
931 1791 1108 1835 apostolico
1128 1792 1232 1834 prima
1256 1792 1418 1825 dominica
1447 1792 1624 1832 Adventus,
1649 1790 1712 1824 646
1737 1803 1766 1824 a.
1791 1791 2012 1834 Indulgentiae

545 1845 710 1878 orantibus
732 1855 913 1885 concessae,
939 1844 1014 1877 ibid.

455 1902 571 1938 Quarta
592 1899 754 1931 funeralis.
784 1899 817 1931 1⁷.
841 1898 1008 1931 Valentina
1029 1898 1184 1943 Synodus.

1221 2051 1246 2084 R

457 2165 634 2208 Hagnsinus
655 2166 917 2211 archiepiscopus
937 2167 1163 2212 Hieronymus,
1187 2167 1280 2201 Urbis
1302 2167 1510 2210 gubernator,
1535 2165 1593 2201 351
1619 2168 1646 2201 b.

458 2220 627 2252 Rectorum
651 2221 858 2253 ecclesiarum
877 2221 1110 2264 parochialium
1133 2222 1307 2255 electiones
1328 2222 1426 2254 factae
1449 2228 1476 2254 et
1500 2221 1664 2255 faciendae
1685 2222 1717 2254 in
1739 2228 1803 2256 tota
1816 2223 1935 2257 Veneta
1956 2224 2013 2257 do-

547 2273 722 2306 minatione
744 2286 759 2305 a
782 2275 897 2307 Nuntio
927 2285 984 2318 pro
1008 2281 1152 2318 tempore
1171 2275 1325 2308 existente
1347 2281 1418 2307 sunt
1441 2274 1630 2313 firmandae,
1656 2276 1832 2309 dummodo
1852 2277 2010 2310 nominati

546 2327 652 2359 idonei
671 2327 742 2362 sint.
769 2328 851 2360 iuxta
873 2328 902 2361 S.
927 2328 1058 2361 Concilii
1078 2328 1254 2361 Tridentini
1275 2329 1414 2365 decreta,
1439 2327 1480 2361 98
1500 2329 1515 2361 [ι
1536 2335 1564 2361 et
1587 2328 1628 2361 99
1649 2340 1677 2362 a.

458 2380 699 2423 Redemptionis
720 2391 799 2424 opus
827 2381 1006 2414 christianis
1028 2382 1175 2425 perutile,
1197 2382 1239 2414 tl'r
1260 2394 1287 2414 n.
1313 2382 1416 2415 Sixtus
1437 2383 1459 2414 Y
1480 2382 1648 2415 ecclesiam
1669 2383 1769 2416 sancti
1790 2383 1920 2417 Adriani
1948 2385 2011 2418 Ro-

547 2444 617 2466 mae
641 2434 791 2466 tratribus
811 2435 923 2467 Beatae
945 2435 1060 2467 Mariae
1079 2436 1117 2468 de
1136 2436 1281 2468 Mercede
1300 2435 1457 2475 concedit,
1482 2436 1575 2468 salvis
1596 2436 1720 2469 iuribus
1745 2437 1917 2471 cardinalis
1937 2437 2012 2471 titu-

549 2486 635 2524 laris,
665 2487 740 2519 ibid.
765 2487 780 2519 Ι)
801 2494 828 2519 ct
851 2499 913 2530 seq.
938 2488 1064 2521 Gratiae
1086 2494 1113 2521 et
1136 2489 1303 2532 privilegia
1324 2489 1482 2525 fratrum,
1504 2488 1545 2521 95
1565 2501 1583 2521 a
1605 2495 1632 2522 et
1661 2500 1724 2533 seq.
1754 2490 1876 2523 Statuta
1897 2496 1925 2524 et
1948 2491 2012 2535 pri-

551 2539 665 2582 vilegia
678 2540 804 2573 Ordinis
822 2541 995 2584 supradicti
1018 2541 1189 2576 firmantur
1210 2553 1227 2575 a
1247 2542 1332 2575 Sixto
1354 2542 1388 2578 Y.
1413 2542 1454 2575 97
1475 2554 1493 2574 (1
1507 2549 1534 2575 et
1556 2553 1620 2587 seq.

459 2594 632 2636 Regnlares
653 2593 807 2626 militares
824 2594 883 2626 sub
904 2595 1032 2637 speciali
1054 2596 1143 2629 Sedis
1161 2596 1363 2639 Apostolicae
1384 2607 1460 2628 cura
1478 2602 1562 2633 sunt„
1587 2595 1651 2629 :335
1673 2608 1702 2629 ιι.

459 2647 539 2680 Reos
561 2647 706 2680 damnari
727 2647 837 2689 vigore
858 2647 993 2680 alicuius
1013 2649 1161 2692 rescripti
1179 2655 1261 2682 vetat
1282 2649 1487 2682 Innocentius
1508 2650 1559 2689 lx,
1589 2649 1646 2681 511
1673 2661 1691 2682 a
1706 2662 1715 2685 ,·
1737 2661 1837 2694 aeque
1869 2659 1905 2682 ac
1936 2649 2013 2683 fisco

548 2700 732 2734 adiudicare
755 2700 931 2743 legitimam
958 2701 1111 2742 tiliorum,
1126 2702 1303 2736 viventibus
1324 2703 1521 2747 parentibus,
1547 2703 1578 2736 in
1596 2703 1691 2743 srbe,
1716 2703 1791 2736 ibid.
1812 2703 1838 2736 b.
1863 2702 2013 2736 Prohibet
