2226 3070
826 309 973 335 emmens
993 309 1052 333 vni
1072 309 1122 332 rr.
1647 291 1712 326 643
1758 303 1809 329 An.
1827 301 1854 329 C.
1875 301 1936 329 ¹591

266 364 281 407 ἓ
310 363 340 396 1,
376 362 444 401 Ouo
478 371 596 404 genere
625 359 846 399 incommodi,
876 358 962 392 Ordo
997 363 1048 390 tur
1067 356 1188 389 eisdem
1216 352 1459 398 praesentibus,
1483 352 1508 384 si
1530 351 1634 384 forent
1655 350 1741 384 exhi-

22 426 201 449 consuotudoor-
217 418 250 451 B.
274 417 391 450 Mariae
421 417 461 449 de
490 416 635 449 Mercede
656 413 890 458 redemptionis
911 423 962 446 ea·
996 410 1081 443 bitae
1100 409 1149 441 vel
1167 413 1323 441 ostensae.

16 453 201 476 dinisabsolvemli
255 472 260 477 ,
647 470 652 474 .
678 469 683 474 .
755 468 761 474 .

16 482 38 502 02
54 480 201 502 henudieendx.
217 478 377 516 ptivorum
399 471 530 504 effectus
541 481 608 503 esse
623 470 740 502 dicltur
754 479 786 501 in
800 469 861 501 hoc
874 477 962 499 more
1040 464 1153 497 Datum
1174 463 1295 496 Romae
1315 460 1401 505 apud
1413 459 1443 493 S.
1459 460 1600 498 Petrum,
1615 458 1674 490 sub
1688 468 1742 490 an-

997 518 1073 550 nuto
1094 515 1276 555 Piscatoris,
1294 514 1345 548 die
1358 524 1398 547 xx
1411 512 1595 546 novembris
1616 521 1738 551 Mttxctt,

15 507 77 528 statis
87 506 170 529 diebus,
180 512 201 526 o·

997 570 1202 615 pontificatus
1223 568 1325 602 nostri
1346 577 1430 600 anno
1451 577 1472 601 1.

17 318 65 345 An.
84 316 115 343 C.
133 315 199 343 1591

15 539 75 555 mnes
91 533 200 558 retimosw
217 524 440 568 antiquissimo
471 524 509 556 ab
542 521 791 555 immemorabili
817 527 963 564 tempore

17 563 39 581 οι
79 560 201 580 saeculares

16 588 65 613 post
87 586 200 607 consessio·
217 579 407 617 observato,
436 577 603 616 videlicet,
628 576 715 619 quod
743 575 811 619 ipsa
838 573 962 616 Religio

44 1117 70 1139 Et
80 1118 130 1144 quta
145 1117 202 1142 iguo*

18 1147 143 1168 ratur-aquo
151 1144 202 1164 Pon-

15 1170 73 1192 ttfice
88 1171 129 1192 ista
140 1170 203 1191 sacul-

19 1200 50 1219 tas·
71 1197 109 1218 {uu
129 1197 202 1219 Ordmi

19 1229 127 1245 CAHCQSSLI.

56 1491 107 1513 ldeo
121 1491 149 1512 ab
164 1491 203 1512 isto

19 1518 204 1544 Pontifieeappro-

19 1545 89 1569 hatur,
97 1547 118 1566 οι
130 1545 156 1565 du
169 1550 204 1565 no-

19 1577 45 1593 vo
60 1571 190 1593 conceditur.

70 2348 208 2372 Quibuscum-

25 2379 115 2422 ffiiwelp-on
124 2374 207 2396 obstan-

63 2507 208 2533 Exemplorum

25 2533 96 2555 bullae
110 2534 168 2554 fides.

17 619 70 635 nem-
342 630 347 635 .
419 630 423 634 .
695 628 700 633 .
808 627 813 631 .
858 626 863 631 .
893 626 898 631 .

216 636 320 674 potest
341 641 372 662 in
395 630 508 663 diebus
525 629 555 662 S.
577 629 766 662 Cathertnae
787 637 917 669 virginis
934 631 963 659 et

217 683 375 727 martyris,
394 689 424 715 et
445 682 606 721 Cinerum,
628 687 658 714 et
678 680 801 714 Coenae
821 678 959 718 Domini,

216 747 328 770 omnes
357 743 421 769 tam
452 735 618 778 religiosos
644 745 740 778 quam
761 733 959 772 saeculares,

216 790 370 824 nimirum
391 789 424 822 in
445 788 579 822 ecclesia
600 793 786 832 praesentes
807 792 837 820 et
856 796 959 829 genu-

217 843 327 883 flexos,
350 848 423 886 post
436 842 672 875 consessionem
693 852 711 874 a
732 841 897 874 sacerdote
911 849 963 873 co-

216 907 286 930 ram
307 896 458 929 omnibus
479 896 657 932 recitatam,
682 896 721 928 de
739 905 829 927 more
851 893 959 926 absol-

217 960 290 983 vere
310 955 340 983 et
360 949 564 987 benedicere,
589 955 623 981 ut
643 948 739 981 etiam
772 947 852 980 aliae
877 945 962 979 Reli-

217 1004 328 1045 giones
349 1003 455 1036 facere
476 1007 722 1036 consueverunt.

264 1059 279 1099 ξ
300 1057 329 1089 ⁶2.
354 1057 416 1089 Sed
437 1056 512 1100 quia
533 1057 594 1089 hoc
606 1057 711 1089 solum
733 1066 770 1088 ex
792 1054 963 1087 traditione

218 1111 416 1150 observatur,
442 1116 472 1143 et
503 1109 644 1142 nescitur
673 1120 690 1141 a
722 1119 785 1152 quo
817 1108 963 1140 Romano

219 1164 374 1197 Pontifice
406 1163 446 1197 sit
474 1162 661 1196 huiusmodi
690 1161 824 1195 facultas
856 1161 962 1193 absol-

219 1217 313 1251 vendi
335 1217 438 1250 dictae
458 1216 617 1258 Religioni
635 1225 796 1255 concessa,
821 1225 858 1248 eo
877 1214 963 1258 quod

221 1277 324 1304 tractu
344 1270 500 1314 temporis
521 1275 551 1302 et
571 1269 696 1302 litterae
721 1268 916 1312 apostolicae
934 1274 961 1301 et

218 1324 281 1358 alia
301 1323 515 1367 chirographa
529 1322 631 1356 dictae
645 1316 821 1364 Religionis
835 1322 965 1355 suerunt

222 1377 398 1422 deperdita.

264 1433 280 1474 ξ
301 1429 331 1464 3.
352 1431 426 1469 Nos,
451 1431 490 1463 de
508 1430 643 1463 consilio
657 1429 889 1462 venerabilium
903 1430 964 1461 sra-
980 1459 983 1484 1

219 1490 305 1518 trum
323 1489 508 1517 nostrorum
530 1483 560 1516 S.
575 1483 610 1517 R.
627 1483 661 1516 E.
685 1482 897 1516 cardinalium
914 1493 965 1514 su-
981 1485 983 1492 '

219 1549 277 1583 per
305 1544 388 1572 statu
417 1537 624 1580 Regularium
655 1538 900 1581 deputatorum,
929 1547 965 1569 ac

219 1591 509 1636 supplicationibus
528 1590 634 1624 dilecti
655 1589 712 1622 titii
725 1589 867 1632 magistri
883 1589 965 1622 Petri

219 1646 385 1687 Machado,
407 1645 614 1690 provincialis
638 1643 822 1688 provinciae
849 1643 965 1677 Castel-

221 1701 269 1734 lae
291 1700 366 1733 dicti
392 1699 535 1739 Ordinis,
560 1699 592 1731 in
613 1699 672 1731 hac
692 1703 782 1742 parte
807 1697 962 1737 inclinati,

221 1755 304 1788 hanc
335 1754 530 1793 facultatem,
565 1752 693 1796 praevia
724 1752 808 1785 dicta
840 1751 965 1784 conses-

221 1808 322 1848 sione,
346 1814 381 1841 ut
400 1807 591 1852 praefertur,
607 1807 646 1839 de
660 1817 750 1839 more
764 1816 782 1838 a
798 1806 966 1839 sacerdote

222 1871 330 1895 coram
360 1860 511 1893 omnibus
540 1859 694 1899 recitata,
718 1858 905 1892 absolvendi
937 1864 966 1891 et

220 1913 433 1947 benedicendi
455 1923 567 1946 omnes
588 1918 784 1956 praesentes,
820 1918 884 1945 tam
915 1923 965 1945 rc-

219 1968 350 2011 ligiosos
376 1977 473 2011 quam
494 1967 684 2006 saeculares,
718 1966 811 1999 dictis
839 1965 963 2006 diebus,

221 2022 404 2065 generalem
419 2027 449 2054 et
470 2021 693 2061 inveteratam,
714 2020 892 2064 apostolica
912 2030 967 2053 au-

221 2075 367 2110 ctoritate
394 2081 424 2108 et
451 2081 561 2107 tenore
582 2074 818 2118 praesentium,
843 2085 963 2118 appro-

220 2130 335 2162 bamus
355 2134 382 2161 et
411 2128 660 2168 confirmamus,
688 2133 719 2160 et
747 2126 852 2160 eidem
882 2127 967 2160 Reli-

222 2183 321 2226 gioni,
349 2187 506 2226 quatenus
527 2193 607 2226 opus
634 2182 696 2219 sit,
721 2183 760 2215 de
781 2191 864 2215 novo
885 2192 964 2215 con-

225 2236 380 2270 cedimus.

269 2289 335 2333 §Aa
360 2290 429 2323 Non
458 2289 659 2322 obstantibus
687 2288 969 2322 constitutionibus

224 2350 254 2378 et
273 2343 532 2378 ordinationibus
552 2342 747 2387 apostolicis,
772 2343 969 2386 caeterisque

225 2398 394 2432 contrariis
412 2397 683 2442 quibuscumque.

269 2453 284 2497 ξ
304 2452 334 2485 5.
352 2452 504 2485 Volumus
516 2456 623 2484 autem
644 2452 731 2495 quod
751 2451 969 2495 praesentium

225 2505 449 2549 transumptis,
474 2515 572 2538 manu
602 2504 736 2538 alicuius
767 2504 884 2537 notarii
912 2515 971 2547 pu-

225 2560 301 2594 blici
318 2559 516 2603 subscriptis,
534 2564 561 2591 et
584 2558 689 2601 sigillo
706 2568 863 2602 personae
875 2558 906 2590 in
924 2556 971 2591 di-

226 2612 582 2656 gnitate-ecclesiastica
609 2611 800 2645 constitutae
823 2611 971 2654 obsigna-

226 2667 286 2707 tis,
313 2666 426 2700 eadem
453 2676 584 2710 prorsus
613 2665 714 2706 fides,
739 2664 770 2697 in
802 2664 921 2698 iudicio
942 2670 972 2697 et

229 2727 317 2755 extra
337 2721 417 2754 illud
432 2749 439 2761 ,
465 2720 675 2761 adhibeatur,
700 2729 782 2763 quae
803 2719 990 2762 adhibere-1

1033 633 1092 660 Dat.
1115 632 1157 659 div.
1173 632 1207 658 ΞΟ
1224 630 1364 658 novembr.
1388 629 1466 663 1502,
1483 628 1578 665 pontis.
1591 636 1634 656 an·
1649 634 1665 655 t.

1313 790 1427 825 XLVII.

998 892 1018 924 I
1018 890 1173 924 ndultum
1186 889 1454 923 administratori
1465 898 1523 933 pro
1534 892 1673 932 tempore
1683 888 1745 920 mi-

1043 953 1195 986 litiarum
1214 950 1289 985 Iesu
1311 951 1444 991 Christi,
1462 950 1493 984 S.
1519 950 1631 984 iacobi
1655 954 1685 983 et
1705 949 1744 983 de

1042 1015 1068 1048 A
1074 1015 1121 1046 vis
1132 1024 1187 1046 con
1191 1013 1301 1056 ferend
1305 1013 1316 1045 ι’
1328 1013 1411 1045 hona
1422 1012 1587 1045 dictarum
1598 1012 1645 1044 mi
1649 1011 1741 1044 titia-

1042 1087 1128 1116 rum,
1149 1086 1233 1120 quae
1257 1085 1409 1108 annuum
1433 1074 1599 1107 redditum
1622 1078 1747 1107 centum

1042 1143 1205 1172 scutorum
1219 1149 1283 1171 non
1296 1138 1464 1177 excedunt,
1475 1147 1541 1170 non
1550 1136 1714 1170 militibus
1723 1137 1742 1169 ¹.

998 1230 1177 1258 GharLssime
1196 1230 1227 1256 in
1257 1228 1374 1256 Christo
1396 1229 1455 1256 tilio
1476 1232 1580 1256 nostro
1610 1228 1747 1264 Philippo

1016 1282 1218 1317 Portugalliae
1235 1285 1266 1309 et.
1280 1282 1487 1317 Atqarhiorum
1504 1283 1566 1316 regi
1578 1282 1729 1310 catholico

1185 1340 1340 1370 clemens
1358 1340 1451 1381 Papa
1466 1339 1557 1370 vm.

1090 1409 1270 1436 Charissime
1290 1409 1321 1436 in
1338 1408 1455 1436 Christo
1476 1408 1519 1435 fili
1540 1411 1655 1440 noster,

1044 1465 1173 1491 satutem
1190 1466 1221 1490 et
1237 1462 1434 1496 apostolicam
1455 1462 1704 1490 benedictionem.

1045 1535 1109 1578 5¹1.
1134 1535 1319 1579 Expositum
1342 1533 1433 1566 nobis
1463 1544 1566 1577 nuper
1594 1533 1652 1566 suit
1682 1543 1748 1566 ma-

1001 1589 1121 1623 iestatis
1143 1595 1215 1622 tuae
1236 1588 1379 1627 nomine,
1404 1587 1502 1631 quod,
1528 1588 1601 1621 licet
1623 1587 1746 1621 dudum

1001 1643 1100 1677 felicis
1121 1643 1357 1676 recordationis
1384 1642 1458 1675 Pius
1485 1643 1571 1686 Papa
1588 1642 1633 1682 V,
1658 1652 1749 1686 prae-

1001 1698 1150 1731 decessor
1170 1703 1288 1735 noster,
1313 1697 1353 1730 ad
1372 1697 1476 1730 clarae
1497 1695 1675 1729 memoriae
1688 1695 1745 1729 Se-

1001 1751 1135 1784 bastiani
1156 1750 1372 1793 Portugalliae
1386 1756 1416 1783 et
1427 1750 1654 1791 Algarbiorum
1666 1749 1750 1791 regis

1002 1805 1184 1838 instantiam
1212 1811 1243 1838 et
1265 1804 1555 1848 supplicationem,
1589 1814 1646 1847 per
1675 1814 1749 1837 suas

1001 1859 1121 1892 litteras
1141 1869 1221 1892 xxm
1235 1858 1309 1891 maii
1323 1868 1470 1892 ,uanvni
1485 1857 1659 1902 expeditas,
1676 1867 1752 1891 con-

1001 1913 1136 1946 stituerit
1159 1919 1189 1946 et
1210 1912 1407 1945 ordinaverit
1429 1912 1514 1955 quod
1536 1911 1625 1944 nulla
1645 1912 1747 1952 bona,

1002 1967 1140 2000 cuiusvis
1153 1966 1314 2010 qualitatis
1335 1973 1365 1999 et
1386 1966 1502 1999 valoris
1523 1966 1752 2006 existentia,ad

1002 2021 1125 2064 aliquas
1145 2032 1181 2053 ex
1203 2019 1324 2053 militiis
1344 2021 1415 2053 lesu
1435 2019 1567 2059 Christi,
1591 2020 1621 2053 S.
1645 2019 1752 2053 Iacobi

1002 2080 1032 2107 et
1053 2075 1092 2107 de
1112 2074 1183 2107 Avis
1203 2074 1233 2106 in
1256 2073 1332 2106 dicti
1353 2073 1461 2116 regnis
1480 2073 1640 2113 institutis,
1666 2084 1748 2117 qua-

1004 2139 1074 2161 rum
1093 2134 1167 2160 tunc
1190 2128 1256 2171 ipsc
1274 2126 1479 2161 Sebastianus
1493 2137 1557 2166 rex,
1576 2132 1752 2170 perpetuus

1003 2181 1181 2225 apostolica
1202 2180 1395 2213 auctoritate
1415 2181 1586 2224 deputatus
1614 2179 1752 2212 admini-

1003 2241 1119 2269 strator
1139 2235 1310 2274 existebat,
1335 2233 1513 2278 spectantia
1533 2240 1563 2266 et
1590 2234 1752 2278 pertinen-

1005 2289 1056 2330 tia,
1081 2288 1177 2321 alicui
1198 2298 1354 2332 personae
1376 2287 1441 2320 sive
1462 2288 1502 2320 ad
1523 2287 1618 2321 vitam
1633 2288 1697 2321 sive
1710 2289 1750 2322 ad

1004 2344 1112 2387 plures
1124 2342 1347 2385 generationes
1356 2342 1592 2381 conferrentur,
1604 2342 1664 2375 nisi
1679 2353 1751 2376 cum

1005 2397 1115 2430 babitu
1136 2397 1221 2430 illius
1242 2397 1385 2437 militiae,
1410 2397 1500 2430 cuius
1532 2397 1617 2429 bona
1644 2396 1752 2430 conse—

1005 2451 1104 2484 renda
1117 2456 1232 2491 essent,
1247 2461 1282 2483 ac
1296 2450 1384 2490 alias,
1398 2455 1493 2493 prout
1506 2450 1601 2483 latius
1615 2450 1646 2482 in
1661 2460 1752 2494 prae-

1006 2504 1098 2538 dictis
1119 2504 1233 2537 litteris
1255 2503 1446 2537 continetur.

1050 2559 1066 2600 g
1088 2557 1117 2590 ⁹2.
1141 2557 1327 2590 praedictae
1349 2562 1456 2590 tamen
1478 2556 1601 2590 litterae
1613 2556 1653 2589 ob
1668 2566 1749 2588 non—

1006 2665 1133 2698 narium
1158 2665 1307 2698 effectum
1337 2664 1468 2697 sortitae
1502 2673 1566 2696 non
1598 2663 1747 2701 suerunt,

1046 2731 1053 2753 t
1078 2727 1115 2754 Ex
1135 2727 1240 2763 Regest.
1259 2727 1287 2754 in
1302 2726 1546 2754 Secrct.ss1·eviuin.

1795 1541 1844 1562 Pius
1860 1541 1877 1560 V
1892 1541 1949 1561 bona

1763 1568 1838 1588 haruin
1850 1567 1948 1588 abhatia-

1764 1600 1809 1615 rum
1822 1594 1905 1615 nonnisi
1914 1600 1949 1615 ea-

1763 1621 1857 1642 rumdem
1879 1621 1950 1642 militi-

1763 1648 1802 1668 bus
1815 1647 1904 1668 concedi
1914 1652 1950 1668 vo-

1786 2559 1843 2580 Haee
1857 2557 1952 2584 prohibt-

1767 2587 1796 2606 Νι)
1805 2586 1892 2606 difficilis
1904 2589 1951 2606 oxe-

1006 2611 1109 2644 nullas
1130 2610 1332 2644 difficultates
1354 2621 1447 2644 suum
1469 2610 1500 2642 in
1521 2609 1671 2643 omnibus
1683 2609 1750 2652 ple·
1768 2612 1893 2639 =tu11³0tuit
