2226 3070
92 298 143 324 An.
159 296 188 323 C,
210 296 274 324 1588

946 296 1050 318 SlKTth
1075 296 1121 318 Pr.
1152 296 1177 317 V.

290 350 558 393 percipientibus,
588 350 682 382 etiam
702 349 725 382 si
743 360 797 382 005
820 361 877 392 pro
899 354 1044 392 tompore

290 403 788 445 0001030105110110011111190101,
807 410 838 436 ut
855 403 913 446 ipsi
930 414 1044 446 quam·
1065 420 1067 448 ,3

290 456 344 488 diu
368 456 510 489 officium
534 457 643 490 militis
673 457 860 490 huiusmodi
889 457 1046 489 obtimiis-
1065 451 1067 462 “
1089 467 1168 488 uuas
1189 468 1287 500 super
1308 455 1475 499 quibusvis
1498 455 1707 498 proventibus
1739 456 1842 488 ecele-

291 516 362 543 sent
391 511 578 551 dumtaxat,
609 522 835 555 quaecumque
873 511 1047 555 pensiones

291 574 418 597 annuae
428 565 474 597 vel
491 565 626 605 fructus,
650 565 794 597 redditus
813 570 841 597 ct
871 569 1046 607 proventus

290 678 459 705 centorum
481 673 675 705 ducatorum
693 672 762 704 auri
776 672 815 704 de
829 671 964 704 Camera
980 682 1046 703 non

1733 283 1798 316 :3025

1090 349 1174 380 modi
1198 360 1255 392 per
1272 348 1440 380 biennium
1464 348 1655 379 rontinumn
1683 348 1841 379 obtinuis-

1088 408 1171 440 sent,
1193 408 1225 434 ut
1247 402 1343 435 ctiam
1366 411 1589 444 quascumque
1607 401 1777 444 pensiones·
1789 413 1844 433 au-

1088 509 1223 542 5111511015
1245 521 1281 542 ac
1313 509 1597 542 distributionibus
1626 509 1842 552 quotidianis,

1066 605 1067 610 1
1089 569 1117 595 et
1144 563 1268 595 fructus
1285 562 1532 598 ecclesiasticos.
1560 563 1632 595 Ioco
1649 562 1842 606 pensionum

291 618 361 651 loro
376 619 571 662 pensionum
587 619 790 658 huiusmodi,
812 629 973 651 summam
988 618 1044 649 ‹lu-
1066 614 1067 619 ¹

290 726 492 766 excedentes,
518 736 601 768 quae
621 727 794 758 transirent.
815 726 852 758 ad
880 736 1046 759 successo·
1066 721 1067 735 ³

290 790 341 813 res
364 779 396 812 in
417 780 595 819 beneficiis,
620 786 647 813 et
671 791 687 812 a
708 780 856 819 decimis,
879 780 1043 817 subsidiis,

289 833 360 866 aliis
372 834 527 866 oneribus
541 834 717 867 ordinariis
736 839 765 867 et
782 834 1047 867 extraordinariis

291 898 349 930 pro
376 893 521 930 tempore
544 887 713 931 impositis,
736 888 828 920 liberi
850 893 967 926 essent,
994 898 1046 920 re-

289 941 430 978 servari,
466 942 620 975 constitui
651 948 678 975 et
712 942 866 985 assignari
902 947 1044 985 possent.

289 994 448 1038 Quodque
475 995 535 1039 ipsi
557 995 676 1028 milites
694 996 865 1029 Lauretani
887 1007 984 1028 unam
998 995 1045 1027 vel

290 1049 400 1092 plures
420 1049 606 1093 pensiones,
628 1060 683 1082 seu
705 1050 834 1082 illarum
858 1050 929 1082 loco
949 1060 1046 1093 quos-

289 1113 430 1147 cumque
466 1103 610 1139 sructus,
640 1104 786 1136 redditus
811 1109 840 1136 et
871 1110 1047 1147 proventus·

290 1157 526 1190 ecclesiasticos
548 1163 623 1189 tunc
652 1168 829 1200 expressos,
859 1163 992 1190 catenus
1018 1164 1045 1189 et

290 1220 350 1253 pro
371 1215 517 1253 tempore
543 1216 721 1243 reservatas
746 1216 776 1243 et
796 1211 975 1253 assignatos
989 1211 1047 1243 lia—

291 1263 415 1303 bentes,
444 1263 527 1303 illos,
551 1264 676 1296 etiamsi
698 1264 940 1298 matrimonium
968 1276 1046 1298 con-

292 1317 458 1357 traxerint,
474 1319 630 1361 usquead
651 1329 813 1350 summam
829 1319 1047 1352 ducentorum

291 1371 485 1404 ducatorum
503 1372 702 1411 huiusmodi,
730 1378 759 1404 et
781 1383 845 1404 non
868 1373 965 1412 ultra,
988 1383 1047 1416 pro
1068 1365 1069 1372 ¹

292 1425 438 1468 quolibet
457 1426 564 1458 officio
585 1426 673 1459 nulla
697 1426 933 1470 compositione
963 1428 1048 1459 solu-

293 1484 344 1517 ta,
368 1479 524 1515 retinere:
552 1485 579 1511 et
608 1479 797 1512 huiusmodi
825 1480 998 1523 pensiones
1018 1487 1047 1513 et

294 1534 431 1572 fructus,
459 1533 606 1566 redditus
627 1539 657 1566 et
678 1539 855 1576 proventus
876 1545 978 1577 usque
1009 1535 1048 1566 acl

293 1597 452 1619 summam
471 1593 498 1619 et
521 1587 734 1630 quantitatem
756 1588 916 1631 praefatas
937 1588 982 1620 eis
1000 1599 1049 1621 re-

292 1646 432 1674 servatas
448 1647 477 1674 et
499 1641 688 1684 assignatos,
712 1652 769 1674 seu
790 1643 998 1675 reservandas
1019 1649 1049 1675 ct

293 1695 503 1737 assignandos
517 1722 524 1734 ,
569 1696 725 1738 consequi
763 1701 791 1728 et
832 1696 969 1732 babere:
1006 1708 1048 1731 vai·

293 1749 399 1791 quoad
418 1748 573 1785 viverent,
591 1749 773 1792 percipere,
801 1749 929 1792 exigere
950 1755 978 1783 et
1002 1751 1047 1782 le-

294 1813 379 1842 vare,
402 1813 438 1835 ac
459 1803 491 1835 in
517 1813 592 1835 suos
615 1814 692 1835 usus
718 1807 749 1835 et
772 1803 942 1835 utilitatem
970 1814 1048 1836 con-

293 1861 429 1895 vertere,
451 1856 573 1899 absque
594 1856 654 1888 alia
673 1856 915 1899 dispensatione
939 1858 986 1889 vel
1014 1858 1050 1889 li-

293 1909 397 1942 centia
418 1909 558 1953 desuper
571 1909 758 1949 obtinenda,
784 1909 885 1942 libere
906 1916 937 1943 et
962 1910 1048 1943 licite

294 1963 435 1996 valerent
451 1974 524 1995 cum
547 1963 698 1996 omnibus
714 1968 744 1995 et.
764 1963 899 2006 singulis
924 1964 1049 1997 clausu-

296 2017 334 2050 lis
351 2022 381 2049 et
402 2017 536 2050 cautelis
558 2017 590 2050 in
612 2017 770 2050 similibus
790 2018 911 2061 apponi
933 2018 1046 2055 solitis,

295 2070 337 2104 ita
362 2076 469 2103 tamen
494 2071 581 2114 quod
607 2072 681 2104 laici
708 2071 828 2104 milites
853 2072 1047 2111 Lauretani,

297 2182 348 2209 tus
373 2178 535 2220 praefatos
554 2178 785 2222 percipientes,
814 2178 845 2210 in
867 2179 981 2212 babitu
1002 2190 1051 2212 ar-

297 2236 400 2263 matae
415 2231 560 2271 militiae,
573 2231 640 2264 viro
652 2232 753 2275 equiti
766 2232 982 2271 convenienti,
994 2244 1052 2265 nos

297 2290 324 2317 et
348 2294 550 2318 successores
575 2291 701 2318 nostros
726 2286 888 2318 Romanos
917 2286 1050 2319 Pontifi-

298 2392 396 2424 nibus
416 2393 578 2425 cruciatae
599 2398 629 2425 ct
656 2393 816 2433 conciliis,
839 2394 959 2437 absque
987 2395 1051 2427 alio

298 2446 483 2488 stipendio,
512 2446 659 2489 expensis
693 2452 801 2479 tamen
829 2447 932 2479 dictae
962 2448 1053 2481 Sedis

1089 615 1134 648 eis
1155 622 1288 648 eatenus
1309 621 1337 648 et
1359 627 1418 659 pro
1430 621 1576 659 tempore
1597 616 1845 658 quomodolibet

1089 675 1265 701 reservatas
1290 676 1318 702 et
1350 670 1539 711 assignatos,
1570 681 1605 702 ac
1636 670 1844 703 reservandas

1089 728 1119 755 et
1143 723 1364 765 assignandos,
1383 734 1448 756 non
1469 729 1577 756 tamen
1599 734 1759 756 summam
1782 724 1843 756 du-

1089 782 1257 808 ventorum
1290 776 1483 810 ducatorum
1504 777 1671 817 similium,
1695 788 1754 812 nec
1781 789 1845 810 me-

1089 829 1241 862 dietatem
1261 830 1441 867 fructuum,
1459 831 1645 863 reddituum
1659 837 1687 864 et
1708 842 1843 874 proven-

1091 889 1179 916 tuum
1206 884 1442 917 bencliriorum
1461 896 1560 928 super
1580 885 1697 928 quibus
1716 885 1844 928 pensio-

1089 949 1145 971 nes
1165 949 1221 971 seu
1244 939 1369 971 fructus
1390 939 1577 972 huiusmodi
1605 945 1783 983 reservatae
1815 945 1843 972 et

1089 991 1656 1035 assignatiexisterent,excedentes,
1680 993 1710 1025 in
1733 994 1844 1026 eadem

1089 1046 1181 1078 «furia
1197 1047 1244 1078 vel
1266 1051 1353 1079 extra
1375 1057 1459 1085 eam,
1483 1046 1577 1079 etiam
1610 1047 1641 1079 in
1665 1047 1777 1080 mortis
1797 1059 1846 1080 ar-

1091 1099 1202 1139 ticulo,
1226 1101 1257 1132 in
1278 1100 1433 1132 clericum
1455 1112 1512 1133 seu
1534 1100 1671 1133 clericos
1692 1112 1756 1133 non
1771 1112 1846 1134 eon-

1090 1153 1214 1196 iugatus
1229 1164 1353 1197 percos
1366 1154 1544 1195 eligendos,
1563 1154 1658 1187 etiam
1671 1165 1847 1198 quaecum-

1089 1218 1165 1250 que,
1195 1208 1426 1251 quodcumque
1452 1214 1479 1240 ct
1507 1208 1759 1251 qualiacumque
1790 1209 1845 1241 be-

1089 1262 1206 1294 neficia
1228 1262 1490 1295 ceclesiasticact
1509 1262 1683 1306 pensiones
1698 1263 1847 1296 obtinen-

1092 1322 1148 1351 tes.
1178 1316 1209 1348 in
1231 1321 1336 1348 totum
1365 1317 1412 1349 vel
1445 1321 1581 1359 partem,
1614 1316 1709 1349 etiam
1736 1328 1845 1350 coram

1089 1370 1164 1402 50115
1199 1370 1324 1403 notario
1360 1376 1390 1403 et
1424 1370 1574 1406 testibus,
1611 1370 1707 1403 ctiam
1737 1371 1844 1411 laicis,

1090 1424 1186 1455 etiam
1225 1423 1294 1456 sino
1330 1434 1488 1456 consensu
1516 1424 1644 1456 easdem
1676 1424 1848 1467 pensiones

1091 1477 1212 1510 solvere
1252 1477 1461 1517 110110111111111,
1500 1477 1625 1510 etiamsi
1660 1478 1731 1511 illas
1768 1478 1848 1511 alias

1090 1531 1304 1563 transferendi
1326 1531 1512 1564 facultatem
1534 1541 1597 1564 non
1613 1531 1782 1573 haberent,
1796 1544 1847 1565 re-

1090 1585 1164 1625 gula
1189 1584 1408 1617 Camellariae
1428 1585 1466 1617 de
1488 1595 1649 1618 consensu
1670 1585 1701 1618 in
1720 1586 1848 1629 pensio-

1091 1639 1186 1671 nibus
1204 1638 1358 1681 requisito
1378 1640 1572 1682 praestando
1594 1645 1730 1672 eatenus
1746 1646 1774 1673 et
1790 1652 1848 1685 pro

1093 1699 1240 1737 tempore.
1262 1693 1360 1731 edita,
1383 1704 1419 1726 ac
1440 1694 1521 1737 stylo
1550 1694 1581 1726 in
1606 1694 1766 1727 similibus
1801 1706 1849 1727 re-

1091 1747 1328 1779 servationibus
1365 1752 1497 1780 eatenus
1531 1748 1699 1781 observato
1729 1754 1759 1781 et
1792 1760 1849 1792 pro

1091 1807 1239 1843 tempore
1279 1801 1480 1834 observando
1519 1811 1584 1833 non
1624 1802 1848 1838 obstantibus,

1091 1855 1366 1898 quandocumque
1387 1854 1561 1887 transferre
1584 1860 1733 1899 possent.;
1757 1856 1849 1900 ipsis-

1091 1919 1154 1951 que
1184 1908 1341 1941 militibus
1369 1909 1557 1941 Lauretanis
1591 1909 1737 1949 clericis,
1775 1921 1849 1953 pre-

1070 1989 1071 2010 ἰ
1091 1962 1239 2005 sbyteris,
1263 1961 1428 2005 praelatis,
1451 1962 1620 2006 episcopis,
1634 1963 1850 2007 archiepisco-

1070 2035 1071 2042 1
1092 2015 1140 2060 pis
1166 2022 1197 2048 et
1216 2016 1419 2059 patriarchis,
1442 2021 1473 2048 et
1493 2016 1588 2048 etiam
1610 2016 1641 2049 S.
1665 2017 1700 2049 R.
1719 2017 1754 2049 E.
1781 2027 1850 2049 car-

1071 2078 1072 2099 :
1093 2070 1255 2103 dinalibus
1275 2080 1334 2113 pro
1361 2075 1507 2113 tempore
1525 2070 1744 2111 existentibus,
1765 2072 1849 2104 utde

295 2124 468 2167 pensiones
485 2131 515 2157 et
539 2125 676 2163 fructus,
700 2125 845 2158 redditus
857 2132 884 2158 et
912 2137 1050 2169 proven·
1071 2133 1072 2146 ³

1093 2124 1356 2167 quibuscumque
1393 2134 1506 2156 eorum
1536 2124 1640 2164 1101115,
1673 2125 1849 2158 mobilibus

1094 2177 1370 2217 effimmobilibus,
1393 2187 1451 2220 per
1471 2188 1537 2214 eos,
1562 2183 1624 2210 tam
1657 2188 1716 2221 per
1743 2179 1848 2211 cccle-

1093 2232 1172 2264 siam
1194 2231 1258 2263 sive
1272 2231 1437 2270 ecclesias,
1459 2236 1515 2263 aut
1535 2231 1596 2263 alia
1617 2231 1775 2265 beneficia
1797 2244 1849 2265 ec-

1072 2326 1073 2330 *
1094 2285 1283 2325 ‹slesiastica‚
1317 2285 1413 2318 etiam
1436 2285 1614 2328 hospitalis,
1642 2286 1690 2318 vel
1716 2287 1777 2319 alia
1798 2288 1849 2331 pia

297 2348 350 2371 ces
374 2348 433 2381 pro
453 2344 599 2382 tempore
620 2340 791 2372 existentes
816 2341 846 2372 in
873 2341 1051 2383 expeditio·
1072 2361 1073 2364 =

1095 2340 1164 2373 10011
1194 2339 1336 2371 cuiusvis
1365 2340 1461 2372 ctiam
1492 2340 1683 2383 privilegiati
1721 2340 1850 2374 Ordinis

1095 2404 1151 2426 scu
1172 2393 1303 2426 alterius
1324 2394 1457 2427 militiae
1485 2399 1601 2432 essent,
1630 2405 1688 2438 per
1712 2406 1766 2427 eos
1792 2395 1849 2427 ob-

1073 2482 1075 2494 >
1096 2453 1183 2480 tenta
1202 2453 1233 2480 et
1253 2448 1441 2488 obtinenda,
1462 2453 1517 2481 aut.
1539 2448 1618 2481 alias
1642 2449 1849 2492 quomodoli-

299 2505 372 2527 t·um
392 2505 458 2527 uno
479 2506 575 2538 equo,
599 2496 724 2528 ratione
744 2496 847 2529 dictae
874 2497 1049 2539 pensionis,
1073 2510 1074 2541 ;
1096 2497 1147 2529 bet
1162 2508 1197 2529 ex
1219 2497 1378 2530 industria
1392 2498 1439 2530 vel
1455 2497 1583 2540 ingenio
1600 2509 1656 2531 seu
1673 2498 1751 2531 alias
1768 2510 1849 2542 quo-

299 2544 390 2587 sequi
412 2544 579 2583 deberent,
602 2545 870 2588 dispensavimus,
887 2546 998 2589 eisque
1014 2548 1052 2579 ad
1073 2546 1075 2601 Ἰ
1097 2546 1448 2590 modolibetacquisitis
1460 2548 1508 2580 vel
1523 2547 1850 2592 acquirendis,usque

299 2594 360 2626 boc
381 2593 509 2636 plenam
531 2594 693 2626 licentiam
715 2600 744 2627 ct
763 2594 899 2627 liberam
922 2595 1054 2628 saculta·
1073 2613 1075 2643 ἰ
1095 2596 1133 2628 1111
1168 2607 1329 2628 summam
1366 2597 1619 2640 quingentorum
1656 2597 1849 2629 ducatorum

299 2649 363 2676 tem
385 2643 616 2676 concessimus.
638 2643 790 2677 Militibus
810 2651 918 2677 autem
933 2645 1052 2678 Laure-
1096 2645 1165 2677 auri
1188 2645 1225 2678 de
1246 2645 1380 2678 Camera
1405 2657 1464 2690 pro
1493 2644 1638 2690 quolibet
1660 2646 1779 2686 0111010,
1802 2652 1849 2678 tc-

300 2692 395 2733 tanis,
409 2693 584 2737 quiclerici
605 2698 723 2734 essent,
737 2699 765 2726 et
780 2694 925 2727 officium
937 2693 1052 2727 huius·
1071 2727 1076 2746 ¹
1096 2694 1183 2732 stari,
1213 2694 1400 2739 disponere,
1423 2695 1613 2736 codicillari,
1634 2705 1670 2728 ac
1691 2694 1784 2729 etiam
1802 2695 1850 2728 in-

1857 293 1907 319 Αῐι4
1926 294 1954 320 (ἶΔ
1973 294 2040 321 1588
