2226 3070
221 332 274 359 An.
291 329 318 357 C.
338 326 403 356 1587

222 443 345 466 rues-suus
357 448 396 462 con

222 475 339 496 stitutionis
352 476 406 493 tran·

222 508 311 532 sumptis
347 504 406 525 credi

221 539 280 559 iubet

250 1645 289 1665 Per
312 1645 406 1665 edictum

224 1678 303 1701 regium
337 1681 405 1702 przie-

224 1709 305 1734 srripta
347 1708 406 1727 exilii

224 1745 293 1765 poena
334 1741 408 1759 contra

224 1771 291 1790 laicos
307 1770 407 1790 archibu-

225 1802 256 1820 sia
284 1802 309 1821 ad
340 1803 407 1820 rotam

224 1833 348 1852 detinentes

255 2546 311 2568 luem
325 2553 361 2568 rex
371 2547 410 2567 liu-

227 2580 411 2605 iusumdipoemm

227 2611 252 2630 td
267 2610 410 2631 ecclesiasti-

227 2647 264 2662 cos
279 2642 411 2667 enundiper

227 2673 250 2691 iit

465 303 530 339 ⁶264

465 374 481 417 ἓ
504 373 535 406 4.
564 372 603 405 Ut
622 376 729 404 autem
756 371 940 412 praesentes
973 365 1097 398 litterae
1128 363 1173 396 fa-

423 427 515 460 cilius
535 426 574 459 ad
604 424 749 457 omnium
777 420 922 454 notitiam
944 418 1173 462 perducantur,

423 481 571 513 volumus
599 485 628 511 ut
661 487 772 510 earum
803 473 961 517 exempla,
990 471 1084 504 etiam
1113 470 1173 502 im-

424 545 545 578 pressa,
575 542 671 565 mauu
693 528 809 563 notarii
830 526 951 571 publici
979 525 1171 568 subscripta,

422 593 479 621 cte.

467 642 580 673 Datum
607 639 726 671 Romae
746 635 832 679 apud
854 635 1007 668 Sanctum
1029 634 1172 672 Petrum,

423 695 482 727 sub
503 693 623 725 annulo
644 690 827 728 Piscatoris,
850 688 900 721 die
929 698 987 721 xxv
1018 686 1173 720 februarii

424 756 606 783 arnrawvu,
621 743 766 787 pontific.
786 742 886 776 nostri
909 751 994 774 anno
1017 740 1171 773 secundo.

469 805 530 834 ltat.
551 804 597 833 dic
616 803 654 833 *25
674 801 730 834 seb,
759 802 844 837 1587,
870 799 974 841 pontis.
999 807 1075 828 aimo
1099 806 1129 827 ιι.

766 997 827 1030 XV.

422 1069 531 1101 Poena
553 1065 760 1109 erilizffdjlaicis
788 1064 882 1106 requi
910 1063 1098 1106 Araqonum
1121 1072 1177 1103 per

465 1121 590 1163 regium
615 1120 753 1152 edictum
780 1118 906 1160 inflictu
929 1116 1115 1150 ostenditur
1134 1115 1176 1148 ad

467 1175 692 1207 ecclesiasticos
718 1173 858 1205 eiusdem
884 1171 977 1213 requi
996 1170 1177 1203 statuentes

467 1229 689 1261 archibusiimz
707 1226 749 1259 acl
768 1230 874 1258 rotam
899 1225 1075 1256 breviorem
1095 1234 1175 1266 qua-

468 1289 540 1316 tuor
558 1282 691 1325 palmis:
713 1281 860 1313 iniuncto
880 1279 1019 1311 locorum
1043 1277 1176 1309 ordina-

467 1338 525 1369 riis
548 1341 584 1369 ut
608 1339 720 1368 contra
747 1334 967 1376 delinquentes
985 1331 1173 1374 procedant,

465 1391 563 1423 etiam
588 1394 752 1431 tamqnam
771 1387 908 1429 steleyati
928 1386 1019 1418 Sedis
1039 1385 1174 1427 Aposto-

467 1444 550 1476 Iicffl‘
569 1442 595 1474 '¹.

439 1516 536 1543 sixtus
554 1515 624 1549 Papa
643 1513 672 1546 V.
697 1513 732 1540 ad
750 1513 914 1547 perpetuam
933 1510 974 1538 rei
993 1509 1163 1538 memoriam.

466 1577 481 1619 ξ
501 1575 531 1608 l.
555 1575 646 1615 Cum,
669 1575 750 1607 sicut
773 1573 1115 1617 exponinobisnuper
1132 1571 1175 1604 fc-

422 1630 462 1662 cit
492 1629 679 1662 carissimus
706 1627 966 1660 inChristosslius
983 1625 1175 1658 nosterPlii-

423 1682 531 1725 lippus
550 1682 776 1725 Hispaniarum
796 1691 849 1713 rex
866 1680 1175 1723 catholirusmupm·

424 1736 507 1768 edita
522 1735 618 1768 tuerit
634 1735 822 1768 constitutio
843 1733 1000 1776 quaedam
1021 1733 1084 1766 sive
1106 1732 1173 1765 edi-

423 1795 522 1828 ctum,
545 1800 601 1832 per
618 1800 715 1832 quam
730 1788 815 1821 bono
838 1787 980 1831 publico,
1000 1793 1030 1820 et
1051 1786 1090 1819 ad
1108 1785 1172 1819 evi-

424 1842 520 1874 tanda
540 1842 812 1882 inconvenientia,
836 1848 866 1874 et
891 1840 1097 1875 occasionem
1117 1840 1172 1871 de-

422 1895 590 1938 linquendi
605 1896 636 1928 in
657 1895 814 1928 offensam
826 1895 893 1935 Dei,
908 1895 982 1927 inde
1004 1892 1174 1937 provenire

422 1949 528 1988 solita,
556 1949 752 1987 archibusia,
771 1959 854 1991 quae
875 1948 1038 1991 appellant
1060 1947 1099 1979 ad
1122 1957 1174 1978 ro-

421 2009 496 2042 tam,
519 2013 670 2035 mensura
691 2008 831 2044 quatuor
851 2002 1034 2045 palmorum
1053 2000 1176 2033 brevio-

423 2067 469 2093 ra,
493 2056 636 2089 eiusdem
663 2056 753 2098 regni
781 2056 895 2087 incolis
921 2054 1084 2097 prohibita
1105 2054 1174 2086 sue-

423 2115 497 2142 runt
517 2110 577 2142 sub
599 2109 724 2153 poenis,
746 2109 907 2148 videlicet,
927 2108 1033 2152 quoad
1051 2107 1176 2140 nobiles

423 2168 453 2195 et
486 2163 631 2206 equites,
658 2173 695 2195 ac
726 2162 918 2206 praecipuos
947 2162 1052 2201 cives,
1088 2160 1174 2193 exilii

423 2217 590 2249 triennalis
612 2227 628 2248 a
648 2217 733 2249 dicto
755 2226 867 2258 regno,
891 2226 949 2259 pro
970 2215 1074 2258 prima
1093 2215 1174 2255 vice,

424 2279 482 2313 pro
515 2269 656 2302 secunda
686 2280 771 2309 vero,
801 2269 1010 2308 decennalis,
1042 2279 1079 2301 ac
1117 2279 1176 2312 pro

424 2323 529 2363 tertia,
548 2323 709 2367 perpetui,
728 2323 759 2355 in
780 2333 835 2356 eos
852 2323 908 2366 qui
926 2323 1001 2355 talia
1021 2322 1175 2354 arcliibii-

424 2376 469 2408 sia
494 2386 627 2419 quoquo
658 2376 755 2408 modo
781 2375 940 2408 haberent
966 2381 1019 2408 aut
1044 2375 1082 2407 iis
1106 2382 1177 2408 utc-

426 2434 550 2462 rentur.

469 2482 484 2525 §
509 2482 540 2515 2.
567 2482 672 2521 Quare
703 2482 788 2516 idem
818 2494 872 2515 rex
894 2483 987 2516 nobis
1008 2482 1177 2516 humiliter

425 2536 603 2580 supplicari
625 2536 700 2569 fecit
722 2542 881 2580 quatenus
906 2538 1034 2570 easdem
1056 2547 1177 2581 poenas

426 2590 464 2622 ad
491 2589 724 2622 ecclesiasticos
745 2590 889 2622 eiusdem
902 2591 990 2632 regni
1004 2591 1177 2623 extendere

426 2643 648 2685 dignaremur.

463 2708 472 2734 t
496 2706 538 2737 Ex
554 2705 665 2741 aegest.
684 2706 712 2735 in
727 2707 833 2734 secret.
849 2706 992 2736 Breviuin,

1020 308 1199 334 BULLARIUM
1219 304 1370 332 ROMANUM

1261 361 1276 404 g
1296 360 1326 393 3.
1350 360 1412 393 Nos
1431 360 1553 403 itaque,
1582 358 1727 391 eiusdem
1756 358 1897 402 Philippi
1916 369 1964 391 re-

1216 414 1263 456 gis
1279 413 1430 457 precibus
1452 412 1610 452 inclinati,
1632 401 1821 444 auctoritate
1841 418 1968 455 aposto-

1217 468 1290 507 lica,
1312 473 1423 500 tenore
1444 466 1676 510 praesentium,
1699 465 1826 498 easdem
1848 476 1968 508 poenas

1217 520 1249 553 in
1270 531 1382 553 omnes
1398 526 1429 553 et
1448 529 1671 563 quoscumque
1693 517 1928 551 ecclesiasticos
1939 525 1969 551 et

1218 575 1354 607 clericos
1374 573 1464 616 regni
1485 574 1683 615 Aragonum‚
1699 571 1730 604 in
1747 571 1858 610 sacris,
1872 571 1968 605 etiam

1218 628 1470 672 presbyteratus,
1487 626 1656 660 ordinibus
1677 625 1879 665 constitutos,
1904 631 1968 658 tam

1218 682 1412 722 saeculares,
1441 692 1537 724 quain
1586 679 1727 713 cuiusvis
1769 678 1899 712 Ordinis
1933 689 1970 712 ac

1218 735 1351 768 militiae
1382 735 1558 777 regulares,
1585 733 1697 777 quavis
1721 733 1888 776 dignitate,
1911 743 1968 765 au-

1218 789 1364 822 ctoritate
1386 794 1414 821 et
1428 787 1676 832 pwceminentia
1688 786 1860 830 fulgentes,
1873 785 1968 819 etiam

1218 848 1396 886 exeiiiptOS‚
1429 848 1459 875 et
1489 842 1548 874 sub
1574 846 1684 874 nostra
1713 851 1750 873 ac
1775 839 1863 873 beati
1883 839 1968 872 Petri

1219 896 1419 940 protectione
1448 895 1634 928 immediate
1654 900 1813 938 receptos,
1835 899 1867 926 et
1887 903 1968 937 quo-

1218 959 1358 992 cumque
1376 948 1544 993 privilegio
1557 948 1714 988 suffultos,
1734 957 1915 990 eorumque
1927 947 1969 979 sa-

1219 1003 1371 1043 miliarcs,
1395 1002 1570 1035 servientes
1596 1006 1627 1034 et
1647 1001 1811 1033 ministros
1831 1000 1971 1034 extendi—

1219 1067 1303 1095 mus,
1320 1056 1454 1100 perinde
1474 1056 1560 1095 acsi,
1575 1055 1681 1099 quoad
1703 1055 1781 1088 tales
1802 1065 1968 1098 personas,

1218 1122 1235 1143 a
1256 1110 1349 1143 nobis
1361 1115 1391 1143 et
1406 1109 1487 1142 Sede
1504 1108 1687 1152 Apostolica
1707 1108 1747 1141 ab
1768 1108 1860 1140 initio
1881 1118 1969 1141 ema—

1219 1169 1358 1197 nassent.
1376 1162 1536 1196 Univcrsis
1558 1168 1586 1195 et
1604 1162 1739 1205 singulis
1760 1162 1906 1195 locorum
1919 1171 1970 1194 or-

1218 1217 1354 1250 dinariis
1374 1217 1406 1249 in
1427 1216 1513 1250 dicto
1535 1226 1635 1259 regno
1655 1215 1971 1258 constitutis,etqui-

1218 1271 1326 1304 busvis
1355 1270 1615 1314 competentibus
1650 1268 1812 1301 iudicibus
1846 1268 1971 1312 praedi-

1219 1331 1301 1357 ctam
1323 1324 1588 1357 constitutionem
1612 1333 1669 1356 seu
1694 1322 1836 1355 edictum
1857 1326 1969 1355 contra

1219 1389 1373 1422 personas
1398 1376 1630 1410 ecclesiasticas
1655 1375 1846 1420 praedictas,
1873 1375 1968 1408 etiam

1217 1432 1324 1475 quoad
1351 1437 1526 1475 exemptas,
1545 1436 1711 1473 tamquam
1732 1428 1851 1462 nostris
1870 1435 1902 1462 et
1920 1428 1969 1460 di-

1218 1490 1287 1517 ctae
1308 1485 1399 1518 Sedis
1423 1483 1588 1527 delegatis
1609 1493 1691 1527 quae
1712 1482 1900 1515 huiusmodi
1921 1492 1971 1514 ar-

1218 1538 1364 1572 chibusia
1385 1538 1585 1571 detinuerint
1600 1548 1637 1570 ac
1651 1547 1784 1580 quoquo
1806 1535 1903 1569 modo
1914 1535 1970 1568 ha-

1218 1592 1363 1629 buerint,
1385 1592 1512 1624 debitae
1533 1590 1714 1624 executioni
1735 1601 1794 1634 pei·
1813 1600 1846 1622 se
1866 1589 1913 1622 vel
1935 1599 1969 1621 a-

1218 1647 1310 1687 lium,
1334 1652 1397 1679 tam
1425 1656 1482 1688 per
1504 1645 1584 1678 viam
1611 1643 1825 1677 accusationis
1844 1642 1892 1675 vel
1914 1642 1970 1674 de<

1218 1696 1437 1732 minciationis
1458 1699 1505 1731 vel
1520 1698 1676 1743 simplicis
1690 1697 1854 1741 querelae,
1872 1706 1968 1740 quam

1218 1764 1252 1785 ex
1280 1763 1369 1785 mero
1397 1753 1515 1792 officio,
1554 1751 1738 1796 inquirendi
1770 1756 1799 1783 et
1835 1750 1968 1782 deman-

1217 1806 1326 1845 dandi,
1350 1806 1561 1850 procedendi,
1575 1805 1655 1838 acin
1676 1815 1730 1837 eos
1748 1814 1869 1848 poenas
1882 1813 1970 1846 prae-

1218 1861 1319 1893 dictas
1344 1860 1536 1903 exequendi,
1563 1870 1600 1892 ac
1630 1857 1811 1891 executioni
1845 1856 1970 1889 debitae

1217 1925 1254 1946 ac
1284 1913 1503 1956 privilegiatae
1534 1911 1764 1951 demandandi,
1795 1910 1970 1943 auxilium-

1218 1978 1279 2009 que
1300 1967 1425 1999 bracliii
1447 1966 1621 1999 saecularis
1639 1966 1677 1998 ad
1697 1965 1741 2004 id,
1757 1965 1781 1997 si
1798 1975 1880 2008 opus
1900 1964 1970 1996 fue-

1219 2021 1271 2057 rit.
1295 2020 1476 2060 invocandi,
1501 2010 1800 2063 plenamsliberam
1822 2023 1852 2050 et
1869 2017 1971 2051 omni-

1219 2075 1361 2114 modam,
1380 2074 1475 2107 simili
1502 2073 1693 2106 auctoritate
1715 2071 1905 2116 apostolica,
1929 2076 1972 2103 te-

1219 2139 1297 2161 nore
1328 2128 1570 2171 praesentium,
1598 2126 1810 2160 concedimus
1835 2124 1970 2158 faculta-

1219 2187 1296 2213 tem.

1263 2235 1277 2276 ξ
1302 2234 1332 2267 4.
1360 2235 1428 2268 Non
1451 2234 1653 2267 obstantibus
1685 2233 1973 2267 constitutionibus

1219 2294 1249 2321 et
1269 2288 1533 2321 ordinationibus
1553 2287 1753 2332 apostolicis,
1776 2298 1813 2320 ac
1838 2287 1870 2319 in
1892 2297 1968 2319 con-

1219 2342 1314 2383 ciliis,
1337 2342 1433 2375 ctiam
1456 2342 1675 2385 generalibus,
1698 2341 1812 2379 editis;
1838 2348 1869 2373 et.
1893 2350 1973 2384 quo-

1220 2406 1438 2438 run'tcttmqtle
1459 2395 1617 2429 Ordinum
1636 2406 1671 2428 ac
1695 2395 1884 2427 militiarum
1905 2393 1972 2437 pri-

1219 2449 1353 2491 vilegiis,
1375 2449 1507 2482 indultis
1517 2454 1547 2481 et
1560 2449 1676 2481 litteris
1690 2448 1888 2492 apostolicis,
1902 2458 1972 2490 spe-

1219 2497 1356 2530 cialibus
1375 2499 1424 2530 vcl
1444 2499 1663 2541 generalibus,
1686 2506 1972 2541 quorumcumque

1221 2551 1369 2579 tenorum
1387 2547 1536 2586 existant,
1554 2558 1612 2590 per
1632 2557 1727 2590 quac,
1749 2544 1972 2589 praesentibus

1220 2605 1285 2628 non
1310 2607 1458 2640 expressa
1491 2597 1538 2628 vel
1574 2596 1714 2628 totaliter
1746 2598 1811 2628 n'on
1837 2594 1970 2631 inserta,

1221 2647 1354 2680 effertus
1382 2656 1492 2678 earum
1519 2646 1621 2677 valeat
1646 2642 1890 2687 quomodolibet
1913 2643 1972 2674 im-

1221 2695 1338 2739 pediri,
1356 2695 1452 2728 etiam
1464 2695 1524 2727 sub
1542 2699 1710 2737 praetextu
1731 2692 1843 2725 firmae
1864 2692 1972 2725 cuius-

1982 312 2024 339 An
2051 309 2080 337 C.
2097 308 2164 338 ¹587

2009 371 2167 392 ExtenditPou·

1982 403 2032 424 tilox
2048 402 2166 424 mandando

1982 434 2168 455 ordinariistoco-

1983 472 2027 486 runi
2050 468 2072 485 ut
2093 468 2168 485 “ontru

1983 497 2168 523 delinquontpro·

1984 529 2068 549 cedunt.

1999 2252 2170 2278 Quibuscumque

1986 2288 2028 2303 nou
2057 2282 2169 2303 obsianu-

1986 2313 2031 2334 bnt.
