2226 3070
883 259 979 284 ixnnx
1001 260 1107 284 1111111111
1668 249 1731 283 667

316 326 361 354 tes
381 321 637 366 vigintiquinque
658 331 758 355 annos
778 328 871 355 natus
895 333 913 355 a
933 321 988 355 Pio
1008 322 1044 355 tt*
1066 321 1267 355 renuntiatus
1280 334 1286 359 ;
1301 322 1467 365 presbyter
1487 322 1669 362 cardinalis,
1694 322 1774 354 tituli

314 374 448 407 Sanctae
469 375 614 415 Ceciliae,
637 386 654 407 a
674 375 830 418 Gregorio
850 375 916 408 XIII
937 381 1075 415 creatus,
1099 375 1149 408 cui
1170 385 1260 408 sacra
1281 374 1382 408 thiara
1400 374 1550 418 imposita
1568 375 1624 407 snit
1651 375 1701 408 die
1718 385 1775 408 vm

316 427 432 460 mensis
449 428 630 461 decembris
650 439 700 461 an.
726 439 821 466 noxe,
845 427 909 461 383
929 440 957 461 (ι.
983 428 1063 461 Vixit
1085 439 1209 462 menses
1230 429 1354 468 decem,
1379 427 1445 461 dies
1470 428 1593 465 decem,
1617 428 1773 471 tempori-

315 480 373 513 bus
392 481 553 524 Rodulplii
575 482 598 514 ll
620 482 833 525 imperatoris
855 481 977 515 Creavit
1006 481 1184 515 cardinales
1214 481 1377 525 quinque,
1401 492 1501 524 exque
1532 481 1591 513 hac
1621 481 1680 513 rita
1712 481 1773 513 mi-

315 534 418 575 gravit
439 535 490 568 die
511 545 550 568 xv
578 535 720 568 octobris
740 546 790 568 an.
816 545 925 575 itnxct,
950 534 1027 568 ibid.
1052 535 1125 568 Eius
1153 535 1287 568 cadaver
1320 536 1350 568 in
1372 535 1488 568 sacello
1516 534 1682 567 conditum
1706 535 1773 573 suit,

315 587 402 630 quod
418 588 651 630 Gregorianum
673 589 854 632 appellatur
874 600 890 621 a
911 588 1066 631 Gregorio
1088 589 1165 625 xltl,
1189 589 1244 632 qui
1266 588 1344 621 illud
1366 587 1560 624 aedificavit.
1586 587 1662 620 ibid.
1687 588 1732 621 Pii
1755 589 1777 619 V

316 640 578 674 constitutionem
592 642 630 675 de
645 652 709 674 non
724 641 902 675 alienandis
915 641 1074 675 Ecclesiae
1088 641 1222 674 Sanctae
1234 642 1397 674 Romanae
1409 641 1502 674 bonis
1514 641 1654 680 innovat,
1669 640 1733 674 383
1743 653 1773 673 a.

316 693 517 727 Erectionem
538 695 637 728 Rotae
655 695 885 728 Avenionensis
906 694 1086 733 confirmat,
1111 694 1175 727 384
1195 706 1215 727 α
1233 701 1259 727 01
1281 706 1359 738 sem
1384 695 1627 737 Congregationi
1646 694 1776 728 Concilii

316 747 499 781 facultatem
519 748 705 781 absolvendi
728 749 809 781 male
832 754 998 792 promotos
1019 748 1059 781 ad
1079 748 1213 781 Ordines
1234 748 1398 790 elargitur,
1422 747 1481 781 :391
1505 748 1531 780 b.
1556 749 1638 781 Duas
1658 748 1733 782 Sixti
1755 749 1777 780 V

314 801 557 834 constitutiones
576 812 673 846 super
693 802 877 846 receptione
896 802 1089 835 novitiorum
1104 801 1346 844 illegitimorum
1369 802 1408 834 ad
1429 801 1563 834 Ordines
1578 802 1774 839 moderatur,

314 853 377 887 392
398 865 427 887 a.
452 854 647 899 Sponsiones
667 866 764 899 super
784 855 857 893 vita,
883 861 984 888 morte
1010 861 1037 888 et
1066 855 1222 888 electione
1247 856 1282 888 R.
1311 855 1475 888 Pontificis
1495 856 1637 894 damnat,
1660 855 1724 889 396
1746 856 1773 888 b.

313 908 473 941 Cardinali
491 909 613 942 dec-ano
632 909 844 952 temporalem
867 909 1122 942 iurisdictionem
1142 908 1303 941 civitatum
1325 908 1477 941 Ostiensis
1502 915 1531 941 et
1551 909 1778 942 Veliternensis

315 961 464 997 restituit.
502 960 563 994 400
585 962 612 994 b.
646 962 730 995 Indis
758 962 936 995 insularum
964 961 1219 1005 Pliilippinarut‘n
1249 962 1288 994 ad
1314 961 1411 994 tidem
1437 962 1597 994 conversis
1617 962 1774 1005 providet.

314 1013 378 1046 405
403 1025 432 1046 α.
462 1015 697 1048 Brundusinam
729 1015 895 1048 ecclesiam
923 1015 1221 1058 metropolitanam,
1250 1015 1414 1047 L'ritanam
1441 1025 1516 1047 vero
1542 1015 1777 1057 suffraganeam

315 1067 473 1105 declarat,
497 1067 560 1101 417
582 1079 601 1101 α
622 1075 652 1101 et
671 1079 749 1112 seq..
775 1069 923 1101 Formam
945 1068 1134 1112 praescribit
1152 1067 1376 1111 promovendi,
1393 1067 1478 1100 iuxta
1495 1068 1626 1101 Concilii
1647 1068 1778 1102 Triden-

317 1120 372 1154 tini
394 1121 533 1161 decreta,
558 1122 597 1155 ad
617 1122 760 1164 regimen
783 1122 991 1155 ecclesiarum
1012 1121 1246 1154 cathedralium
1268 1127 1297 1154 et
1317 1122 1357 1154 ad
1379 1121 1456 1154 alias
1470 1121 1650 1163 dignitates,
1666 1121 1731 1155 419
1746 1123 1773 1155 b.

314 1175 534 1209 Immunitates
557 1175 776 1211 ecclesiarum.
796 1175 989 1219 quibusdam
1010 1175 1148 1219 exceptis
1162 1175 1299 1215 casibus,
1316 1175 1656 1219 observaripraecipit,
1671 1175 1774 1209 4-2411.

316 1228 581 1262 Constitutionem
602 1229 677 1262 Sixti
699 1229 721 1259 V
741 1239 839 1272 super
861 1229 1011 1262 abortum
1033 1229 1231 1269 moderatur,
1254 1227 1319 1261 436
1339 1240 1368 1261 a.
1393 1228 1534 1262 Biretum
1556 1229 1691 1262 rubrum
1711 1241 1778 1263 car-

315 1281 474 1315 dinalibus
487 1282 710 1325 Regularihus,
726 1282 884 1322 concedit,
900 1281 963 1315 433
974 1293 1004 1315 α.
1020 1283 1184 1326 Approbat
1201 1282 1381 1315 institutum
1394 1282 1559 1316 Societatis
1570 1283 1650 1323 Iesu,
1668 1282 1732 1316 436
1747 1284 1774 1316 b.

313 1335 409 1368 Casus
428 1335 540 1369 definit
561 1336 592 1369 111
613 1336 729 1380 quibus
746 1336 777 1370 C.
802 1338 836 1370 A.
858 1336 1056 1370 concordare
1076 1342 1180 1380 potest
1202 1347 1275 1369 cum
1294 1336 1470 1369 baronibus
1489 1347 1585 1380 super
1603 1337 1704 1370 feudis
1726 1337 1779 1370 de-

314 1388 441 1429 volutis,
465 1388 529 1421 476
548 1390 574 1422 b.
592 1390 748 1432 Regulam
769 1390 927 1434 approbat
946 1389 1204 1433 congregationis
1223 1389 1419 1422 Clericorum
1440 1389 1578 1423 infirmis
1596 1390 1779 1424 ministran-

314 1442 406 1483 tium,
430 1442 494 1475 479
515 1455 535 1475 a
562 1449 590 1476 et
610 1454 674 1487 seq.
704 1443 830 1476 Indulta
851 1443 1038 1477 moderatur
1064 1443 1094 1476 S.
1119 1443 1153 1476 R.
1178 1443 1212 1476 Ε.
1242 1443 1454 1476 cardinalium
1481 1454 1577 1487 super
1608 1444 1779 1477 collatione

314 1495 559 1533 beneficiorum,
583 1495 648 1529 503
668 1508 698 1529 α.

221 1549 366 1582 Guevara
384 1549 576 1594 Alphonsus,
593 1550 629 1584 U.
653 1551 674 1584 1.
699 1551 748 1589 D..
770 1550 802 1583 in
824 1556 960 1595 utraque
981 1550 1146 1593 signatura
1163 1550 1409 1584 referendarius.
1437 1550 1470 1584 V,
1492 1551 1776 1585 Vicecamerarius.

223 1923 339 1957 Habitu
359 1929 390 1956 et
414 1929 545 1957 tonsura
565 1923 769 1967 contemptis,
791 1928 902 1956 contra
923 1933 1085 1956 canonum
1103 1922 1313 1967 praescripta,
1337 1923 1443 1957 clerici
1462 1923 1629 1957 laicalibus
1642 1924 1781 1958 vestibus

312 1982 457 2014 utuntur,
481 1977 523 2009 67
543 1988 572 2010 (1.
590 1977 694 2011 Sixtus
714 1977 738 2008 V
764 1977 910 2010 habitum
928 1976 1077 2020 praefinit
1108 1982 1339 2020 tonsuramque
1359 1977 1551 2021 praescribit
1571 1984 1636 2011 tam
1657 1978 1781 2012 clericis

312 2042 409 2074 quam
430 2030 585 2063 militibus
606 2030 763 2064 beneficia
784 2030 1015 2070 obtinentibus,
1039 2029 1080 2062 67
1102 2041 1119 2062 ιι
1145 2037 1175 2063 et
1196 2030 1221 2062 b.
1246 2031 1371 2064 Poenae
1403 2037 1515 2064 contra
1544 2031 1777 2070 inobedientes,

312 2083 353 2117 68
367 2095 395 2116 n.
413 2084 591 2118 Declaratio
609 2094 668 2128 pro
688 2084 853 2117 Romanae
874 2083 985 2117 Curiae
1007 2083 1198 2117 officialibus
1219 2083 1355 2128 aliisque
1373 2084 1528 2117 militibus
1549 2085 1603 2128 qui
1624 2085 1684 2118 hac
1706 2096 1781 2119 con-

313 2137 477 2170 stitutione
498 2148 563 2170 non
584 2137 839 2180 adstringuntur,
854 2137 930 2170 ibid.
949 2137 1006 2170 bet
1026 2148 1090 2181 seq.
1115 2138 1204 2170 IIanc
1225 2137 1373 2170 eamdem
1386 2138 1648 2172 constitutionem
1670 2139 1781 2172 mode-

315 2196 405 2224 ratur
427 2191 493 2234 ipse
506 2191 593 2234 Papa
605 2201 664 2234 pro
685 2191 723 2223 iis
743 2191 879 2231 clericis,
897 2191 950 2234 qui
970 2190 1128 2224 beneficia
1147 2196 1201 2224 aut
1219 2191 1390 2234 pensiones
1411 2201 1533 2224 annuas
1553 2191 1778 2235 liabent,quo-

312 2255 384 2277 rum
396 2244 486 2277 valor
505 2244 669 2287 sexaginta
689 2244 822 2277 ducatos
844 2244 913 2277 auri
934 2244 972 2277 de
983 2244 1116 2277 Camera
1136 2254 1201 2277 non
1223 2244 1357 2284 excedit,
1376 2243 1417 2276 70
1437 2256 1468 2283 (t,'
1489 2250 1516 2277 et
1538 2255 1596 2288 pro
1618 2246 1781 2279 nonnullis

316 2297 528 2330 familiaribus
547 2296 722 2337 Pontificis,
740 2297 817 2330 ibid.
833 2297 859 2330 b.
877 2298 1045 2331 Terminus
1067 2297 1252 2341 quindecim
1273 2297 1399 2331 dierum
1417 2298 1449 2330 in
1463 2298 1648 2341 supradicta
1665 2299 1781 2331 consti-

314 2351 436 2385 tutione
456 2351 617 2395 praefixus
638 2352 829 2391 extenditur,
854 2351 929 2385 ibid.
954 2351 1107 2394 Mitigatio
1140 2352 1215 2384 item
1236 2362 1295 2395 pro
1323 2351 1477 2385 militibus
1497 2352 1605 2395 quoad
1634 2352 1779 2385 habitum

313 2405 496 2445 militarem,
517 2405 594 2438 ibid.
612 2405 751 2449 Tempus
768 2405 959 2449 praefinitur
979 2415 1043 2449 quo
1063 2405 1173 2438 clerici
1191 2416 1293 2449 aeque
1314 2415 1349 2438 ac
1367 2404 1485 2438 milites
1501 2405 1646 2439 habitum
1669 2416 1781 2448 gerere

315 2464 475 2498 tenentur,
501 2458 576 2491 ibid.
601 2464 630 2492 et
651 2469 715 2502 seq.

226 2511 361 2545 IIaebrei
382 2511 516 2545 civitatis
536 2511 765 2545 Arenionensis
786 2518 817 2545 et
836 2511 1006 2545 comitatus
1027 2511 1202 2545 Venaissini
1224 2522 1273 2545 res
1294 2521 1392 2545 novas
1409 2512 1547 2545 vendere
1567 2511 1781 2555 prohibentur

314 2564 428 2598 litteris
446 2565 493 2598 Pii
513 2566 536 2598 V
556 2571 587 2598 et
606 2565 696 2599 Pauli
716 2566 764 2606 lv,
779 2565 843 2598 524
859 2577 887 2598 α.
903 2565 968 2599 Illis
990 2571 1095 2598 tamen
1117 2566 1317 2610 supradictas
1335 2566 1579 2599 constitutiones
1592 2576 1657 2598 non
1671 2565 1781 2598 obser-

316 2619 473 2659 vantibus,
497 2630 550 2653 eas
570 2619 700 2653 innovat
720 2620 865 2653 Clemens
884 2619 948 2653 vltt
969 2619 1177 2663 peculiariter
1196 2630 1255 2664 pro
1277 2619 1402 2653 civitate
1427 2619 1640 2653 Avenionensi
1668 2625 1698 2652 et
1724 2619 1780 2652 Co-

316 2679 382 2707 tatu
402 2673 600 2715 Venaissino,
624 2673 700 2707 ibid.
723 2673 901 2718 Exequutio
921 2673 1120 2717 vioe-legatis
1137 2673 1359 2715 committitur,
1383 2673 1460 2707 ibid.
