<?xml version="1.0" encoding="UTF-8"?>
<!DOCTYPE html PUBLIC "-//W3C//DTD XHTML 1.0 Transitional//EN"
    "http://www.w3.org/TR/xhtml1/DTD/xhtml1-transitional.dtd">
<html xmlns="http://www.w3.org/1999/xhtml" xml:lang="en" lang="en">
 <head>
  <title>
</title>
<meta http-equiv="Content-Type" content="text/html;charset=utf-8" />
  <meta name='ocr-system' content='tesseract 3.04.00' />
  <meta name='ocr-capabilities' content='ocr_page ocr_carea ocr_par ocr_line ocrx_word'/>
</head>
<body>
  <div class='ocr_page' id='page_1' title='image "./bullarumdiplomat09cath/bullarumdiplomat09cath_0485.png"; bbox 0 0 2226 3070; ppageno 0'>
   <div class='ocr_carea' id='block_1_1' title="bbox 94 296 1032 2058">
    <p class='ocr_par' dir='ltr' id='par_1_1' title="bbox 94 296 1032 487">
     <span class='ocr_line' id='line_1_1' title="bbox 94 296 269 327; baseline -0.017 0"><span class='ocrx_word' id='word_1_1' title='bbox 94 300 143 327; x_wconf 78' lang='lat' dir='ltr'>An.</span> <span class='ocrx_word' id='word_1_2' title='bbox 159 297 188 326; x_wconf 87' lang='lat' dir='ltr'>C.</span> <span class='ocrx_word' id='word_1_3' title='bbox 205 296 269 324; x_wconf 76' lang='lat'>1591</span> 
     </span>
     <span class='ocr_line' id='line_1_2' title="bbox 287 345 1031 390; baseline 0.005 -12"><span class='ocrx_word' id='word_1_4' title='bbox 287 345 408 379; x_wconf 87' lang='lat' dir='ltr'>iteratis</span> <span class='ocrx_word' id='word_1_5' title='bbox 418 346 542 380; x_wconf 90' lang='lat' dir='ltr'>vicibus</span> <span class='ocrx_word' id='word_1_6' title='bbox 553 348 767 390; x_wconf 82' lang='lat' dir='ltr'>aggravando,</span> <span class='ocrx_word' id='word_1_7' title='bbox 780 348 925 382; x_wconf 86' lang='lat' dir='ltr'>invocato</span> <span class='ocrx_word' id='word_1_8' title='bbox 935 349 1031 382; x_wconf 86' lang='lat' dir='ltr'>etiam</span> 
     </span>
     <span class='ocr_line' id='line_1_3' title="bbox 288 399 1032 445; baseline 0.007 -14"><span class='ocrx_word' id='word_1_9' title='bbox 288 399 327 432; x_wconf 88' lang='lat' dir='ltr'>ad</span> <span class='ocrx_word' id='word_1_10' title='bbox 341 399 413 441; x_wconf 85' lang='lat' dir='ltr'>hoc,</span> <span class='ocrx_word' id='word_1_11' title='bbox 431 400 457 433; x_wconf 87' lang='lat' dir='ltr'>si</span> <span class='ocrx_word' id='word_1_12' title='bbox 475 410 556 445; x_wconf 90' lang='lat' dir='ltr'>opus</span> <span class='ocrx_word' id='word_1_13' title='bbox 569 401 674 443; x_wconf 85' lang='lat' dir='ltr'>fuerit,</span> <span class='ocrx_word' id='word_1_14' title='bbox 691 401 810 435; x_wconf 88' lang='lat' dir='ltr'>auxilio</span> <span class='ocrx_word' id='word_1_15' title='bbox 827 402 950 436; x_wconf 89' lang='lat' dir='ltr'>brachii</span> <span class='ocrx_word' id='word_1_16' title='bbox 964 413 1032 436; x_wconf 87' lang='lat' dir='ltr'>sae-</span> 
     </span>
     <span class='ocr_line' id='line_1_4' title="bbox 288 453 415 487; baseline 0.008 -1"><span class='ocrx_word' id='word_1_17' title='bbox 288 453 415 487; x_wconf 88' lang='lat' dir='ltr'>cularis.</span> 
     </span>
    </p>

    <p class='ocr_par' dir='ltr' id='par_1_2' title="bbox 283 506 1031 1778">
     <span class='ocr_line' id='line_1_5' title="bbox 333 506 1026 553; baseline 0.003 -13"><span class='ocrx_word' id='word_1_18' title='bbox 333 508 350 549; x_wconf 59' lang='lat' dir='ltr'>g</span> <span class='ocrx_word' id='word_1_19' title='bbox 370 506 401 540; x_wconf 88' lang='lat'>6.</span> <span class='ocrx_word' id='word_1_20' title='bbox 425 508 495 541; x_wconf 90' lang='lat' dir='ltr'>Non</span> <span class='ocrx_word' id='word_1_21' title='bbox 516 508 717 542; x_wconf 80' lang='lat' dir='ltr'>obstantibus</span> <span class='ocrx_word' id='word_1_22' title='bbox 737 509 801 542; x_wconf 89' lang='lat' dir='ltr'>litis</span> <span class='ocrx_word' id='word_1_23' title='bbox 822 510 1005 553; x_wconf 76' lang='lat' dir='ltr'>pendentiis</span> <span class='ocrx_word' id='word_1_24' title='bbox 1019 537 1026 550; x_wconf 93' lang='lat'>‚</span> 
     </span>
     <span class='ocr_line' id='line_1_6' title="bbox 289 560 1026 607; baseline 0.005 -15"><span class='ocrx_word' id='word_1_25' title='bbox 289 565 320 592; x_wconf 90' lang='lat' dir='ltr'>et</span> <span class='ocrx_word' id='word_1_26' title='bbox 338 560 520 602; x_wconf 79' lang='lat' dir='ltr'>Alexandri,</span> <span class='ocrx_word' id='word_1_27' title='bbox 543 562 676 595; x_wconf 86' lang='lat' dir='ltr'>Adriani</span> <span class='ocrx_word' id='word_1_28' title='bbox 698 568 728 596; x_wconf 87' lang='lat' dir='ltr'>et</span> <span class='ocrx_word' id='word_1_29' title='bbox 745 563 859 596; x_wconf 79' lang='lat' dir='ltr'>Leonis</span> <span class='ocrx_word' id='word_1_30' title='bbox 888 564 1026 607; x_wconf 84' lang='lat' dir='ltr'>praede-</span> 
     </span>
     <span class='ocr_line' id='line_1_7' title="bbox 288 616 1031 660; baseline 0.004 -14"><span class='ocrx_word' id='word_1_31' title='bbox 288 624 451 647; x_wconf 86' lang='lat' dir='ltr'>cessorum</span> <span class='ocrx_word' id='word_1_32' title='bbox 474 621 659 648; x_wconf 86' lang='lat' dir='ltr'>nostrorum</span> <span class='ocrx_word' id='word_1_33' title='bbox 687 616 863 659; x_wconf 79' lang='lat' dir='ltr'>privilegiis</span> <span class='ocrx_word' id='word_1_34' title='bbox 891 617 1031 660; x_wconf 81' lang='lat' dir='ltr'>desuper</span> 
     </span>
     <span class='ocr_line' id='line_1_8' title="bbox 287 668 1030 712; baseline 0.004 -13"><span class='ocrx_word' id='word_1_35' title='bbox 287 668 462 709; x_wconf 70' lang='lat' dir='ltr'>emanans,</span> <span class='ocrx_word' id='word_1_36' title='bbox 490 669 606 712; x_wconf 89' lang='lat' dir='ltr'>quibus</span> <span class='ocrx_word' id='word_1_37' title='bbox 633 670 800 710; x_wconf 88' lang='lat' dir='ltr'>omnibus,</span> <span class='ocrx_word' id='word_1_38' title='bbox 832 670 957 702; x_wconf 87' lang='lat' dir='ltr'>etiamsi</span> <span class='ocrx_word' id='word_1_39' title='bbox 992 671 1030 703; x_wconf 91' lang='lat' dir='ltr'>de</span> 
     </span>
     <span class='ocr_line' id='line_1_9' title="bbox 287 721 1026 767; baseline 0.004 -14"><span class='ocrx_word' id='word_1_40' title='bbox 287 721 349 754; x_wconf 88' lang='lat' dir='ltr'>illis</span> <span class='ocrx_word' id='word_1_41' title='bbox 367 732 546 766; x_wconf 88' lang='lat' dir='ltr'>eorumque</span> <span class='ocrx_word' id='word_1_42' title='bbox 574 723 648 756; x_wconf 88' lang='lat' dir='ltr'>totis</span> <span class='ocrx_word' id='word_1_43' title='bbox 671 723 837 756; x_wconf 91' lang='lat' dir='ltr'>tenoribus</span> <span class='ocrx_word' id='word_1_44' title='bbox 858 724 1026 767; x_wconf 89' lang='lat' dir='ltr'>specialis,</span> 
     </span>
     <span class='ocr_line' id='line_1_10' title="bbox 286 774 1030 819; baseline 0.004 -13"><span class='ocrx_word' id='word_1_45' title='bbox 286 774 453 818; x_wconf 87' lang='lat' dir='ltr'>specifica,</span> <span class='ocrx_word' id='word_1_46' title='bbox 482 785 630 819; x_wconf 83' lang='lat' dir='ltr'>expressa</span> <span class='ocrx_word' id='word_1_47' title='bbox 656 781 688 809; x_wconf 91' lang='lat' dir='ltr'>et</span> <span class='ocrx_word' id='word_1_48' title='bbox 718 776 884 809; x_wconf 87' lang='lat' dir='ltr'>individua</span> <span class='ocrx_word' id='word_1_49' title='bbox 919 788 956 809; x_wconf 84' lang='lat' dir='ltr'>ac</span> <span class='ocrx_word' id='word_1_50' title='bbox 991 777 1030 810; x_wconf 91' lang='lat' dir='ltr'>de</span> 
     </span>
     <span class='ocr_line' id='line_1_11' title="bbox 285 828 1030 874; baseline 0.005 -14"><span class='ocrx_word' id='word_1_51' title='bbox 285 828 384 861; x_wconf 89' lang='lat' dir='ltr'>verbo</span> <span class='ocrx_word' id='word_1_52' title='bbox 401 829 441 862; x_wconf 87' lang='lat' dir='ltr'>ad</span> <span class='ocrx_word' id='word_1_53' title='bbox 458 829 603 870; x_wconf 90' lang='lat' dir='ltr'>verbum,</span> <span class='ocrx_word' id='word_1_54' title='bbox 627 840 693 863; x_wconf 97' lang='lat' dir='ltr'>non</span> <span class='ocrx_word' id='word_1_55' title='bbox 705 836 811 863; x_wconf 86' lang='lat' dir='ltr'>autem</span> <span class='ocrx_word' id='word_1_56' title='bbox 830 841 888 874; x_wconf 88' lang='lat' dir='ltr'>per</span> <span class='ocrx_word' id='word_1_57' title='bbox 905 831 1030 864; x_wconf 83' lang='lat' dir='ltr'>clausu-</span> 
     </span>
     <span class='ocr_line' id='line_1_12' title="bbox 285 881 1029 928; baseline 0.004 -14"><span class='ocrx_word' id='word_1_58' title='bbox 285 881 331 915; x_wconf 89' lang='lat' dir='ltr'>las</span> <span class='ocrx_word' id='word_1_59' title='bbox 358 883 524 924; x_wconf 77' lang='lat' dir='ltr'>generales</span> <span class='ocrx_word' id='word_1_60' title='bbox 551 883 637 916; x_wconf 90' lang='lat' dir='ltr'>idem</span> <span class='ocrx_word' id='word_1_61' title='bbox 663 883 887 928; x_wconf 87' lang='lat' dir='ltr'>importantes,</span> <span class='ocrx_word' id='word_1_62' title='bbox 908 884 1029 917; x_wconf 89' lang='lat' dir='ltr'>mentio</span> 
     </span>
     <span class='ocr_line' id='line_1_13' title="bbox 285 937 1027 982; baseline 0.005 -14"><span class='ocrx_word' id='word_1_63' title='bbox 285 941 316 968; x_wconf 94' lang='lat' dir='ltr'>et</span> <span class='ocrx_word' id='word_1_64' title='bbox 342 937 472 980; x_wconf 83' lang='lat' dir='ltr'>quaevis</span> <span class='ocrx_word' id='word_1_65' title='bbox 500 937 562 970; x_wconf 87' lang='lat' dir='ltr'>alia</span> <span class='ocrx_word' id='word_1_66' title='bbox 593 938 755 982; x_wconf 81' lang='lat' dir='ltr'>expressio</span> <span class='ocrx_word' id='word_1_67' title='bbox 786 938 954 980; x_wconf 82' lang='lat' dir='ltr'>habenda,</span> <span class='ocrx_word' id='word_1_68' title='bbox 975 945 1027 972; x_wconf 87' lang='lat' dir='ltr'>aut</span> 
     </span>
     <span class='ocr_line' id='line_1_14' title="bbox 285 989 1029 1035; baseline 0.007 -13"><span class='ocrx_word' id='word_1_69' title='bbox 285 989 394 1034; x_wconf 85' lang='lat' dir='ltr'>aliqua</span> <span class='ocrx_word' id='word_1_70' title='bbox 411 992 567 1035; x_wconf 81' lang='lat' dir='ltr'>exquisita</span> <span class='ocrx_word' id='word_1_71' title='bbox 589 993 692 1026; x_wconf 85' lang='lat' dir='ltr'>forma</span> <span class='ocrx_word' id='word_1_72' title='bbox 720 994 760 1026; x_wconf 87' lang='lat' dir='ltr'>ad</span> <span class='ocrx_word' id='word_1_73' title='bbox 786 993 848 1026; x_wconf 88' lang='lat' dir='ltr'>hoc</span> <span class='ocrx_word' id='word_1_74' title='bbox 873 994 1029 1027; x_wconf 87' lang='lat' dir='ltr'>servanda</span> 
     </span>
     <span class='ocr_line' id='line_1_15' title="bbox 284 1044 1028 1088; baseline 0.005 -12"><span class='ocrx_word' id='word_1_75' title='bbox 284 1044 377 1085; x_wconf 87' lang='lat' dir='ltr'>foret,</span> <span class='ocrx_word' id='word_1_76' title='bbox 399 1051 526 1080; x_wconf 82' lang='lat' dir='ltr'>tenores</span> <span class='ocrx_word' id='word_1_77' title='bbox 546 1047 743 1088; x_wconf 88' lang='lat' dir='ltr'>huiusmodi,</span> <span class='ocrx_word' id='word_1_78' title='bbox 767 1058 803 1080; x_wconf 87' lang='lat' dir='ltr'>ac</span> <span class='ocrx_word' id='word_1_79' title='bbox 826 1047 851 1080; x_wconf 91' lang='lat' dir='ltr'>si</span> <span class='ocrx_word' id='word_1_80' title='bbox 872 1047 912 1080; x_wconf 88' lang='lat' dir='ltr'>de</span> <span class='ocrx_word' id='word_1_81' title='bbox 930 1047 1028 1080; x_wconf 89' lang='lat' dir='ltr'>verbo</span> 
     </span>
     <span class='ocr_line' id='line_1_16' title="bbox 285 1098 1025 1144; baseline 0.004 -13"><span class='ocrx_word' id='word_1_82' title='bbox 285 1098 325 1131; x_wconf 90' lang='lat' dir='ltr'>ad</span> <span class='ocrx_word' id='word_1_83' title='bbox 344 1099 489 1141; x_wconf 87' lang='lat' dir='ltr'>verbum,</span> <span class='ocrx_word' id='word_1_84' title='bbox 508 1100 588 1133; x_wconf 90' lang='lat' dir='ltr'>nihil</span> <span class='ocrx_word' id='word_1_85' title='bbox 607 1101 733 1144; x_wconf 88' lang='lat' dir='ltr'>penitus</span> <span class='ocrx_word' id='word_1_86' title='bbox 753 1101 884 1141; x_wconf 90' lang='lat' dir='ltr'>omisso,</span> <span class='ocrx_word' id='word_1_87' title='bbox 902 1100 1025 1134; x_wconf 87' lang='lat' dir='ltr'>insere-</span> 
     </span>
     <span class='ocr_line' id='line_1_17' title="bbox 285 1154 1024 1199; baseline 0.004 -15"><span class='ocrx_word' id='word_1_88' title='bbox 285 1158 413 1194; x_wconf 85' lang='lat' dir='ltr'>rentur,</span> <span class='ocrx_word' id='word_1_89' title='bbox 433 1155 659 1198; x_wconf 87' lang='lat' dir='ltr'>praesentibus</span> <span class='ocrx_word' id='word_1_90' title='bbox 687 1165 747 1199; x_wconf 88' lang='lat' dir='ltr'>pro</span> <span class='ocrx_word' id='word_1_91' title='bbox 780 1154 936 1199; x_wconf 80' lang='lat' dir='ltr'>expressis</span> <span class='ocrx_word' id='word_1_92' title='bbox 964 1154 1024 1187; x_wconf 89' lang='lat' dir='ltr'>ha-</span> 
     </span>
     <span class='ocr_line' id='line_1_18' title="bbox 284 1200 1024 1252; baseline 0.004 -14"><span class='ocrx_word' id='word_1_93' title='bbox 284 1205 406 1247; x_wconf 89' lang='lat' dir='ltr'>bentes,</span> <span class='ocrx_word' id='word_1_94' title='bbox 428 1200 618 1242; x_wconf 78' lang='lat' dir='ltr'>auctoritate</span> <span class='ocrx_word' id='word_1_95' title='bbox 639 1214 671 1242; x_wconf 87' lang='lat' dir='ltr'>et</span> <span class='ocrx_word' id='word_1_96' title='bbox 696 1214 810 1242; x_wconf 88' lang='lat' dir='ltr'>tenore</span> <span class='ocrx_word' id='word_1_97' title='bbox 830 1207 1002 1252; x_wconf 87' lang='lat' dir='ltr'>praedictis</span> <span class='ocrx_word' id='word_1_98' title='bbox 1017 1235 1024 1249; x_wconf 79' lang='lat'>,</span> 
     </span>
     <span class='ocr_line' id='line_1_19' title="bbox 283 1260 1024 1306; baseline 0.004 -13"><span class='ocrx_word' id='word_1_99' title='bbox 283 1260 466 1304; x_wconf 77' lang='lat' dir='ltr'>specialiter</span> <span class='ocrx_word' id='word_1_100' title='bbox 490 1267 521 1295; x_wconf 83' lang='lat' dir='ltr'>et</span> <span class='ocrx_word' id='word_1_101' title='bbox 544 1273 692 1306; x_wconf 78' lang='lat' dir='ltr'>expresse</span> <span class='ocrx_word' id='word_1_102' title='bbox 720 1263 924 1305; x_wconf 80' lang='lat' dir='ltr'>derogamus,</span> <span class='ocrx_word' id='word_1_103' title='bbox 945 1273 1024 1296; x_wconf 92' lang='lat' dir='ltr'>con-</span> 
     </span>
     <span class='ocr_line' id='line_1_20' title="bbox 286 1313 1027 1359; baseline 0.005 -13"><span class='ocrx_word' id='word_1_104' title='bbox 286 1313 390 1346; x_wconf 76' lang='lat' dir='ltr'>trariis</span> <span class='ocrx_word' id='word_1_105' title='bbox 408 1314 676 1359; x_wconf 74' lang='lat' dir='ltr'>quibuscumque</span> <span class='ocrx_word' id='word_1_106' title='bbox 700 1317 763 1349; x_wconf 83' lang='lat' dir='ltr'>Aut</span> <span class='ocrx_word' id='word_1_107' title='bbox 781 1316 807 1349; x_wconf 89' lang='lat' dir='ltr'>si</span> <span class='ocrx_word' id='word_1_108' title='bbox 822 1316 955 1357; x_wconf 85' lang='lat' dir='ltr'>decano,</span> <span class='ocrx_word' id='word_1_109' title='bbox 972 1316 1027 1350; x_wconf 86' lang='lat' dir='ltr'>Ca-</span> 
     </span>
     <span class='ocr_line' id='line_1_21' title="bbox 284 1367 1023 1414; baseline 0.003 -13"><span class='ocrx_word' id='word_1_110' title='bbox 284 1367 386 1411; x_wconf 91' lang='lat' dir='ltr'>pitulo</span> <span class='ocrx_word' id='word_1_111' title='bbox 407 1374 438 1402; x_wconf 89' lang='lat' dir='ltr'>et</span> <span class='ocrx_word' id='word_1_112' title='bbox 461 1369 530 1402; x_wconf 90' lang='lat' dir='ltr'>aliis</span> <span class='ocrx_word' id='word_1_113' title='bbox 556 1370 702 1414; x_wconf 90' lang='lat' dir='ltr'>personis</span> <span class='ocrx_word' id='word_1_114' title='bbox 728 1370 882 1403; x_wconf 88' lang='lat' dir='ltr'>ecclesiae</span> <span class='ocrx_word' id='word_1_115' title='bbox 910 1369 1023 1403; x_wconf 89' lang='lat' dir='ltr'>huius-</span> 
     </span>
     <span class='ocr_line' id='line_1_22' title="bbox 285 1422 1026 1467; baseline 0.004 -13"><span class='ocrx_word' id='word_1_116' title='bbox 285 1422 373 1455; x_wconf 90' lang='lat' dir='ltr'>modi</span> <span class='ocrx_word' id='word_1_117' title='bbox 404 1423 453 1456; x_wconf 91' lang='lat' dir='ltr'>vel</span> <span class='ocrx_word' id='word_1_118' title='bbox 482 1423 598 1467; x_wconf 87' lang='lat' dir='ltr'>quibus</span> <span class='ocrx_word' id='word_1_119' title='bbox 629 1423 699 1458; x_wconf 85' lang='lat' dir='ltr'>aliis</span> <span class='ocrx_word' id='word_1_120' title='bbox 734 1424 951 1457; x_wconf 85' lang='lat' dir='ltr'>communiter</span> <span class='ocrx_word' id='word_1_121' title='bbox 977 1424 1026 1457; x_wconf 90' lang='lat' dir='ltr'>vel</span> 
     </span>
     <span class='ocr_line' id='line_1_23' title="bbox 285 1475 1027 1521; baseline 0.004 -13"><span class='ocrx_word' id='word_1_122' title='bbox 285 1475 410 1509; x_wconf 83' lang='lat' dir='ltr'>divisim</span> <span class='ocrx_word' id='word_1_123' title='bbox 423 1476 462 1509; x_wconf 89' lang='lat' dir='ltr'>ab</span> <span class='ocrx_word' id='word_1_124' title='bbox 476 1476 588 1510; x_wconf 86' lang='lat' dir='ltr'>eadem</span> <span class='ocrx_word' id='word_1_125' title='bbox 606 1477 645 1510; x_wconf 88' lang='lat' dir='ltr'>sit</span> <span class='ocrx_word' id='word_1_126' title='bbox 664 1476 746 1510; x_wconf 86' lang='lat' dir='ltr'>Sede</span> <span class='ocrx_word' id='word_1_127' title='bbox 765 1477 926 1510; x_wconf 86' lang='lat' dir='ltr'>indultum</span> <span class='ocrx_word' id='word_1_128' title='bbox 940 1478 1027 1521; x_wconf 91' lang='lat' dir='ltr'>quod</span> 
     </span>
     <span class='ocr_line' id='line_1_24' title="bbox 286 1529 1026 1574; baseline 0.004 -13"><span class='ocrx_word' id='word_1_129' title='bbox 286 1529 450 1571; x_wconf 81' lang='lat' dir='ltr'>interdici,</span> <span class='ocrx_word' id='word_1_130' title='bbox 485 1531 636 1574; x_wconf 89' lang='lat' dir='ltr'>suspendi</span> <span class='ocrx_word' id='word_1_131' title='bbox 671 1531 718 1564; x_wconf 87' lang='lat' dir='ltr'>vel</span> <span class='ocrx_word' id='word_1_132' title='bbox 755 1531 1026 1565; x_wconf 80' lang='lat' dir='ltr'>excommunicari</span> 
     </span>
     <span class='ocr_line' id='line_1_25' title="bbox 286 1583 1026 1629; baseline 0.003 -13"><span class='ocrx_word' id='word_1_133' title='bbox 286 1593 351 1616; x_wconf 89' lang='lat' dir='ltr'>non</span> <span class='ocrx_word' id='word_1_134' title='bbox 370 1583 493 1627; x_wconf 86' lang='lat' dir='ltr'>possint</span> <span class='ocrx_word' id='word_1_135' title='bbox 511 1594 570 1627; x_wconf 91' lang='lat' dir='ltr'>per</span> <span class='ocrx_word' id='word_1_136' title='bbox 600 1584 720 1618; x_wconf 74' lang='lat' dir='ltr'>litteras</span> <span class='ocrx_word' id='word_1_137' title='bbox 751 1585 942 1629; x_wconf 86' lang='lat' dir='ltr'>apostolicas</span> <span class='ocrx_word' id='word_1_138' title='bbox 961 1595 1026 1619; x_wconf 90' lang='lat' dir='ltr'>non</span> 
     </span>
     <span class='ocr_line' id='line_1_26' title="bbox 286 1637 1027 1683; baseline 0.003 -12"><span class='ocrx_word' id='word_1_139' title='bbox 286 1637 438 1671; x_wconf 79' lang='lat' dir='ltr'>facientes</span> <span class='ocrx_word' id='word_1_140' title='bbox 468 1638 597 1682; x_wconf 79' lang='lat' dir='ltr'>plenam</span> <span class='ocrx_word' id='word_1_141' title='bbox 631 1645 662 1672; x_wconf 89' lang='lat' dir='ltr'>et</span> <span class='ocrx_word' id='word_1_142' title='bbox 692 1650 889 1683; x_wconf 81' lang='lat' dir='ltr'>expressam,</span> <span class='ocrx_word' id='word_1_143' title='bbox 918 1651 954 1673; x_wconf 85' lang='lat' dir='ltr'>ac</span> <span class='ocrx_word' id='word_1_144' title='bbox 988 1640 1027 1673; x_wconf 91' lang='lat' dir='ltr'>de</span> 
     </span>
     <span class='ocr_line' id='line_1_27' title="bbox 286 1691 1025 1727; baseline 0.004 -4"><span class='ocrx_word' id='word_1_145' title='bbox 286 1691 383 1724; x_wconf 88' lang='lat' dir='ltr'>verbo</span> <span class='ocrx_word' id='word_1_146' title='bbox 404 1691 444 1724; x_wconf 89' lang='lat' dir='ltr'>ad</span> <span class='ocrx_word' id='word_1_147' title='bbox 463 1692 596 1725; x_wconf 82' lang='lat' dir='ltr'>verbum</span> <span class='ocrx_word' id='word_1_148' title='bbox 625 1693 664 1726; x_wconf 87' lang='lat' dir='ltr'>de</span> <span class='ocrx_word' id='word_1_149' title='bbox 695 1692 819 1727; x_wconf 88' lang='lat' dir='ltr'>indulto</span> <span class='ocrx_word' id='word_1_150' title='bbox 840 1693 1025 1727; x_wconf 90' lang='lat' dir='ltr'>huiusmodi</span> 
     </span>
     <span class='ocr_line' id='line_1_28' title="bbox 287 1744 497 1778; baseline 0.005 -1"><span class='ocrx_word' id='word_1_151' title='bbox 287 1744 497 1778; x_wconf 87' lang='lat' dir='ltr'>mentionem.</span> 
     </span>
    </p>

    <p class='ocr_par' dir='ltr' id='par_1_3' title="bbox 288 1798 1025 1896">
     <span class='ocr_line' id='line_1_29' title="bbox 330 1798 1025 1844; baseline 0.004 -14"><span class='ocrx_word' id='word_1_152' title='bbox 330 1799 346 1841; x_wconf 64' lang='grc' dir='ltr'><strong>ἓ</strong></span> <span class='ocrx_word' id='word_1_153' title='bbox 364 1798 393 1831; x_wconf 92' lang='grc'>7.</span> <span class='ocrx_word' id='word_1_154' title='bbox 414 1798 568 1832; x_wconf 89' lang='lat' dir='ltr'>Volumus</span> <span class='ocrx_word' id='word_1_155' title='bbox 585 1804 692 1833; x_wconf 90' lang='lat' dir='ltr'>autem</span> <span class='ocrx_word' id='word_1_156' title='bbox 706 1801 793 1844; x_wconf 87' lang='lat' dir='ltr'>quod</span> <span class='ocrx_word' id='word_1_157' title='bbox 807 1800 1025 1844; x_wconf 87' lang='lat' dir='ltr'>praesentium</span> 
     </span>
     <span class='ocr_line' id='line_1_30' title="bbox 288 1852 591 1896; baseline 0.01 -12"><span class='ocrx_word' id='word_1_158' title='bbox 288 1852 508 1896; x_wconf 78' lang='lat' dir='ltr'>transumptis,</span> <span class='ocrx_word' id='word_1_159' title='bbox 532 1859 591 1887; x_wconf 87' lang='lat' dir='ltr'>etc.</span> 
     </span>
    </p>

    <p class='ocr_par' dir='ltr' id='par_1_4' title="bbox 284 1906 1027 2058">
     <span class='ocr_line' id='line_1_31' title="bbox 328 1906 1027 1950; baseline 0.006 -11"><span class='ocrx_word' id='word_1_160' title='bbox 328 1906 443 1939; x_wconf 86' lang='lat' dir='ltr'>Datum</span> <span class='ocrx_word' id='word_1_161' title='bbox 463 1906 584 1940; x_wconf 87' lang='lat' dir='ltr'>Romae</span> <span class='ocrx_word' id='word_1_162' title='bbox 604 1907 636 1940; x_wconf 91' lang='lat' dir='ltr'>in</span> <span class='ocrx_word' id='word_1_163' title='bbox 656 1908 761 1941; x_wconf 86' lang='lat' dir='ltr'>Monte</span> <span class='ocrx_word' id='word_1_164' title='bbox 780 1908 947 1950; x_wconf 78' lang='lat' dir='ltr'>Quirinali,</span> <span class='ocrx_word' id='word_1_165' title='bbox 968 1910 1027 1943; x_wconf 88' lang='lat' dir='ltr'>sub</span> 
     </span>
     <span class='ocr_line' id='line_1_32' title="bbox 284 1960 1023 2005; baseline 0.008 -13"><span class='ocrx_word' id='word_1_166' title='bbox 284 1961 403 1993; x_wconf 88' lang='lat' dir='ltr'>annulo</span> <span class='ocrx_word' id='word_1_167' title='bbox 434 1960 623 2003; x_wconf 81' lang='lat' dir='ltr'>piscatoris,</span> <span class='ocrx_word' id='word_1_168' title='bbox 652 1962 704 1995; x_wconf 92' lang='lat' dir='ltr'>die</span> <span class='ocrx_word' id='word_1_169' title='bbox 739 1973 779 1997; x_wconf 84' lang='lat' dir='ltr'>xx</span> <span class='ocrx_word' id='word_1_170' title='bbox 811 1963 878 1997; x_wconf 91' lang='lat' dir='ltr'>iulii</span> <span class='ocrx_word' id='word_1_171' title='bbox 910 1974 1023 2005; x_wconf 74' lang='lat' dir='ltr'>mnxci,</span> 
     </span>
     <span class='ocr_line' id='line_1_33' title="bbox 284 2014 757 2058; baseline 0.006 -11"><span class='ocrx_word' id='word_1_172' title='bbox 284 2014 489 2058; x_wconf 86' lang='lat' dir='ltr'>pontificatus</span> <span class='ocrx_word' id='word_1_173' title='bbox 508 2015 609 2048; x_wconf 80' lang='lat' dir='ltr'>nostri</span> <span class='ocrx_word' id='word_1_174' title='bbox 630 2026 715 2049; x_wconf 91' lang='lat' dir='ltr'>anno</span> <span class='ocrx_word' id='word_1_175' title='bbox 736 2027 757 2050; x_wconf 87' lang='lat'>1.</span> 
     </span>
    </p>
   </div>
   <div class='ocr_carea' id='block_1_2' title="bbox 319 2076 863 2114">
    <p class='ocr_par' dir='ltr' id='par_1_5' title="bbox 319 2076 863 2114">
     <span class='ocr_line' id='line_1_34' title="bbox 319 2076 863 2114; baseline 0.007 -11"><span class='ocrx_word' id='word_1_176' title='bbox 319 2076 378 2104; x_wconf 82' lang='lat' dir='ltr'>Dat.</span> <span class='ocrx_word' id='word_1_177' title='bbox 399 2076 442 2104; x_wconf 89' lang='lat' dir='ltr'>die</span> <span class='ocrx_word' id='word_1_178' title='bbox 461 2077 497 2106; x_wconf 73' lang='lat'>20</span> <span class='ocrx_word' id='word_1_179' title='bbox 514 2077 572 2105; x_wconf 86' lang='lat' dir='ltr'>iulii</span> <span class='ocrx_word' id='word_1_180' title='bbox 587 2078 665 2113; x_wconf 81' lang='lat'>1591,</span> <span class='ocrx_word' id='word_1_181' title='bbox 687 2082 763 2114; x_wconf 87' lang='lat' dir='ltr'>pont.</span> <span class='ocrx_word' id='word_1_182' title='bbox 784 2087 828 2107; x_wconf 86' lang='lat' dir='ltr'>an.</span> <span class='ocrx_word' id='word_1_183' title='bbox 845 2086 863 2107; x_wconf 89' lang='grc'>1.</span> 
     </span>
    </p>
   </div>
   <div class='ocr_carea' id='block_1_3' title="bbox 89 569 272 618">
    <p class='ocr_par' dir='ltr' id='par_1_6' title="bbox 89 569 272 618">
     <span class='ocr_line' id='line_1_35' title="bbox 162 569 272 591; baseline 0 0"><span class='ocrx_word' id='word_1_184' title='bbox 162 569 272 591; x_wconf 78' lang='lat' dir='ltr'>Contraria</span> 
     </span>
     <span class='ocr_line' id='line_1_36' title="bbox 89 597 230 618; baseline 0.014 -2"><span class='ocrx_word' id='word_1_185' title='bbox 89 597 157 617; x_wconf 80' lang='lat' dir='ltr'>omnia</span> <span class='ocrx_word' id='word_1_186' title='bbox 173 598 230 618; x_wconf 82' lang='lat' dir='ltr'>toltit.</span> 
     </span>
    </p>
   </div>
   <div class='ocr_carea' id='block_1_4' title="bbox 86 1855 270 1909">
    <p class='ocr_par' dir='ltr' id='par_1_7' title="bbox 86 1855 270 1909">
     <span class='ocr_line' id='line_1_37' title="bbox 126 1855 270 1877; baseline 0.007 -1"><span class='ocrx_word' id='word_1_187' title='bbox 126 1855 199 1877; x_wconf 83' lang='lat' dir='ltr'>Fidem</span> <span class='ocrx_word' id='word_1_188' title='bbox 213 1858 270 1877; x_wconf 75' lang='lat' dir='ltr'>tran-</span> 
     </span>
     <span class='ocr_line' id='line_1_38' title="bbox 86 1883 258 1909; baseline 0 -6"><span class='ocrx_word' id='word_1_189' title='bbox 86 1883 174 1909; x_wconf 76' lang='lat' dir='ltr'>numptis</span> <span class='ocrx_word' id='word_1_190' title='bbox 192 1883 258 1903; x_wconf 79' lang='lat' dir='ltr'>addit.</span> 
     </span>
    </p>
   </div>
   <div class='ocr_carea' id='block_1_5' title="bbox 588 2241 722 2275">
    <p class='ocr_par' dir='ltr' id='par_1_8' title="bbox 588 2241 722 2275">
     <span class='ocr_line' id='line_1_39' title="bbox 588 2241 722 2275; baseline 0 0"><span class='ocrx_word' id='word_1_191' title='bbox 588 2241 722 2275; x_wconf 80' lang='lat' dir='ltr'>XXXIII.</span> 
     </span>
    </p>
   </div>
   <div class='ocr_carea' id='block_1_6' title="bbox 286 2338 1029 2808">
    <p class='ocr_par' dir='ltr' id='par_1_9' title="bbox 286 2338 1029 2808">
     <span class='ocr_line' id='line_1_40' title="bbox 286 2338 1028 2382; baseline 0 -10"><span class='ocrx_word' id='word_1_192' title='bbox 286 2338 544 2382; x_wconf 70' lang='lat' dir='ltr'>confraternitas</span> <span class='ocrx_word' id='word_1_193' title='bbox 560 2339 793 2373; x_wconf 73' lang='lat' dir='ltr'>Sanctissimae</span> <span class='ocrx_word' id='word_1_194' title='bbox 809 2340 1028 2373; x_wconf 76' lang='lat' dir='ltr'>Resurrectio-</span> 
     </span>
     <span class='ocr_line' id='line_1_41' title="bbox 328 2392 1028 2426; baseline 0 -2"><span class='ocrx_word' id='word_1_195' title='bbox 328 2393 380 2424; x_wconf 82' lang='lat' dir='ltr'>m&#39;s</span> <span class='ocrx_word' id='word_1_196' title='bbox 400 2393 436 2425; x_wconf 75' lang='lat' dir='ltr'>in</span> <span class='ocrx_word' id='word_1_197' title='bbox 453 2392 583 2425; x_wconf 73' lang='lat' dir='ltr'>ecclesia</span> <span class='ocrx_word' id='word_1_198' title='bbox 603 2392 635 2426; x_wconf 90' lang='lat' dir='ltr'>S.</span> <span class='ocrx_word' id='word_1_199' title='bbox 656 2393 768 2426; x_wconf 70' lang='lat' dir='ltr'>Iacobi</span> <span class='ocrx_word' id='word_1_200' title='bbox 786 2393 932 2426; x_wconf 71' lang='lat' dir='ltr'>nationis</span> <span class='ocrx_word' id='word_1_201' title='bbox 951 2393 1028 2425; x_wconf 69' lang='lat' dir='ltr'>His-</span> 
     </span>
     <span class='ocr_line' id='line_1_42' title="bbox 325 2446 1029 2490; baseline 0 -12"><span class='ocrx_word' id='word_1_202' title='bbox 325 2456 490 2489; x_wconf 79' lang='lat' dir='ltr'>panorum</span> <span class='ocrx_word' id='word_1_203' title='bbox 510 2446 547 2478; x_wconf 80' lang='lat' dir='ltr'>de</span> <span class='ocrx_word' id='word_1_204' title='bbox 577 2446 659 2479; x_wconf 82' lang='lat' dir='ltr'>Urbe</span> <span class='ocrx_word' id='word_1_205' title='bbox 682 2447 824 2490; x_wconf 69' lang='lat' dir='ltr'>eriqt&#39;tur</span> <span class='ocrx_word' id='word_1_206' title='bbox 853 2447 890 2479; x_wconf 72' lang='lat' dir='ltr'>iu</span> <span class='ocrx_word' id='word_1_207' title='bbox 920 2447 1029 2479; x_wconf 77' lang='lat' dir='ltr'>archi·</span> 
     </span>
     <span class='ocr_line' id='line_1_43' title="bbox 329 2500 1028 2544; baseline 0.001 -12"><span class='ocrx_word' id='word_1_208' title='bbox 329 2500 628 2543; x_wconf 75' lang='lat' dir='ltr'>confraternitatem</span> <span class='ocrx_word' id='word_1_209' title='bbox 641 2504 670 2533; x_wconf 85' lang='lat' dir='ltr'>et</span> <span class='ocrx_word' id='word_1_210' title='bbox 683 2505 781 2544; x_wconf 75' lang='lat' dir='ltr'>caput</span> <span class='ocrx_word' id='word_1_211' title='bbox 793 2501 943 2533; x_wconf 77' lang='lat' dir='ltr'>omnium</span> <span class='ocrx_word' id='word_1_212' title='bbox 955 2511 1028 2533; x_wconf 76' lang='lat' dir='ltr'>con-</span> 
     </span>
     <span class='ocr_line' id='line_1_44' title="bbox 328 2553 1028 2597; baseline 0 -12"><span class='ocrx_word' id='word_1_213' title='bbox 328 2553 577 2596; x_wconf 75' lang='lat' dir='ltr'>fraternitatum</span> <span class='ocrx_word' id='word_1_214' title='bbox 609 2554 645 2586; x_wconf 79' lang='lat' dir='ltr'>in.</span> <span class='ocrx_word' id='word_1_215' title='bbox 674 2554 784 2597; x_wconf 64' lang='lat' dir='ltr'>remiis</span> <span class='ocrx_word' id='word_1_216' title='bbox 815 2558 843 2586; x_wconf 85' lang='lat' dir='ltr'>ct</span> <span class='ocrx_word' id='word_1_217' title='bbox 873 2553 1028 2586; x_wconf 74' lang='lat' dir='ltr'>donn&#39;m‘is</span> 
     </span>
     <span class='ocr_line' id='line_1_45' title="bbox 328 2607 1029 2650; baseline -0.001 -11"><span class='ocrx_word' id='word_1_218' title='bbox 328 2607 414 2650; x_wconf 70' lang='lat' dir='ltr'>reqis</span> <span class='ocrx_word' id='word_1_219' title='bbox 444 2607 598 2640; x_wconf 78' lang='lat' dir='ltr'>catholici</span> <span class='ocrx_word' id='word_1_220' title='bbox 627 2608 854 2648; x_wconf 68' lang='lat' dir='ltr'>existentium,</span> <span class='ocrx_word' id='word_1_221' title='bbox 878 2618 951 2640; x_wconf 78' lang='lat' dir='ltr'>cum</span> <span class='ocrx_word' id='word_1_222' title='bbox 981 2607 1029 2650; x_wconf 84' lang='lat' dir='ltr'>fa-</span> 
     </span>
     <span class='ocr_line' id='line_1_46' title="bbox 330 2660 1026 2706; baseline 0.001 -13"><span class='ocrx_word' id='word_1_223' title='bbox 330 2661 449 2694; x_wconf 83' lang='lat' dir='ltr'>cultate</span> <span class='ocrx_word' id='word_1_224' title='bbox 462 2662 666 2706; x_wconf 69' lang='lat' dir='ltr'>ayyreqandi</span> <span class='ocrx_word' id='word_1_225' title='bbox 682 2666 711 2695; x_wconf 80' lang='lat' dir='ltr'>et</span> <span class='ocrx_word' id='word_1_226' title='bbox 731 2660 994 2695; x_wconf 80' lang='lat' dir='ltr'>communicandi</span> <span class='ocrx_word' id='word_1_227' title='bbox 1005 2661 1026 2694; x_wconf 93' lang='lat'>¹.</span> 
     </span>
     <span class='ocr_line' id='line_1_47' title="bbox 323 2723 835 2760; baseline 0.002 -10"><span class='ocrx_word' id='word_1_228' title='bbox 323 2725 335 2750; x_wconf 80' lang='lat'>¹</span> <span class='ocrx_word' id='word_1_229' title='bbox 357 2723 395 2750; x_wconf 85' lang='lat' dir='ltr'>Ex</span> <span class='ocrx_word' id='word_1_230' title='bbox 411 2723 518 2760; x_wconf 79' lang='lat' dir='ltr'>Regest.</span> <span class='ocrx_word' id='word_1_231' title='bbox 536 2724 562 2751; x_wconf 90' lang='lat' dir='ltr'>in</span> <span class='ocrx_word' id='word_1_232' title='bbox 578 2724 680 2752; x_wconf 84' lang='lat' dir='ltr'>secret.</span> <span class='ocrx_word' id='word_1_233' title='bbox 702 2724 835 2753; x_wconf 87' lang='lat' dir='ltr'>Brevium.</span> 
     </span>
     <span class='ocr_line' id='line_1_48' title="bbox 334 2777 862 2808; baseline 0.004 -3"><span class='ocrx_word' id='word_1_234' title='bbox 334 2777 411 2806; x_wconf 80' lang='lat' dir='ltr'>Bull.</span> <span class='ocrx_word' id='word_1_235' title='bbox 426 2777 511 2806; x_wconf 86' lang='lat' dir='ltr'>Rom.</span> <span class='ocrx_word' id='word_1_236' title='bbox 531 2778 592 2808; x_wconf 83' lang='lat' dir='ltr'>Vol.</span> <span class='ocrx_word' id='word_1_237' title='bbox 608 2778 652 2807; x_wconf 80' lang='lat' dir='ltr'>IX</span> <span class='ocrx_word' id='word_1_238' title='bbox 827 2779 862 2807; x_wconf 88' lang='grc'>58</span> 
     </span>
    </p>
   </div>
   <div class='ocr_carea' id='block_1_7' title="bbox 886 299 1206 325">
    <p class='ocr_par' dir='ltr' id='par_1_10' title="bbox 886 299 1206 325">
     <span class='ocr_line' id='line_1_49' title="bbox 886 299 1206 325; baseline 0 0"><span class='ocrx_word' id='word_1_239' title='bbox 886 299 1065 325; x_wconf 81' lang='lat' dir='ltr'>GREGORIUS</span> <span class='ocrx_word' id='word_1_240' title='bbox 1083 300 1138 325; x_wconf 81' lang='lat' dir='ltr'>xlv</span> <span class='ocrx_word' id='word_1_241' title='bbox 1156 300 1206 325; x_wconf 79' lang='lat' dir='ltr'>PP-</span> 
     </span>
    </p>
   </div>
   <div class='ocr_carea' id='block_1_8' title="bbox 1259 290 2000 383">
    <p class='ocr_par' dir='ltr' id='par_1_11' title="bbox 1259 290 2000 383">
     <span class='ocr_line' id='line_1_50' title="bbox 1708 290 2000 330; baseline 0.017 -7"><span class='ocrx_word' id='word_1_242' title='bbox 1708 290 1772 324; x_wconf 73' lang='lat'>457</span> <span class='ocrx_word' id='word_1_243' title='bbox 1819 299 1868 327; x_wconf 78' lang='lat' dir='ltr'>An.</span> <span class='ocrx_word' id='word_1_244' title='bbox 1885 299 1914 328; x_wconf 86' lang='lat' dir='ltr'>c.</span> <span class='ocrx_word' id='word_1_245' title='bbox 1935 300 2000 330; x_wconf 81' lang='lat'>1591</span> 
     </span>
     <span class='ocr_line' id='line_1_51' title="bbox 1259 348 1606 383; baseline 0 -7"><span class='ocrx_word' id='word_1_246' title='bbox 1259 348 1416 383; x_wconf 70' lang='lat' dir='ltr'>Gregorius</span> <span class='ocrx_word' id='word_1_247' title='bbox 1436 349 1514 383; x_wconf 84' lang='lat' dir='ltr'>Papa</span> <span class='ocrx_word' id='word_1_248' title='bbox 1532 349 1606 383; x_wconf 86' lang='lat' dir='ltr'>XIV,</span> 
     </span>
    </p>
   </div>
   <div class='ocr_carea' id='block_1_9' title="bbox 1188 402 1676 437">
    <p class='ocr_par' dir='ltr' id='par_1_12' title="bbox 1188 402 1676 437">
     <span class='ocr_line' id='line_1_52' title="bbox 1188 402 1676 437; baseline 0 -7"><span class='ocrx_word' id='word_1_249' title='bbox 1188 404 1224 430; x_wconf 87' lang='lat' dir='ltr'>ad</span> <span class='ocrx_word' id='word_1_250' title='bbox 1243 405 1418 437; x_wconf 80' lang='lat' dir='ltr'>perpetuam</span> <span class='ocrx_word' id='word_1_251' title='bbox 1437 402 1482 430; x_wconf 86' lang='lat' dir='ltr'>rei</span> <span class='ocrx_word' id='word_1_252' title='bbox 1497 403 1676 430; x_wconf 78' lang='lat' dir='ltr'>memoriam.</span> 
     </span>
    </p>
   </div>
   <div class='ocr_carea' id='block_1_10' title="bbox 1061 456 2008 2761">
    <p class='ocr_par' dir='ltr' id='par_1_13' title="bbox 1063 456 1966 982">
     <span class='ocr_line' id='line_1_53' title="bbox 1113 456 1966 500; baseline 0.001 -12"><span class='ocrx_word' id='word_1_253' title='bbox 1113 456 1280 489; x_wconf 81' lang='lat' dir='ltr'>Praeclara</span> <span class='ocrx_word' id='word_1_254' title='bbox 1324 456 1449 500; x_wconf 88' lang='lat' dir='ltr'>pietatis</span> <span class='ocrx_word' id='word_1_255' title='bbox 1491 462 1521 490; x_wconf 90' lang='lat' dir='ltr'>et</span> <span class='ocrx_word' id='word_1_256' title='bbox 1563 456 1804 491; x_wconf 86' lang='lat' dir='ltr'>misericordiae</span> <span class='ocrx_word' id='word_1_257' title='bbox 1847 468 1966 490; x_wconf 63' lang='lat' dir='ltr'>Exordium.</span> 
     </span>
     <span class='ocr_line' id='line_1_54' title="bbox 1065 510 1801 553; baseline 0.001 -11"><span class='ocrx_word' id='word_1_258' title='bbox 1065 520 1174 553; x_wconf 87' lang='lat' dir='ltr'>opera,</span> <span class='ocrx_word' id='word_1_259' title='bbox 1196 521 1278 553; x_wconf 86' lang='lat' dir='ltr'>quae</span> <span class='ocrx_word' id='word_1_260' title='bbox 1300 510 1406 544; x_wconf 84' lang='lat' dir='ltr'>dilecti</span> <span class='ocrx_word' id='word_1_261' title='bbox 1430 510 1485 543; x_wconf 83' lang='lat' dir='ltr'>tilii</span> <span class='ocrx_word' id='word_1_262' title='bbox 1518 511 1694 543; x_wconf 76' lang='lat' dir='ltr'>confratres</span> <span class='ocrx_word' id='word_1_263' title='bbox 1722 521 1801 544; x_wconf 87' lang='lat' dir='ltr'>con-</span> 
     </span>
     <span class='ocr_line' id='line_1_55' title="bbox 1064 563 1804 598; baseline 0.004 -4"><span class='ocrx_word' id='word_1_264' title='bbox 1064 563 1270 597; x_wconf 83' lang='lat' dir='ltr'>fraternitatis</span> <span class='ocrx_word' id='word_1_265' title='bbox 1299 564 1522 598; x_wconf 84' lang='lat' dir='ltr'>Sanctissimae</span> <span class='ocrx_word' id='word_1_266' title='bbox 1549 564 1804 597; x_wconf 87' lang='lat' dir='ltr'>Resurrectionis</span> 
     </span>
     <span class='ocr_line' id='line_1_56' title="bbox 1065 616 1801 662; baseline 0.003 -14"><span class='ocrx_word' id='word_1_267' title='bbox 1065 616 1095 649; x_wconf 90' lang='lat' dir='ltr'>in</span> <span class='ocrx_word' id='word_1_268' title='bbox 1114 617 1247 650; x_wconf 85' lang='lat' dir='ltr'>ecclesia</span> <span class='ocrx_word' id='word_1_269' title='bbox 1267 618 1373 651; x_wconf 79' lang='lat' dir='ltr'>Sancti</span> <span class='ocrx_word' id='word_1_270' title='bbox 1395 618 1498 651; x_wconf 85' lang='lat' dir='ltr'>Iacobi</span> <span class='ocrx_word' id='word_1_271' title='bbox 1526 618 1666 651; x_wconf 88' lang='lat' dir='ltr'>nationis</span> <span class='ocrx_word' id='word_1_272' title='bbox 1685 618 1801 662; x_wconf 90' lang='lat' dir='ltr'>Hispa-</span> 
     </span>
     <span class='ocr_line' id='line_1_57' title="bbox 1064 671 1805 716; baseline 0.003 -14"><span class='ocrx_word' id='word_1_273' title='bbox 1064 681 1179 703; x_wconf 90' lang='lat' dir='ltr'>norum</span> <span class='ocrx_word' id='word_1_274' title='bbox 1201 671 1239 704; x_wconf 87' lang='lat' dir='ltr'>de</span> <span class='ocrx_word' id='word_1_275' title='bbox 1268 672 1353 705; x_wconf 82' lang='lat' dir='ltr'>Urbe</span> <span class='ocrx_word' id='word_1_276' title='bbox 1384 672 1528 716; x_wconf 87' lang='lat' dir='ltr'>quotidie</span> <span class='ocrx_word' id='word_1_277' title='bbox 1560 678 1726 711; x_wconf 80' lang='lat' dir='ltr'>exercent,</span> <span class='ocrx_word' id='word_1_278' title='bbox 1747 682 1805 705; x_wconf 89' lang='lat' dir='ltr'>nos</span> 
     </span>
     <span class='ocr_line' id='line_1_58' title="bbox 1063 723 1802 763; baseline 0.004 -7"><span class='ocrx_word' id='word_1_279' title='bbox 1063 723 1217 757; x_wconf 89' lang='lat' dir='ltr'>inducunt</span> <span class='ocrx_word' id='word_1_280' title='bbox 1249 731 1281 758; x_wconf 90' lang='lat' dir='ltr'>ut</span> <span class='ocrx_word' id='word_1_281' title='bbox 1312 726 1459 759; x_wconf 87' lang='lat' dir='ltr'>eamdem</span> <span class='ocrx_word' id='word_1_282' title='bbox 1489 726 1802 763; x_wconf 80' lang='lat' dir='ltr'>confraternitatem.</span> 
     </span>
     <span class='ocr_line' id='line_1_59' title="bbox 1063 778 1806 820; baseline 0.004 -11"><span class='ocrx_word' id='word_1_283' title='bbox 1063 788 1145 820; x_wconf 84' lang='lat' dir='ltr'>quae</span> <span class='ocrx_word' id='word_1_284' title='bbox 1165 778 1235 811; x_wconf 86' lang='lat' dir='ltr'>aliis</span> <span class='ocrx_word' id='word_1_285' title='bbox 1264 779 1407 812; x_wconf 88' lang='lat' dir='ltr'>eiusdem</span> <span class='ocrx_word' id='word_1_286' title='bbox 1434 780 1573 813; x_wconf 89' lang='lat' dir='ltr'>nationis</span> <span class='ocrx_word' id='word_1_287' title='bbox 1595 779 1806 813; x_wconf 85' lang='lat' dir='ltr'>confraterni-</span> 
     </span>
     <span class='ocr_line' id='line_1_60' title="bbox 1064 830 1806 876; baseline 0.004 -14"><span class='ocrx_word' id='word_1_288' title='bbox 1064 830 1180 864; x_wconf 87' lang='lat' dir='ltr'>tatibus</span> <span class='ocrx_word' id='word_1_289' title='bbox 1212 832 1391 875; x_wconf 75' lang='lat' dir='ltr'>praelucet,</span> <span class='ocrx_word' id='word_1_290' title='bbox 1428 833 1559 866; x_wconf 87' lang='lat' dir='ltr'>nomine</span> <span class='ocrx_word' id='word_1_291' title='bbox 1598 832 1806 876; x_wconf 87' lang='lat' dir='ltr'>praelationis</span> 
     </span>
     <span class='ocr_line' id='line_1_61' title="bbox 1064 884 1805 930; baseline 0.004 -14"><span class='ocrx_word' id='word_1_292' title='bbox 1064 884 1265 923; x_wconf 74' lang='lat' dir='ltr'>decoremus,</span> <span class='ocrx_word' id='word_1_293' title='bbox 1284 895 1320 918; x_wconf 88' lang='lat' dir='ltr'>ac</span> <span class='ocrx_word' id='word_1_294' title='bbox 1331 885 1492 918; x_wconf 85' lang='lat' dir='ltr'>favoribus</span> <span class='ocrx_word' id='word_1_295' title='bbox 1513 891 1544 919; x_wconf 89' lang='lat' dir='ltr'>et</span> <span class='ocrx_word' id='word_1_296' title='bbox 1563 886 1673 928; x_wconf 86' lang='lat' dir='ltr'>gratiis</span> <span class='ocrx_word' id='word_1_297' title='bbox 1693 897 1805 930; x_wconf 91' lang='lat' dir='ltr'>prose-</span> 
     </span>
     <span class='ocr_line' id='line_1_62' title="bbox 1064 939 1421 982; baseline 0.003 -12"><span class='ocrx_word' id='word_1_298' title='bbox 1064 948 1202 981; x_wconf 89' lang='lat' dir='ltr'>quamur</span> <span class='ocrx_word' id='word_1_299' title='bbox 1221 939 1421 982; x_wconf 85' lang='lat' dir='ltr'>opportunis.</span> 
     </span>
    </p>

    <p class='ocr_par' dir='ltr' id='par_1_14' title="bbox 1061 991 1807 1671">
     <span class='ocr_line' id='line_1_63' title="bbox 1107 991 1804 1035; baseline 0.003 -12"><span class='ocrx_word' id='word_1_300' title='bbox 1107 991 1122 1034; x_wconf 63' lang='grc' dir='ltr'><strong>ἓ</strong></span> <span class='ocrx_word' id='word_1_301' title='bbox 1141 991 1170 1024; x_wconf 83' lang='grc' dir='ltr'>Ἰ.</span> <span class='ocrx_word' id='word_1_302' title='bbox 1194 992 1315 1035; x_wconf 83' lang='lat' dir='ltr'>Itaque,</span> <span class='ocrx_word' id='word_1_303' title='bbox 1336 992 1624 1035; x_wconf 82' lang='lat' dir='ltr'>supplicationibus</span> <span class='ocrx_word' id='word_1_304' title='bbox 1645 993 1804 1027; x_wconf 88' lang='lat' dir='ltr'>dictorum</span> 
     </span>
     <span class='ocr_line' id='line_1_64' title="bbox 1063 1044 1806 1088; baseline 0.005 -12"><span class='ocrx_word' id='word_1_305' title='bbox 1063 1044 1260 1077; x_wconf 82' lang='lat' dir='ltr'>confratrum</span> <span class='ocrx_word' id='word_1_306' title='bbox 1288 1044 1347 1077; x_wconf 85' lang='lat' dir='ltr'>hac</span> <span class='ocrx_word' id='word_1_307' title='bbox 1376 1044 1408 1077; x_wconf 92' lang='lat' dir='ltr'>in</span> <span class='ocrx_word' id='word_1_308' title='bbox 1437 1051 1528 1088; x_wconf 89' lang='lat' dir='ltr'>parte</span> <span class='ocrx_word' id='word_1_309' title='bbox 1550 1045 1704 1085; x_wconf 80' lang='lat' dir='ltr'>inclinati,</span> <span class='ocrx_word' id='word_1_310' title='bbox 1729 1057 1806 1080; x_wconf 91' lang='lat' dir='ltr'>con-</span> 
     </span>
     <span class='ocr_line' id='line_1_65' title="bbox 1062 1098 1806 1134; baseline 0.007 -5"><span class='ocrx_word' id='word_1_311' title='bbox 1062 1098 1292 1131; x_wconf 83' lang='lat' dir='ltr'>fraternitatem</span> <span class='ocrx_word' id='word_1_312' title='bbox 1310 1098 1534 1132; x_wconf 85' lang='lat' dir='ltr'>Sanctissimae</span> <span class='ocrx_word' id='word_1_313' title='bbox 1551 1099 1806 1134; x_wconf 84' lang='lat' dir='ltr'>Resurrectionis</span> 
     </span>
     <span class='ocr_line' id='line_1_66' title="bbox 1062 1152 1806 1195; baseline 0.007 -11"><span class='ocrx_word' id='word_1_314' title='bbox 1062 1152 1260 1195; x_wconf 84' lang='lat' dir='ltr'>praedictam</span> <span class='ocrx_word' id='word_1_315' title='bbox 1293 1153 1324 1186; x_wconf 91' lang='lat' dir='ltr'>in</span> <span class='ocrx_word' id='word_1_316' title='bbox 1356 1153 1741 1188; x_wconf 86' lang='lat' dir='ltr'>archiconfraternitatem</span> <span class='ocrx_word' id='word_1_317' title='bbox 1776 1161 1806 1189; x_wconf 90' lang='lat' dir='ltr'>et</span> 
     </span>
     <span class='ocr_line' id='line_1_67' title="bbox 1063 1206 1806 1250; baseline 0.004 -11"><span class='ocrx_word' id='word_1_318' title='bbox 1063 1211 1159 1250; x_wconf 78' lang='lat' dir='ltr'>caput</span> <span class='ocrx_word' id='word_1_319' title='bbox 1177 1206 1323 1240; x_wconf 89' lang='lat' dir='ltr'>omnium</span> <span class='ocrx_word' id='word_1_320' title='bbox 1341 1208 1641 1242; x_wconf 80' lang='lat' dir='ltr'>confraternitatum</span> <span class='ocrx_word' id='word_1_321' title='bbox 1665 1209 1724 1242; x_wconf 89' lang='lat' dir='ltr'>sub</span> <span class='ocrx_word' id='word_1_322' title='bbox 1755 1220 1806 1243; x_wconf 84' lang='lat' dir='ltr'>ea-</span> 
     </span>
     <span class='ocr_line' id='line_1_68' title="bbox 1063 1260 1807 1305; baseline 0.007 -13"><span class='ocrx_word' id='word_1_323' title='bbox 1063 1260 1134 1293; x_wconf 80' lang='lat' dir='ltr'>dem</span> <span class='ocrx_word' id='word_1_324' title='bbox 1154 1260 1355 1294; x_wconf 80' lang='lat' dir='ltr'>invocatione</span> <span class='ocrx_word' id='word_1_325' title='bbox 1384 1261 1416 1294; x_wconf 90' lang='lat' dir='ltr'>in</span> <span class='ocrx_word' id='word_1_326' title='bbox 1437 1262 1633 1305; x_wconf 86' lang='lat' dir='ltr'>quibuslibet</span> <span class='ocrx_word' id='word_1_327' title='bbox 1653 1263 1760 1305; x_wconf 79' lang='lat' dir='ltr'>regnis</span> <span class='ocrx_word' id='word_1_328' title='bbox 1778 1269 1807 1297; x_wconf 87' lang='lat' dir='ltr'>et</span> 
     </span>
     <span class='ocr_line' id='line_1_69' title="bbox 1062 1314 1807 1351; baseline 0.005 -5"><span class='ocrx_word' id='word_1_329' title='bbox 1062 1314 1213 1347; x_wconf 90' lang='lat' dir='ltr'>dominiis</span> <span class='ocrx_word' id='word_1_330' title='bbox 1252 1315 1429 1348; x_wconf 88' lang='lat' dir='ltr'>catholicae</span> <span class='ocrx_word' id='word_1_331' title='bbox 1465 1316 1621 1349; x_wconf 87' lang='lat' dir='ltr'>maiestati</span> <span class='ocrx_word' id='word_1_332' title='bbox 1656 1317 1807 1351; x_wconf 87' lang='lat' dir='ltr'>subiectis</span> 
     </span>
     <span class='ocr_line' id='line_1_70' title="bbox 1062 1367 1806 1413; baseline 0.005 -13"><span class='ocrx_word' id='word_1_333' title='bbox 1062 1367 1320 1405; x_wconf 80' lang='lat' dir='ltr'>constitutarum,</span> <span class='ocrx_word' id='word_1_334' title='bbox 1341 1375 1521 1402; x_wconf 86' lang='lat' dir='ltr'>erectarum</span> <span class='ocrx_word' id='word_1_335' title='bbox 1535 1375 1563 1403; x_wconf 90' lang='lat' dir='ltr'>et</span> <span class='ocrx_word' id='word_1_336' title='bbox 1579 1370 1806 1413; x_wconf 76' lang='lat' dir='ltr'>erigendarum</span> 
     </span>
     <span class='ocr_line' id='line_1_71' title="bbox 1062 1421 1806 1468; baseline 0.005 -15"><span class='ocrx_word' id='word_1_337' title='bbox 1062 1421 1166 1454; x_wconf 86' lang='lat' dir='ltr'>eidem</span> <span class='ocrx_word' id='word_1_338' title='bbox 1191 1421 1538 1456; x_wconf 85' lang='lat' dir='ltr'>archiconfraternitati</span> <span class='ocrx_word' id='word_1_339' title='bbox 1569 1434 1628 1467; x_wconf 91' lang='lat' dir='ltr'>pro</span> <span class='ocrx_word' id='word_1_340' title='bbox 1661 1429 1806 1468; x_wconf 88' lang='lat' dir='ltr'>tempore</span> 
     </span>
     <span class='ocr_line' id='line_1_72' title="bbox 1062 1476 1803 1521; baseline 0.005 -13"><span class='ocrx_word' id='word_1_341' title='bbox 1062 1476 1351 1518; x_wconf 84' lang='lat' dir='ltr'>aggregandarum,</span> <span class='ocrx_word' id='word_1_342' title='bbox 1387 1477 1562 1521; x_wconf 84' lang='lat' dir='ltr'>apostolica</span> <span class='ocrx_word' id='word_1_343' title='bbox 1598 1479 1803 1519; x_wconf 89' lang='lat' dir='ltr'>auctoritate,</span> 
     </span>
     <span class='ocr_line' id='line_1_73' title="bbox 1062 1531 1807 1574; baseline 0.005 -12"><span class='ocrx_word' id='word_1_344' title='bbox 1062 1535 1173 1563; x_wconf 87' lang='lat' dir='ltr'>tenore</span> <span class='ocrx_word' id='word_1_345' title='bbox 1194 1531 1422 1574; x_wconf 88' lang='lat' dir='ltr'>praesentium,</span> <span class='ocrx_word' id='word_1_346' title='bbox 1444 1531 1597 1574; x_wconf 79' lang='lat' dir='ltr'>erigimus</span> <span class='ocrx_word' id='word_1_347' title='bbox 1617 1538 1648 1566; x_wconf 93' lang='lat' dir='ltr'>et</span> <span class='ocrx_word' id='word_1_348' title='bbox 1667 1533 1807 1566; x_wconf 88' lang='lat' dir='ltr'>institui-</span> 
     </span>
     <span class='ocr_line' id='line_1_74' title="bbox 1062 1584 1804 1628; baseline 0.005 -12"><span class='ocrx_word' id='word_1_349' title='bbox 1062 1594 1142 1621; x_wconf 79' lang='lat' dir='ltr'>mus,</span> <span class='ocrx_word' id='word_1_350' title='bbox 1160 1584 1313 1628; x_wconf 88' lang='lat' dir='ltr'>illamque</span> <span class='ocrx_word' id='word_1_351' title='bbox 1326 1584 1457 1618; x_wconf 87' lang='lat' dir='ltr'>nomine</span> <span class='ocrx_word' id='word_1_352' title='bbox 1477 1590 1508 1619; x_wconf 70' lang='lat' dir='ltr'>et.</span> <span class='ocrx_word' id='word_1_353' title='bbox 1528 1586 1620 1620; x_wconf 89' lang='lat' dir='ltr'>titulo</span> <span class='ocrx_word' id='word_1_354' title='bbox 1633 1587 1804 1620; x_wconf 85' lang='lat' dir='ltr'>archicon·</span> 
     </span>
     <span class='ocr_line' id='line_1_75' title="bbox 1061 1637 1489 1671; baseline 0.005 -2"><span class='ocrx_word' id='word_1_355' title='bbox 1061 1637 1267 1670; x_wconf 84' lang='lat' dir='ltr'>fraternitatis</span> <span class='ocrx_word' id='word_1_356' title='bbox 1288 1637 1489 1671; x_wconf 90' lang='lat' dir='ltr'>decoramus.</span> 
     </span>
    </p>

    <p class='ocr_par' dir='ltr' id='par_1_15' title="bbox 1061 1691 2008 2761">
     <span class='ocr_line' id='line_1_76' title="bbox 1105 1691 2007 1748; baseline 0.006 -25"><span class='ocrx_word' id='word_1_357' title='bbox 1105 1692 1120 1735; x_wconf 61' lang='lat' dir='ltr'>g</span> <span class='ocrx_word' id='word_1_358' title='bbox 1144 1691 1174 1723; x_wconf 69' lang='lat'>2.</span> <span class='ocrx_word' id='word_1_359' title='bbox 1199 1691 1263 1724; x_wconf 86' lang='lat' dir='ltr'>Nec</span> <span class='ocrx_word' id='word_1_360' title='bbox 1293 1702 1357 1724; x_wconf 94' lang='lat' dir='ltr'>non</span> <span class='ocrx_word' id='word_1_361' title='bbox 1389 1691 1474 1725; x_wconf 88' lang='lat' dir='ltr'>illius</span> <span class='ocrx_word' id='word_1_362' title='bbox 1503 1693 1716 1727; x_wconf 84' lang='lat' dir='ltr'>confratribus</span> <span class='ocrx_word' id='word_1_363' title='bbox 1747 1704 1807 1737; x_wconf 88' lang='lat' dir='ltr'>pro</span> <span class='ocrx_word' id='word_1_364' title='bbox 1823 1728 1867 1748; x_wconf 51' lang='lat' dir='ltr'>hun</span> <span class='ocrx_word' id='word_1_365' title='bbox 1886 1728 1939 1748; x_wconf 57' lang='lat' dir='ltr'>auaz</span> <span class='ocrx_word' id='word_1_366' title='bbox 1958 1732 2007 1746; x_wconf 64' lang='lat'>00„-</span> 
     </span>
     <span class='ocr_line' id='line_1_77' title="bbox 1061 1744 2008 1802; baseline 0.004 -24"><span class='ocrx_word' id='word_1_367' title='bbox 1061 1750 1206 1788; x_wconf 84' lang='lat' dir='ltr'>tempore</span> <span class='ocrx_word' id='word_1_368' title='bbox 1226 1745 1432 1778; x_wconf 84' lang='lat' dir='ltr'>existentibus</span> <span class='ocrx_word' id='word_1_369' title='bbox 1452 1746 1530 1779; x_wconf 86' lang='lat' dir='ltr'>alias</span> <span class='ocrx_word' id='word_1_370' title='bbox 1559 1747 1807 1781; x_wconf 87' lang='lat' dir='ltr'>confraternita-</span> <span class='ocrx_word' id='word_1_371' title='bbox 1824 1744 2008 1802; x_wconf 53' lang='lat' dir='ltr'>fraternffiwliensggj</span> 
     </span>
     <span class='ocr_line' id='line_1_78' title="bbox 1062 1789 2007 1857; baseline 0.006 -26"><span class='ocrx_word' id='word_1_372' title='bbox 1062 1804 1107 1832; x_wconf 88' lang='lat' dir='ltr'>tes</span> <span class='ocrx_word' id='word_1_373' title='bbox 1137 1799 1195 1832; x_wconf 88' lang='lat' dir='ltr'>sub</span> <span class='ocrx_word' id='word_1_374' title='bbox 1225 1799 1337 1832; x_wconf 83' lang='lat' dir='ltr'>eadem</span> <span class='ocrx_word' id='word_1_375' title='bbox 1364 1799 1566 1833; x_wconf 88' lang='lat' dir='ltr'>invocatione</span> <span class='ocrx_word' id='word_1_376' title='bbox 1596 1806 1720 1834; x_wconf 85' lang='lat' dir='ltr'>tantum</span> <span class='ocrx_word' id='word_1_377' title='bbox 1751 1813 1809 1846; x_wconf 86' lang='lat' dir='ltr'>per</span> <span class='ocrx_word' id='word_1_378' title='bbox 1823 1789 2007 1857; x_wconf 50' lang='grc' dir='ltr'>ἕζυὲἒηξέῂῖἒζ</span> 
     </span>
     <span class='ocr_line' id='line_1_79' title="bbox 1061 1852 1870 1898; baseline 0.006 -14"><span class='ocrx_word' id='word_1_379' title='bbox 1061 1852 1209 1886; x_wconf 88' lang='lat' dir='ltr'>universa</span> <span class='ocrx_word' id='word_1_380' title='bbox 1230 1863 1330 1895; x_wconf 85' lang='lat' dir='ltr'>regna</span> <span class='ocrx_word' id='word_1_381' title='bbox 1352 1858 1383 1886; x_wconf 92' lang='lat' dir='ltr'>et</span> <span class='ocrx_word' id='word_1_382' title='bbox 1402 1853 1546 1893; x_wconf 84' lang='lat' dir='ltr'>dominia</span> <span class='ocrx_word' id='word_1_383' title='bbox 1574 1855 1740 1898; x_wconf 88' lang='lat' dir='ltr'>praedicta</span> <span class='ocrx_word' id='word_1_384' title='bbox 1761 1855 1807 1888; x_wconf 90' lang='lat' dir='ltr'>ei·</span> <span class='ocrx_word' id='word_1_385' title='bbox 1823 1864 1870 1885; x_wconf 80' lang='lat' dir='ltr'>etis-</span> 
     </span>
     <span class='ocr_line' id='line_1_80' title="bbox 1062 1906 1808 1951; baseline 0.005 -12"><span class='ocrx_word' id='word_1_386' title='bbox 1062 1906 1135 1940; x_wconf 88' lang='lat' dir='ltr'>dem</span> <span class='ocrx_word' id='word_1_387' title='bbox 1165 1906 1512 1939; x_wconf 86' lang='lat' dir='ltr'>archiconfraternitati</span> <span class='ocrx_word' id='word_1_388' title='bbox 1532 1908 1746 1951; x_wconf 75' lang='lat' dir='ltr'>aggregandi,</span> <span class='ocrx_word' id='word_1_389' title='bbox 1770 1920 1808 1943; x_wconf 83' lang='lat' dir='ltr'>ac</span> 
     </span>
     <span class='ocr_line' id='line_1_81' title="bbox 1062 1960 1806 2007; baseline 0.005 -15"><span class='ocrx_word' id='word_1_390' title='bbox 1062 1970 1178 1993; x_wconf 85' lang='lat' dir='ltr'>omnes</span> <span class='ocrx_word' id='word_1_391' title='bbox 1199 1966 1232 1993; x_wconf 84' lang='lat' dir='ltr'>et</span> <span class='ocrx_word' id='word_1_392' title='bbox 1251 1960 1394 2002; x_wconf 83' lang='lat' dir='ltr'>singulas</span> <span class='ocrx_word' id='word_1_393' title='bbox 1411 1960 1626 2003; x_wconf 79' lang='lat' dir='ltr'>indulgentias</span> <span class='ocrx_word' id='word_1_394' title='bbox 1643 1968 1674 1995; x_wconf 89' lang='lat' dir='ltr'>et</span> <span class='ocrx_word' id='word_1_395' title='bbox 1689 1973 1806 2007; x_wconf 89' lang='lat' dir='ltr'>pecca-</span> 
     </span>
     <span class='ocr_line' id='line_1_82' title="bbox 1062 2014 1809 2061; baseline 0.005 -15"><span class='ocrx_word' id='word_1_396' title='bbox 1062 2020 1171 2047; x_wconf 89' lang='lat' dir='ltr'>torum</span> <span class='ocrx_word' id='word_1_397' title='bbox 1192 2014 1400 2048; x_wconf 89' lang='lat' dir='ltr'>remissiones</span> <span class='ocrx_word' id='word_1_398' title='bbox 1426 2021 1456 2048; x_wconf 90' lang='lat' dir='ltr'>et</span> <span class='ocrx_word' id='word_1_399' title='bbox 1484 2015 1561 2049; x_wconf 86' lang='lat' dir='ltr'>alias</span> <span class='ocrx_word' id='word_1_400' title='bbox 1589 2027 1809 2061; x_wconf 87' lang='lat' dir='ltr'>quascumque</span> 
     </span>
     <span class='ocr_line' id='line_1_83' title="bbox 1062 2068 1809 2111; baseline 0.005 -11"><span class='ocrx_word' id='word_1_401' title='bbox 1062 2068 1180 2110; x_wconf 83' lang='lat' dir='ltr'>gratias</span> <span class='ocrx_word' id='word_1_402' title='bbox 1199 2068 1392 2111; x_wconf 83' lang='lat' dir='ltr'>spirituales,</span> <span class='ocrx_word' id='word_1_403' title='bbox 1417 2068 1521 2102; x_wconf 89' lang='lat' dir='ltr'>eidem</span> <span class='ocrx_word' id='word_1_404' title='bbox 1539 2069 1809 2104; x_wconf 83' lang='lat' dir='ltr'>archiconfrater-</span> 
     </span>
     <span class='ocr_line' id='line_1_84' title="bbox 1062 2121 1806 2165; baseline 0.005 -12"><span class='ocrx_word' id='word_1_405' title='bbox 1062 2121 1151 2154; x_wconf 90' lang='lat' dir='ltr'>nitati</span> <span class='ocrx_word' id='word_1_406' title='bbox 1172 2132 1230 2165; x_wconf 89' lang='lat' dir='ltr'>per</span> <span class='ocrx_word' id='word_1_407' title='bbox 1249 2132 1307 2155; x_wconf 89' lang='lat' dir='ltr'>nos</span> <span class='ocrx_word' id='word_1_408' title='bbox 1329 2127 1359 2155; x_wconf 92' lang='lat' dir='ltr'>et</span> <span class='ocrx_word' id='word_1_409' title='bbox 1379 2122 1458 2155; x_wconf 87' lang='lat' dir='ltr'>alios</span> <span class='ocrx_word' id='word_1_410' title='bbox 1483 2123 1645 2157; x_wconf 87' lang='lat' dir='ltr'>Romanos</span> <span class='ocrx_word' id='word_1_411' title='bbox 1670 2124 1806 2157; x_wconf 82' lang='lat' dir='ltr'>Pontifi-</span> 
     </span>
     <span class='ocr_line' id='line_1_85' title="bbox 1062 2175 1811 2220; baseline 0.004 -12"><span class='ocrx_word' id='word_1_412' title='bbox 1062 2185 1113 2208; x_wconf 90' lang='lat' dir='ltr'>ces</span> <span class='ocrx_word' id='word_1_413' title='bbox 1133 2175 1399 2218; x_wconf 86' lang='lat' dir='ltr'>praedecessores</span> <span class='ocrx_word' id='word_1_414' title='bbox 1416 2181 1544 2209; x_wconf 87' lang='lat' dir='ltr'>nostros</span> <span class='ocrx_word' id='word_1_415' title='bbox 1565 2177 1811 2220; x_wconf 87' lang='lat' dir='ltr'>quomodolibet</span> 
     </span>
     <span class='ocr_line' id='line_1_86' title="bbox 1062 2229 1806 2273; baseline 0.005 -12"><span class='ocrx_word' id='word_1_416' title='bbox 1062 2239 1228 2261; x_wconf 87' lang='lat' dir='ltr'>concessas</span> <span class='ocrx_word' id='word_1_417' title='bbox 1256 2234 1287 2262; x_wconf 88' lang='lat' dir='ltr'>et</span> <span class='ocrx_word' id='word_1_418' title='bbox 1317 2229 1348 2262; x_wconf 93' lang='lat' dir='ltr'>in</span> <span class='ocrx_word' id='word_1_419' title='bbox 1383 2230 1526 2263; x_wconf 89' lang='lat' dir='ltr'>futurum</span> <span class='ocrx_word' id='word_1_420' title='bbox 1562 2232 1806 2273; x_wconf 86' lang='lat' dir='ltr'>concedendas,</span> 
     </span>
     <span class='ocr_line' id='line_1_87' title="bbox 1062 2281 1810 2328; baseline 0.005 -14"><span class='ocrx_word' id='word_1_421' title='bbox 1062 2281 1154 2315; x_wconf 86' lang='lat' dir='ltr'>dietis</span> <span class='ocrx_word' id='word_1_422' title='bbox 1175 2282 1491 2317; x_wconf 88' lang='lat' dir='ltr'>confraternitatibus</span> <span class='ocrx_word' id='word_1_423' title='bbox 1510 2294 1570 2327; x_wconf 91' lang='lat' dir='ltr'>pro</span> <span class='ocrx_word' id='word_1_424' title='bbox 1592 2289 1737 2328; x_wconf 90' lang='lat' dir='ltr'>tempore</span> <span class='ocrx_word' id='word_1_425' title='bbox 1756 2296 1810 2328; x_wconf 82' lang='lat' dir='ltr'>ag-</span> 
     </span>
     <span class='ocr_line' id='line_1_88' title="bbox 1061 2336 1807 2383; baseline 0.007 -15"><span class='ocrx_word' id='word_1_426' title='bbox 1061 2336 1232 2378; x_wconf 85' lang='lat' dir='ltr'>gregandis</span> <span class='ocrx_word' id='word_1_427' title='bbox 1250 2337 1533 2378; x_wconf 76' lang='lat' dir='ltr'>communicandi3</span> <span class='ocrx_word' id='word_1_428' title='bbox 1558 2338 1601 2371; x_wconf 85' lang='lat' dir='ltr'>ita</span> <span class='ocrx_word' id='word_1_429' title='bbox 1621 2339 1709 2383; x_wconf 91' lang='lat' dir='ltr'>quod</span> <span class='ocrx_word' id='word_1_430' title='bbox 1730 2350 1807 2373; x_wconf 90' lang='lat' dir='ltr'>con-</span> 
     </span>
     <span class='ocr_line' id='line_1_89' title="bbox 1062 2390 1809 2434; baseline 0.005 -13"><span class='ocrx_word' id='word_1_431' title='bbox 1062 2390 1276 2423; x_wconf 88' lang='lat' dir='ltr'>fraternitates</span> <span class='ocrx_word' id='word_1_432' title='bbox 1294 2390 1368 2423; x_wconf 86' lang='lat' dir='ltr'>huic</span> <span class='ocrx_word' id='word_1_433' title='bbox 1386 2397 1579 2434; x_wconf 85' lang='lat' dir='ltr'>aggregatae</span> <span class='ocrx_word' id='word_1_434' title='bbox 1601 2391 1639 2425; x_wconf 89' lang='lat' dir='ltr'>iis</span> <span class='ocrx_word' id='word_1_435' title='bbox 1659 2393 1809 2425; x_wconf 90' lang='lat' dir='ltr'>omnibus</span> 
     </span>
     <span class='ocr_line' id='line_1_90' title="bbox 1063 2443 1808 2487; baseline 0.005 -11"><span class='ocrx_word' id='word_1_436' title='bbox 1063 2449 1093 2476; x_wconf 89' lang='lat' dir='ltr'>et</span> <span class='ocrx_word' id='word_1_437' title='bbox 1116 2443 1250 2486; x_wconf 86' lang='lat' dir='ltr'>singulis</span> <span class='ocrx_word' id='word_1_438' title='bbox 1278 2444 1472 2487; x_wconf 83' lang='lat' dir='ltr'>privilegiis,</span> <span class='ocrx_word' id='word_1_439' title='bbox 1500 2446 1702 2479; x_wconf 87' lang='lat' dir='ltr'>facultatibus</span> <span class='ocrx_word' id='word_1_440' title='bbox 1717 2474 1724 2487; x_wconf 94' lang='lat'>,</span> <span class='ocrx_word' id='word_1_441' title='bbox 1748 2447 1808 2479; x_wconf 91' lang='lat' dir='ltr'>im-</span> 
     </span>
     <span class='ocr_line' id='line_1_91' title="bbox 1063 2498 1809 2544; baseline 0.007 -14"><span class='ocrx_word' id='word_1_442' title='bbox 1063 2498 1284 2540; x_wconf 80' lang='lat' dir='ltr'>munitatibus,</span> <span class='ocrx_word' id='word_1_443' title='bbox 1301 2499 1519 2542; x_wconf 85' lang='lat' dir='ltr'>indulgentiis,</span> <span class='ocrx_word' id='word_1_444' title='bbox 1536 2507 1742 2544; x_wconf 88' lang='lat' dir='ltr'>peccatorum</span> <span class='ocrx_word' id='word_1_445' title='bbox 1760 2513 1809 2535; x_wconf 92' lang='lat' dir='ltr'>re-</span> 
     </span>
     <span class='ocr_line' id='line_1_92' title="bbox 1063 2551 1805 2598; baseline 0.005 -14"><span class='ocrx_word' id='word_1_446' title='bbox 1063 2551 1279 2593; x_wconf 88' lang='lat' dir='ltr'>missionibus,</span> <span class='ocrx_word' id='word_1_447' title='bbox 1300 2552 1431 2586; x_wconf 90' lang='lat' dir='ltr'>indultis</span> <span class='ocrx_word' id='word_1_448' title='bbox 1454 2560 1484 2587; x_wconf 89' lang='lat' dir='ltr'>et</span> <span class='ocrx_word' id='word_1_449' title='bbox 1504 2554 1574 2587; x_wconf 87' lang='lat' dir='ltr'>aliis</span> <span class='ocrx_word' id='word_1_450' title='bbox 1595 2555 1715 2598; x_wconf 86' lang='lat' dir='ltr'>gratiis,</span> <span class='ocrx_word' id='word_1_451' title='bbox 1740 2561 1805 2588; x_wconf 89' lang='lat' dir='ltr'>tam</span> 
     </span>
     <span class='ocr_line' id='line_1_93' title="bbox 1064 2604 1806 2652; baseline 0.005 -15"><span class='ocrx_word' id='word_1_452' title='bbox 1064 2604 1283 2649; x_wconf 87' lang='lat' dir='ltr'>spiritualibus</span> <span class='ocrx_word' id='word_1_453' title='bbox 1297 2617 1394 2650; x_wconf 88' lang='lat' dir='ltr'>quam</span> <span class='ocrx_word' id='word_1_454' title='bbox 1410 2608 1806 2652; x_wconf 84' lang='lat' dir='ltr'>temporalibus,utantur,</span> 
     </span>
     <span class='ocr_line' id='line_1_94' title="bbox 1065 2659 1804 2705; baseline 0.004 -14"><span class='ocrx_word' id='word_1_455' title='bbox 1065 2659 1223 2699; x_wconf 87' lang='lat' dir='ltr'>fruantur,</span> <span class='ocrx_word' id='word_1_456' title='bbox 1243 2660 1408 2704; x_wconf 88' lang='lat' dir='ltr'>potiantur</span> <span class='ocrx_word' id='word_1_457' title='bbox 1428 2667 1458 2695; x_wconf 92' lang='lat' dir='ltr'>et</span> <span class='ocrx_word' id='word_1_458' title='bbox 1477 2662 1660 2705; x_wconf 85' lang='lat' dir='ltr'>gaudeant,</span> <span class='ocrx_word' id='word_1_459' title='bbox 1681 2673 1717 2695; x_wconf 91' lang='lat' dir='ltr'>ac</span> <span class='ocrx_word' id='word_1_460' title='bbox 1738 2662 1782 2695; x_wconf 88' lang='lat' dir='ltr'>uti</span> <span class='ocrx_word' id='word_1_461' title='bbox 1797 2690 1804 2703; x_wconf 94' lang='lat'>,</span> 
     </span>
     <span class='ocr_line' id='line_1_95' title="bbox 1064 2713 1809 2761; baseline 0.004 -14"><span class='ocrx_word' id='word_1_462' title='bbox 1064 2713 1137 2755; x_wconf 86' lang='lat' dir='ltr'>frui,</span> <span class='ocrx_word' id='word_1_463' title='bbox 1161 2713 1258 2758; x_wconf 89' lang='lat' dir='ltr'>potiri</span> <span class='ocrx_word' id='word_1_464' title='bbox 1289 2719 1321 2748; x_wconf 87' lang='lat' dir='ltr'>et</span> <span class='ocrx_word' id='word_1_465' title='bbox 1351 2716 1492 2758; x_wconf 85' lang='lat' dir='ltr'>gaudere</span> <span class='ocrx_word' id='word_1_466' title='bbox 1526 2715 1671 2760; x_wconf 90' lang='lat' dir='ltr'>possint,</span> <span class='ocrx_word' id='word_1_467' title='bbox 1692 2716 1809 2761; x_wconf 87' lang='lat' dir='ltr'>quibus</span> 
     </span>
    </p>
   </div>
   <div class='ocr_carea' id='block_1_11' title="bbox 1820 1002 2005 1104">
    <p class='ocr_par' dir='ltr' id='par_1_16' title="bbox 1820 1002 2005 1104">
     <span class='ocr_line' id='line_1_96' title="bbox 1847 1002 2005 1023; baseline 0 -1"><span class='ocrx_word' id='word_1_468' title='bbox 1847 1002 1906 1023; x_wconf 75' lang='lat' dir='ltr'>Hanc</span> <span class='ocrx_word' id='word_1_469' title='bbox 1922 1002 2005 1023; x_wconf 80' lang='lat' dir='ltr'>confra-</span> 
     </span>
     <span class='ocr_line' id='line_1_97' title="bbox 1822 1030 2005 1050; baseline 0 -1"><span class='ocrx_word' id='word_1_470' title='bbox 1822 1031 1941 1050; x_wconf 72' lang='lat' dir='ltr'>ternitatem</span> <span class='ocrx_word' id='word_1_471' title='bbox 1966 1030 2005 1049; x_wconf 77' lang='lat' dir='ltr'>eri-</span> 
     </span>
     <span class='ocr_line' id='line_1_98' title="bbox 1821 1056 2005 1080; baseline -0.005 -4"><span class='ocrx_word' id='word_1_472' title='bbox 1821 1057 1848 1080; x_wconf 62' lang='lat' dir='ltr'>git</span> <span class='ocrx_word' id='word_1_473' title='bbox 1871 1057 1890 1076; x_wconf 96' lang='lat' dir='ltr'>in</span> <span class='ocrx_word' id='word_1_474' title='bbox 1910 1056 2005 1076; x_wconf 79' lang='lat' dir='ltr'>arcicon·</span> 
     </span>
     <span class='ocr_line' id='line_1_99' title="bbox 1820 1083 1979 1104; baseline -0.006 -1"><span class='ocrx_word' id='word_1_475' title='bbox 1820 1083 1979 1104; x_wconf 65' lang='lat' dir='ltr'>fraternitatem.</span> 
     </span>
    </p>
   </div>
   <div class='ocr_carea' id='block_1_12' title="bbox 1832 1699 2007 1722">
    <p class='ocr_par' dir='ltr' id='par_1_17' title="bbox 1832 1699 2007 1722">
     <span class='ocr_line' id='line_1_100' title="bbox 1832 1699 2007 1722; baseline -0.011 0"><span class='ocrx_word' id='word_1_476' title='bbox 1832 1701 1962 1722; x_wconf 67' lang='lat' dir='ltr'>facultatem</span> <span class='ocrx_word' id='word_1_477' title='bbox 1971 1699 2007 1720; x_wconf 83' lang='lat' dir='ltr'>tri-</span> 
     </span>
    </p>
   </div>
  </div>
 </body>
</html>
