<?xml version="1.0" encoding="UTF-8"?>
<!DOCTYPE html PUBLIC "-//W3C//DTD XHTML 1.0 Transitional//EN"
    "http://www.w3.org/TR/xhtml1/DTD/xhtml1-transitional.dtd">
<html xmlns="http://www.w3.org/1999/xhtml" xml:lang="en" lang="en">
 <head>
  <title>
</title>
<meta http-equiv="Content-Type" content="text/html;charset=utf-8" />
  <meta name='ocr-system' content='tesseract 3.04.00' />
  <meta name='ocr-capabilities' content='ocr_page ocr_carea ocr_par ocr_line ocrx_word'/>
</head>
<body>
  <div class='ocr_page' id='page_1' title='image "./bullarumdiplomat09cath_0037.png"; bbox 0 0 2226 3070; ppageno 0'>
   <div class='ocr_carea' id='block_1_1' title="bbox 18 243 201 273">
    <p class='ocr_par' dir='ltr' id='par_1_1' title="bbox 18 243 201 273">
     <span class='ocr_line' id='line_1_1' title="bbox 18 243 201 273; baseline -0.011 0"><span class='ocrx_word' id='word_1_1' title='bbox 18 244 70 273; x_wconf 77' lang='lat' dir='ltr'>An.</span> <span class='ocrx_word' id='word_1_2' title='bbox 87 243 115 272; x_wconf 89' lang='lat' dir='ltr'>C.</span> <span class='ocrx_word' id='word_1_3' title='bbox 133 244 201 272; x_wconf 80' lang='lat'>1588</span> 
     </span>
    </p>
   </div>
   <div class='ocr_carea' id='block_1_2' title="bbox 883 240 1098 264">
    <p class='ocr_par' dir='ltr' id='par_1_2' title="bbox 883 240 1098 264">
     <span class='ocr_line' id='line_1_2' title="bbox 883 240 1098 264; baseline -0.009 0"><span class='ocrx_word' id='word_1_4' title='bbox 883 240 987 264; x_wconf 77' lang='lat' dir='ltr'>SIXTUS</span> <span class='ocrx_word' id='word_1_5' title='bbox 1012 241 1030 263; x_wconf 94' lang='lat' dir='ltr'>V</span> <span class='ocrx_word' id='word_1_6' title='bbox 1051 240 1098 263; x_wconf 76' lang='lat' dir='ltr'>Pr.</span> 
     </span>
    </p>
   </div>
   <div class='ocr_carea' id='block_1_3' title="bbox 1671 225 1957 262">
    <p class='ocr_par' dir='ltr' id='par_1_3' title="bbox 1671 225 1957 262">
     <span class='ocr_line' id='line_1_3' title="bbox 1671 225 1957 262; baseline 0.014 -4"><span class='ocrx_word' id='word_1_7' title='bbox 1671 225 1713 258; x_wconf 78' lang='lat'>15</span> <span class='ocrx_word' id='word_1_8' title='bbox 1773 235 1957 262; x_wconf 50' lang='grc'>11001588</span> 
     </span>
    </p>
   </div>
   <div class='ocr_carea' id='block_1_4' title="bbox 216 290 1759 338">
    <p class='ocr_par' dir='ltr' id='par_1_4' title="bbox 216 290 1759 338">
     <span class='ocr_line' id='line_1_4' title="bbox 216 290 1759 338; baseline -0.005 -10"><span class='ocrx_word' id='word_1_9' title='bbox 216 293 422 328; x_wconf 79' lang='lat' dir='ltr'><strong>meminerint</strong></span> <span class='ocrx_word' id='word_1_10' title='bbox 456 300 642 338; x_wconf 82' lang='lat' dir='ltr'>supersunt.</span> <span class='ocrx_word' id='word_1_11' title='bbox 676 294 834 327; x_wconf 85' lang='lat' dir='ltr'>Invaserat</span> <span class='ocrx_word' id='word_1_12' title='bbox 871 294 968 337; x_wconf 70' lang='lat' dir='ltr'>virgi·</span> <span class='ocrx_word' id='word_1_13' title='bbox 1009 291 1194 325; x_wconf 74' lang='lat' dir='ltr'>cubiculum</span> <span class='ocrx_word' id='word_1_14' title='bbox 1215 290 1323 323; x_wconf 79' lang='lat' dir='ltr'>afferri</span> <span class='ocrx_word' id='word_1_15' title='bbox 1340 295 1465 329; x_wconf 85' lang='lat' dir='ltr'>curant,</span> <span class='ocrx_word' id='word_1_16' title='bbox 1485 295 1557 332; x_wconf 87' lang='lat' dir='ltr'>post</span> <span class='ocrx_word' id='word_1_17' title='bbox 1577 299 1677 322; x_wconf 88' lang='lat' dir='ltr'>annos</span> <span class='ocrx_word' id='word_1_18' title='bbox 1694 290 1759 322; x_wconf 75' lang='lat' dir='ltr'>scre</span> 
     </span>
    </p>
   </div>
   <div class='ocr_carea' id='block_1_5' title="bbox 215 348 971 1089">
    <p class='ocr_par' dir='ltr' id='par_1_5' title="bbox 215 348 971 1089">
     <span class='ocr_line' id='line_1_5' title="bbox 215 348 965 392; baseline -0.003 -10"><span class='ocrx_word' id='word_1_19' title='bbox 215 360 290 382; x_wconf 90' lang='lat' dir='ltr'>nem</span> <span class='ocrx_word' id='word_1_20' title='bbox 310 348 477 381; x_wconf 86' lang='lat' dir='ltr'>horribilis</span> <span class='ocrx_word' id='word_1_21' title='bbox 502 354 530 382; x_wconf 90' lang='lat' dir='ltr'>et</span> <span class='ocrx_word' id='word_1_22' title='bbox 544 348 779 381; x_wconf 78' lang='lat' dir='ltr'>deformissima</span> <span class='ocrx_word' id='word_1_23' title='bbox 801 348 965 392; x_wconf 63' lang='lat' dir='ltr'>paralysis,</span> 
     </span>
     <span class='ocr_line' id='line_1_6' title="bbox 217 396 969 435; baseline -0.001 0"><span class='ocrx_word' id='word_1_24' title='bbox 217 396 304 435; x_wconf 86' lang='lat' dir='ltr'>tanta</span> <span class='ocrx_word' id='word_1_25' title='bbox 328 413 501 435; x_wconf 78' lang='lat' dir='ltr'>nervorum</span> <span class='ocrx_word' id='word_1_26' title='bbox 522 402 732 435; x_wconf 84' lang='lat' dir='ltr'>dissolutione</span> <span class='ocrx_word' id='word_1_27' title='bbox 754 407 784 434; x_wconf 89' lang='lat' dir='ltr'>et</span> <span class='ocrx_word' id='word_1_28' title='bbox 810 402 969 434; x_wconf 87' lang='lat' dir='ltr'>membro-</span> 
     </span>
     <span class='ocr_line' id='line_1_7' title="bbox 216 453 968 497; baseline -0.003 -9"><span class='ocrx_word' id='word_1_29' title='bbox 216 466 288 488; x_wconf 86' lang='lat' dir='ltr'>rum</span> <span class='ocrx_word' id='word_1_30' title='bbox 315 455 487 495; x_wconf 78' lang='lat' dir='ltr'>laxatione,</span> <span class='ocrx_word' id='word_1_31' title='bbox 513 455 656 487; x_wconf 86' lang='lat' dir='ltr'>brachiis</span> <span class='ocrx_word' id='word_1_32' title='bbox 676 453 890 497; x_wconf 87' lang='lat' dir='ltr'>cruribusque</span> <span class='ocrx_word' id='word_1_33' title='bbox 920 454 968 486; x_wconf 90' lang='lat' dir='ltr'>di-</span> 
     </span>
     <span class='ocr_line' id='line_1_8' title="bbox 216 508 967 552; baseline -0.003 -11"><span class='ocrx_word' id='word_1_34' title='bbox 216 508 336 548; x_wconf 85' lang='lat' dir='ltr'>stortis,</span> <span class='ocrx_word' id='word_1_35' title='bbox 356 514 486 552; x_wconf 85' lang='lat' dir='ltr'>totoque</span> <span class='ocrx_word' id='word_1_36' title='bbox 503 518 639 551; x_wconf 86' lang='lat' dir='ltr'>corpore</span> <span class='ocrx_word' id='word_1_37' title='bbox 655 508 821 547; x_wconf 75' lang='lat' dir='ltr'>convulso,</span> <span class='ocrx_word' id='word_1_38' title='bbox 845 513 880 540; x_wconf 89' lang='lat' dir='ltr'>ut</span> <span class='ocrx_word' id='word_1_39' title='bbox 904 517 967 539; x_wconf 91' lang='lat' dir='ltr'>non</span> 
     </span>
     <span class='ocr_line' id='line_1_9' title="bbox 219 562 968 601; baseline -0.003 -6"><span class='ocrx_word' id='word_1_40' title='bbox 219 562 280 595; x_wconf 86' lang='lat' dir='ltr'>iam</span> <span class='ocrx_word' id='word_1_41' title='bbox 300 562 429 601; x_wconf 88' lang='lat' dir='ltr'>mulier,</span> <span class='ocrx_word' id='word_1_42' title='bbox 448 562 503 594; x_wconf 90' lang='lat' dir='ltr'>sed</span> <span class='ocrx_word' id='word_1_43' title='bbox 523 567 705 594; x_wconf 80' lang='lat' dir='ltr'>monstrum</span> <span class='ocrx_word' id='word_1_44' title='bbox 734 567 826 600; x_wconf 78' lang='lat' dir='ltr'>essct,</span> <span class='ocrx_word' id='word_1_45' title='bbox 853 566 883 593; x_wconf 88' lang='lat' dir='ltr'>ct</span> <span class='ocrx_word' id='word_1_46' title='bbox 900 571 968 593; x_wconf 85' lang='lat' dir='ltr'>me-</span> 
     </span>
     <span class='ocr_line' id='line_1_10' title="bbox 217 614 968 658; baseline -0.003 -10"><span class='ocrx_word' id='word_1_47' title='bbox 217 616 280 648; x_wconf 88' lang='lat' dir='ltr'>dici</span> <span class='ocrx_word' id='word_1_48' title='bbox 304 626 337 649; x_wconf 88' lang='lat' dir='ltr'>se</span> <span class='ocrx_word' id='word_1_49' title='bbox 357 615 437 648; x_wconf 88' lang='lat' dir='ltr'>nihil</span> <span class='ocrx_word' id='word_1_50' title='bbox 457 625 600 658; x_wconf 87' lang='lat' dir='ltr'>unquam</span> <span class='ocrx_word' id='word_1_51' title='bbox 615 615 677 647; x_wconf 88' lang='lat' dir='ltr'>tale</span> <span class='ocrx_word' id='word_1_52' title='bbox 702 614 816 647; x_wconf 85' lang='lat' dir='ltr'>vidisse</span> <span class='ocrx_word' id='word_1_53' title='bbox 837 615 968 657; x_wconf 83' lang='lat' dir='ltr'>profite-</span> 
     </span>
     <span class='ocr_line' id='line_1_11' title="bbox 216 667 967 702; baseline -0.001 -1"><span class='ocrx_word' id='word_1_54' title='bbox 216 674 339 702; x_wconf 82' lang='lat' dir='ltr'><strong>rentur.</strong></span> <span class='ocrx_word' id='word_1_55' title='bbox 368 668 569 701; x_wconf 77' lang='lat' dir='ltr'>Accedebant</span> <span class='ocrx_word' id='word_1_56' title='bbox 590 667 695 700; x_wconf 79' lang='lat' dir='ltr'><strong>febres</strong></span> <span class='ocrx_word' id='word_1_57' title='bbox 715 668 920 700; x_wconf 86' lang='lat' dir='ltr'>vehementes</span> <span class='ocrx_word' id='word_1_58' title='bbox 940 673 967 700; x_wconf 90' lang='lat' dir='ltr'>et</span> 
     </span>
     <span class='ocr_line' id='line_1_12' title="bbox 217 721 970 766; baseline -0.001 -12"><span class='ocrx_word' id='word_1_59' title='bbox 217 722 330 766; x_wconf 88' lang='lat' dir='ltr'>capitis</span> <span class='ocrx_word' id='word_1_60' title='bbox 340 722 469 754; x_wconf 87' lang='lat' dir='ltr'>dolores</span> <span class='ocrx_word' id='word_1_61' title='bbox 488 732 638 765; x_wconf 90' lang='lat' dir='ltr'>peracres</span> <span class='ocrx_word' id='word_1_62' title='bbox 654 727 684 754; x_wconf 85' lang='lat' dir='ltr'>et</span> <span class='ocrx_word' id='word_1_63' title='bbox 704 722 837 762; x_wconf 75' lang='lat' dir='ltr'>assidui,</span> <span class='ocrx_word' id='word_1_64' title='bbox 851 721 970 765; x_wconf 86' lang='lat' dir='ltr'>quibus</span> 
     </span>
     <span class='ocr_line' id='line_1_13' title="bbox 217 775 970 819; baseline 0.003 -12"><span class='ocrx_word' id='word_1_65' title='bbox 217 775 333 808; x_wconf 91' lang='lat' dir='ltr'>misera</span> <span class='ocrx_word' id='word_1_66' title='bbox 355 775 541 817; x_wconf 81' lang='lat' dir='ltr'>gravissime</span> <span class='ocrx_word' id='word_1_67' title='bbox 561 775 787 808; x_wconf 83' lang='lat' dir='ltr'>afflictabatur.</span> <span class='ocrx_word' id='word_1_68' title='bbox 809 775 852 808; x_wconf 85' lang='lat' dir='ltr'>Ea</span> <span class='ocrx_word' id='word_1_69' title='bbox 872 776 970 819; x_wconf 80' lang='lat' dir='ltr'>igitur</span> 
     </span>
     <span class='ocr_line' id='line_1_14' title="bbox 217 829 968 873; baseline 0.001 -11"><span class='ocrx_word' id='word_1_70' title='bbox 217 829 255 862; x_wconf 87' lang='lat' dir='ltr'>ad</span> <span class='ocrx_word' id='word_1_71' title='bbox 284 829 368 862; x_wconf 88' lang='lat' dir='ltr'>beati</span> <span class='ocrx_word' id='word_1_72' title='bbox 397 829 506 862; x_wconf 86' lang='lat' dir='ltr'>Didaci</span> <span class='ocrx_word' id='word_1_73' title='bbox 537 840 656 873; x_wconf 87' lang='lat' dir='ltr'>corpus</span> <span class='ocrx_word' id='word_1_74' title='bbox 680 829 798 871; x_wconf 86' lang='lat' dir='ltr'>delata,</span> <span class='ocrx_word' id='word_1_75' title='bbox 831 841 905 863; x_wconf 87' lang='lat' dir='ltr'>cum</span> <span class='ocrx_word' id='word_1_76' title='bbox 937 830 968 863; x_wconf 91' lang='lat' dir='ltr'>in</span> 
     </span>
     <span class='ocr_line' id='line_1_15' title="bbox 217 882 971 918; baseline 0.003 -2"><span class='ocrx_word' id='word_1_77' title='bbox 217 883 287 916; x_wconf 88' lang='lat' dir='ltr'>eius</span> <span class='ocrx_word' id='word_1_78' title='bbox 302 882 533 917; x_wconf 72' lang='lat' dir='ltr'>intercessione</span> <span class='ocrx_word' id='word_1_79' title='bbox 545 889 577 917; x_wconf 91' lang='lat' dir='ltr'>et</span> <span class='ocrx_word' id='word_1_80' title='bbox 587 883 642 917; x_wconf 90' lang='lat' dir='ltr'>Dei</span> <span class='ocrx_word' id='word_1_81' title='bbox 663 883 884 917; x_wconf 86' lang='lat' dir='ltr'>misericordia</span> <span class='ocrx_word' id='word_1_82' title='bbox 894 895 971 918; x_wconf 89' lang='lat' dir='ltr'>con-</span> 
     </span>
     <span class='ocr_line' id='line_1_16' title="bbox 217 936 969 982; baseline 0.003 -13"><span class='ocrx_word' id='word_1_83' title='bbox 217 936 342 976; x_wconf 82' lang='lat' dir='ltr'>fideret,</span> <span class='ocrx_word' id='word_1_84' title='bbox 361 942 391 970; x_wconf 89' lang='lat' dir='ltr'>et</span> <span class='ocrx_word' id='word_1_85' title='bbox 403 937 722 981; x_wconf 87' lang='lat' dir='ltr'>suppliciteroraret,</span> <span class='ocrx_word' id='word_1_86' title='bbox 742 938 805 971; x_wconf 72' lang='lat' dir='ltr'>voti</span> <span class='ocrx_word' id='word_1_87' title='bbox 825 949 969 982; x_wconf 85' lang='lat' dir='ltr'>compos,</span> 
     </span>
     <span class='ocr_line' id='line_1_17' title="bbox 218 990 971 1025; baseline 0.003 -3"><span class='ocrx_word' id='word_1_88' title='bbox 218 990 257 1022; x_wconf 88' lang='lat' dir='ltr'>ab</span> <span class='ocrx_word' id='word_1_89' title='bbox 274 990 362 1023; x_wconf 88' lang='lat' dir='ltr'>omni</span> <span class='ocrx_word' id='word_1_90' title='bbox 387 991 441 1023; x_wconf 92' lang='lat' dir='ltr'>illa</span> <span class='ocrx_word' id='word_1_91' title='bbox 471 991 694 1024; x_wconf 88' lang='lat' dir='ltr'>membrorum</span> <span class='ocrx_word' id='word_1_92' title='bbox 722 991 911 1025; x_wconf 72' lang='lat' dir='ltr'>distortione</span> <span class='ocrx_word' id='word_1_93' title='bbox 941 997 971 1024; x_wconf 77' lang='lat' dir='ltr'>et</span> 
     </span>
     <span class='ocr_line' id='line_1_18' title="bbox 217 1044 967 1089; baseline 0.003 -12"><span class='ocrx_word' id='word_1_94' title='bbox 217 1044 456 1088; x_wconf 70' lang='lat' dir='ltr'>depravatione,</span> <span class='ocrx_word' id='word_1_95' title='bbox 485 1045 641 1089; x_wconf 90' lang='lat' dir='ltr'>omnique</span> <span class='ocrx_word' id='word_1_96' title='bbox 657 1045 803 1089; x_wconf 85' lang='lat' dir='ltr'>corporis</span> <span class='ocrx_word' id='word_1_97' title='bbox 830 1046 967 1079; x_wconf 72' lang='lat' dir='ltr'>infirmi-</span> 
     </span>
    </p>
   </div>
   <div class='ocr_carea' id='block_1_6' title="bbox 201 1095 969 1143">
    <p class='ocr_par' dir='ltr' id='par_1_6' title="bbox 201 1095 969 1143">
     <span class='ocr_line' id='line_1_19' title="bbox 201 1095 969 1143; baseline 0.003 -13"><span class='ocrx_word' id='word_1_98' title='bbox 201 1102 281 1130; x_wconf 86' lang='lat' dir='ltr'>-tate</span> <span class='ocrx_word' id='word_1_99' title='bbox 302 1095 505 1139; x_wconf 83' lang='lat' dir='ltr'>estliberata,</span> <span class='ocrx_word' id='word_1_100' title='bbox 528 1110 611 1142; x_wconf 88' lang='lat' dir='ltr'>quae</span> <span class='ocrx_word' id='word_1_101' title='bbox 632 1099 710 1131; x_wconf 88' lang='lat' dir='ltr'>tanti</span> <span class='ocrx_word' id='word_1_102' title='bbox 731 1099 855 1143; x_wconf 84' lang='lat' dir='ltr'>accepti</span> <span class='ocrx_word' id='word_1_103' title='bbox 873 1100 969 1133; x_wconf 89' lang='lat' dir='ltr'>bene-</span> 
     </span>
    </p>
   </div>
   <div class='ocr_carea' id='block_1_7' title="bbox 216 1151 976 2680">
    <p class='ocr_par' dir='ltr' id='par_1_7' title="bbox 216 1151 976 2680">
     <span class='ocr_line' id='line_1_20' title="bbox 219 1151 968 1195; baseline 0.004 -12"><span class='ocrx_word' id='word_1_104' title='bbox 219 1151 283 1183; x_wconf 82' lang='lat' dir='ltr'>ficii</span> <span class='ocrx_word' id='word_1_105' title='bbox 300 1161 364 1184; x_wconf 91' lang='lat' dir='ltr'>non</span> <span class='ocrx_word' id='word_1_106' title='bbox 382 1151 518 1194; x_wconf 82' lang='lat' dir='ltr'>ingrata,</span> <span class='ocrx_word' id='word_1_107' title='bbox 549 1152 613 1185; x_wconf 90' lang='lat' dir='ltr'>Deo</span> <span class='ocrx_word' id='word_1_108' title='bbox 638 1152 855 1195; x_wconf 78' lang='lat' dir='ltr'>virginitatem</span> <span class='ocrx_word' id='word_1_109' title='bbox 878 1164 968 1186; x_wconf 88' lang='lat' dir='ltr'>suam</span> 
     </span>
     <span class='ocr_line' id='line_1_21' title="bbox 216 1204 969 1250; baseline 0.004 -13"><span class='ocrx_word' id='word_1_110' title='bbox 216 1204 311 1245; x_wconf 89' lang='lat' dir='ltr'>vovit,</span> <span class='ocrx_word' id='word_1_111' title='bbox 333 1210 364 1238; x_wconf 88' lang='lat' dir='ltr'>et</span> <span class='ocrx_word' id='word_1_112' title='bbox 389 1216 552 1238; x_wconf 87' lang='lat' dir='ltr'>sacrarum</span> <span class='ocrx_word' id='word_1_113' title='bbox 571 1205 730 1249; x_wconf 77' lang='lat' dir='ltr'>virginum</span> <span class='ocrx_word' id='word_1_114' title='bbox 757 1207 895 1250; x_wconf 79' lang='lat' dir='ltr'>collegio</span> <span class='ocrx_word' id='word_1_115' title='bbox 913 1208 969 1240; x_wconf 87' lang='lat' dir='ltr'>ad-</span> 
     </span>
     <span class='ocr_line' id='line_1_22' title="bbox 217 1258 970 1304; baseline 0.004 -14"><span class='ocrx_word' id='word_1_116' title='bbox 217 1258 340 1299; x_wconf 88' lang='lat' dir='ltr'>iuncta,</span> <span class='ocrx_word' id='word_1_117' title='bbox 362 1259 395 1291; x_wconf 93' lang='lat' dir='ltr'>in</span> <span class='ocrx_word' id='word_1_118' title='bbox 415 1259 611 1293; x_wconf 86' lang='lat' dir='ltr'>monasterio</span> <span class='ocrx_word' id='word_1_119' title='bbox 631 1260 662 1293; x_wconf 90' lang='lat' dir='ltr'>S.</span> <span class='ocrx_word' id='word_1_120' title='bbox 687 1260 825 1301; x_wconf 86' lang='lat' dir='ltr'>Ioannis,</span> <span class='ocrx_word' id='word_1_121' title='bbox 849 1261 935 1304; x_wconf 86' lang='lat' dir='ltr'>quod</span> <span class='ocrx_word' id='word_1_122' title='bbox 953 1272 970 1294; x_wconf 92' lang='lat' dir='ltr'>a</span> 
     </span>
     <span class='ocr_line' id='line_1_23' title="bbox 217 1311 970 1357; baseline 0.004 -13"><span class='ocrx_word' id='word_1_123' title='bbox 217 1311 418 1346; x_wconf 78' lang='lat' dir='ltr'>poenitentia</span> <span class='ocrx_word' id='word_1_124' title='bbox 433 1313 633 1353; x_wconf 84' lang='lat' dir='ltr'>nominatur,</span> <span class='ocrx_word' id='word_1_125' title='bbox 653 1319 760 1347; x_wconf 86' lang='lat' dir='ltr'>sancte</span> <span class='ocrx_word' id='word_1_126' title='bbox 779 1320 809 1347; x_wconf 90' lang='lat' dir='ltr'>et</span> <span class='ocrx_word' id='word_1_127' title='bbox 821 1314 970 1357; x_wconf 69' lang='lat' dir='ltr'>religiose</span> 
     </span>
     <span class='ocr_line' id='line_1_24' title="bbox 216 1365 970 1411; baseline 0.007 -14"><span class='ocrx_word' id='word_1_128' title='bbox 216 1365 313 1398; x_wconf 90' lang='lat' dir='ltr'>vitam</span> <span class='ocrx_word' id='word_1_129' title='bbox 330 1365 430 1399; x_wconf 80' lang='lat' dir='ltr'>duxit.</span> <span class='ocrx_word' id='word_1_130' title='bbox 446 1366 508 1400; x_wconf 88' lang='lat' dir='ltr'>Sed</span> <span class='ocrx_word' id='word_1_131' title='bbox 520 1367 607 1410; x_wconf 91' lang='lat' dir='ltr'>quod</span> <span class='ocrx_word' id='word_1_132' title='bbox 626 1367 657 1399; x_wconf 94' lang='grc'>10</span> <span class='ocrx_word' id='word_1_133' title='bbox 676 1367 824 1411; x_wconf 83' lang='lat' dir='ltr'>principe</span> <span class='ocrx_word' id='word_1_134' title='bbox 845 1368 970 1409; x_wconf 86' lang='lat' dir='ltr'>Carolo,</span> 
     </span>
     <span class='ocr_line' id='line_1_25' title="bbox 217 1418 969 1466; baseline 0.004 -15"><span class='ocrx_word' id='word_1_135' title='bbox 217 1418 374 1452; x_wconf 84' lang='lat' dir='ltr'>carissimi</span> <span class='ocrx_word' id='word_1_136' title='bbox 395 1420 427 1452; x_wconf 94' lang='lat' dir='ltr'>in</span> <span class='ocrx_word' id='word_1_137' title='bbox 453 1419 580 1453; x_wconf 87' lang='lat' dir='ltr'>Christo</span> <span class='ocrx_word' id='word_1_138' title='bbox 612 1420 670 1453; x_wconf 86' lang='lat' dir='ltr'>filii</span> <span class='ocrx_word' id='word_1_139' title='bbox 698 1421 798 1454; x_wconf 80' lang='lat' dir='ltr'>nostri</span> <span class='ocrx_word' id='word_1_140' title='bbox 829 1422 969 1466; x_wconf 84' lang='lat' dir='ltr'>Philippi</span> 
     </span>
     <span class='ocr_line' id='line_1_26' title="bbox 218 1472 970 1519; baseline 0.004 -14"><span class='ocrx_word' id='word_1_141' title='bbox 218 1472 446 1517; x_wconf 83' lang='lat' dir='ltr'>Hispaniarum</span> <span class='ocrx_word' id='word_1_142' title='bbox 476 1474 560 1517; x_wconf 79' lang='lat' dir='ltr'>regis</span> <span class='ocrx_word' id='word_1_143' title='bbox 581 1475 731 1508; x_wconf 79' lang='lat' dir='ltr'>catholici</span> <span class='ocrx_word' id='word_1_144' title='bbox 754 1475 970 1519; x_wconf 74' lang='lat' dir='ltr'>primogenito</span> 
     </span>
     <span class='ocr_line' id='line_1_27' title="bbox 219 1525 969 1573; baseline 0.005 -15"><span class='ocrx_word' id='word_1_145' title='bbox 219 1525 299 1566; x_wconf 78' lang='lat' dir='ltr'>filio,</span> <span class='ocrx_word' id='word_1_146' title='bbox 319 1526 472 1560; x_wconf 86' lang='lat' dir='ltr'>divinitus</span> <span class='ocrx_word' id='word_1_147' title='bbox 491 1533 600 1560; x_wconf 84' lang='lat' dir='ltr'>actum</span> <span class='ocrx_word' id='word_1_148' title='bbox 622 1533 679 1569; x_wconf 88' lang='lat' dir='ltr'>est,</span> <span class='ocrx_word' id='word_1_149' title='bbox 703 1540 852 1570; x_wconf 67' lang='lat' dir='ltr'>magnam</span> <span class='ocrx_word' id='word_1_150' title='bbox 884 1531 969 1573; x_wconf 89' lang='lat' dir='ltr'>apud</span> 
     </span>
     <span class='ocr_line' id='line_1_28' title="bbox 219 1581 970 1626; baseline 0.007 -15"><span class='ocrx_word' id='word_1_151' title='bbox 219 1589 331 1613; x_wconf 89' lang='lat' dir='ltr'>omnes</span> <span class='ocrx_word' id='word_1_152' title='bbox 351 1581 452 1613; x_wconf 84' lang='lat' dir='ltr'>famae</span> <span class='ocrx_word' id='word_1_153' title='bbox 478 1581 696 1614; x_wconf 87' lang='lat' dir='ltr'>celebritatem</span> <span class='ocrx_word' id='word_1_154' title='bbox 727 1582 832 1615; x_wconf 87' lang='lat' dir='ltr'>babet.</span> <span class='ocrx_word' id='word_1_155' title='bbox 857 1584 970 1626; x_wconf 71' lang='lat' dir='ltr'>,Egre-</span> 
     </span>
     <span class='ocr_line' id='line_1_29' title="bbox 219 1632 970 1680; baseline 0.005 -15"><span class='ocrx_word' id='word_1_156' title='bbox 219 1632 305 1666; x_wconf 87' lang='lat' dir='ltr'>tabat</span> <span class='ocrx_word' id='word_1_157' title='bbox 324 1633 487 1678; x_wconf 89' lang='lat' dir='ltr'>Compluti</span> <span class='ocrx_word' id='word_1_158' title='bbox 509 1635 697 1669; x_wconf 79' lang='lat' dir='ltr'>adolescens</span> <span class='ocrx_word' id='word_1_159' title='bbox 714 1635 864 1680; x_wconf 84' lang='lat' dir='ltr'>princeps</span> <span class='ocrx_word' id='word_1_160' title='bbox 886 1647 970 1669; x_wconf 81' lang='lat' dir='ltr'>anuo</span> 
     </span>
     <span class='ocr_line' id='line_1_30' title="bbox 219 1686 971 1733; baseline 0.007 -15"><span class='ocrx_word' id='word_1_161' title='bbox 219 1686 378 1720; x_wconf 86' lang='lat' dir='ltr'>humanae</span> <span class='ocrx_word' id='word_1_162' title='bbox 394 1688 505 1721; x_wconf 88' lang='lat' dir='ltr'>salutis</span> <span class='ocrx_word' id='word_1_163' title='bbox 523 1688 695 1721; x_wconf 86' lang='lat' dir='ltr'>millesimo</span> <span class='ocrx_word' id='word_1_164' title='bbox 711 1689 971 1733; x_wconf 68' lang='lat' dir='ltr'>quingentesimo</span> 
     </span>
     <span class='ocr_line' id='line_1_31' title="bbox 218 1740 972 1786; baseline 0.009 -16"><span class='ocrx_word' id='word_1_165' title='bbox 218 1740 416 1783; x_wconf 83' lang='lat' dir='ltr'>sexagesimo</span> <span class='ocrx_word' id='word_1_166' title='bbox 431 1742 586 1783; x_wconf 82' lang='lat' dir='ltr'>secundo,</span> <span class='ocrx_word' id='word_1_167' title='bbox 605 1742 660 1786; x_wconf 88' lang='lat' dir='ltr'>qui</span> <span class='ocrx_word' id='word_1_168' title='bbox 683 1754 756 1775; x_wconf 84' lang='grc'>011111</span> <span class='ocrx_word' id='word_1_169' title='bbox 775 1754 790 1775; x_wconf 83' lang='grc'>0</span> <span class='ocrx_word' id='word_1_170' title='bbox 811 1744 905 1777; x_wconf 86' lang='grc'>500115</span> <span class='ocrx_word' id='word_1_171' title='bbox 919 1745 972 1777; x_wconf 89' lang='lat' dir='ltr'>de-</span> 
     </span>
     <span class='ocr_line' id='line_1_32' title="bbox 218 1794 970 1841; baseline 0.005 -14"><span class='ocrx_word' id='word_1_172' title='bbox 218 1794 359 1835; x_wconf 88' lang='lat' dir='ltr'>cidisset,</span> <span class='ocrx_word' id='word_1_173' title='bbox 381 1795 607 1838; x_wconf 74' lang='lat' dir='ltr'>gravissimum</span> <span class='ocrx_word' id='word_1_174' title='bbox 629 1807 666 1829; x_wconf 81' lang='lat' dir='ltr'>ex</span> <span class='ocrx_word' id='word_1_175' title='bbox 684 1807 722 1830; x_wconf 92' lang='lat' dir='ltr'>eo</span> <span class='ocrx_word' id='word_1_176' title='bbox 747 1808 823 1830; x_wconf 87' lang='lat' dir='ltr'>casu</span> <span class='ocrx_word' id='word_1_177' title='bbox 845 1803 875 1831; x_wconf 92' lang='grc'>01.</span> <span class='ocrx_word' id='word_1_178' title='bbox 896 1809 970 1841; x_wconf 92' lang='lat' dir='ltr'>pro-</span> 
     </span>
     <span class='ocr_line' id='line_1_33' title="bbox 218 1848 972 1894; baseline 0.005 -14"><span class='ocrx_word' id='word_1_179' title='bbox 218 1848 363 1892; x_wconf 89' lang='lat' dir='ltr'>lapsione</span> <span class='ocrx_word' id='word_1_180' title='bbox 375 1849 407 1882; x_wconf 95' lang='lat' dir='ltr'>in</span> <span class='ocrx_word' id='word_1_181' title='bbox 420 1849 524 1893; x_wconf 83' lang='lat' dir='ltr'>capite</span> <span class='ocrx_word' id='word_1_182' title='bbox 538 1851 656 1884; x_wconf 88' lang='lat' dir='ltr'>vulnus</span> <span class='ocrx_word' id='word_1_183' title='bbox 667 1857 850 1894; x_wconf 73' lang='lat' dir='ltr'>acceperat,</span> <span class='ocrx_word' id='word_1_184' title='bbox 865 1852 972 1885; x_wconf 88' lang='lat' dir='ltr'>omnia</span> 
     </span>
     <span class='ocr_line' id='line_1_34' title="bbox 219 1903 972 1949; baseline 0.005 -14"><span class='ocrx_word' id='word_1_185' title='bbox 219 1903 374 1944; x_wconf 86' lang='lat' dir='ltr'>remedia,</span> <span class='ocrx_word' id='word_1_186' title='bbox 386 1913 498 1937; x_wconf 86' lang='lat' dir='ltr'>omnes</span> <span class='ocrx_word' id='word_1_187' title='bbox 509 1904 695 1938; x_wconf 77' lang='lat' dir='ltr'>curationes</span> <span class='ocrx_word' id='word_1_188' title='bbox 705 1905 878 1945; x_wconf 76' lang='lat' dir='ltr'>adhibitae,</span> <span class='ocrx_word' id='word_1_189' title='bbox 890 1917 972 1949; x_wconf 87' lang='lat' dir='ltr'>quac</span> 
     </span>
     <span class='ocr_line' id='line_1_35' title="bbox 219 1957 971 2002; baseline 0.005 -13"><span class='ocrx_word' id='word_1_190' title='bbox 219 1957 361 1990; x_wconf 86' lang='lat' dir='ltr'>humana</span> <span class='ocrx_word' id='word_1_191' title='bbox 386 1957 545 1990; x_wconf 88' lang='lat' dir='ltr'>industria</span> <span class='ocrx_word' id='word_1_192' title='bbox 571 1958 727 2001; x_wconf 83' lang='lat' dir='ltr'>praestari</span> <span class='ocrx_word' id='word_1_193' title='bbox 749 1964 915 2002; x_wconf 81' lang='lat' dir='ltr'>poterant,</span> <span class='ocrx_word' id='word_1_194' title='bbox 939 1968 971 1993; x_wconf 86' lang='lat' dir='ltr'>ut</span> 
     </span>
     <span class='ocr_line' id='line_1_36' title="bbox 219 2010 972 2055; baseline 0.005 -13"><span class='ocrx_word' id='word_1_195' title='bbox 219 2010 351 2043; x_wconf 88' lang='lat' dir='ltr'>intanto</span> <span class='ocrx_word' id='word_1_196' title='bbox 371 2011 519 2055; x_wconf 87' lang='lat' dir='ltr'>principe</span> <span class='ocrx_word' id='word_1_197' title='bbox 540 2022 599 2055; x_wconf 88' lang='lat' dir='ltr'>par</span> <span class='ocrx_word' id='word_1_198' title='bbox 616 2018 697 2052; x_wconf 83' lang='lat' dir='ltr'>erat;</span> <span class='ocrx_word' id='word_1_199' title='bbox 718 2013 773 2045; x_wconf 89' lang='lat' dir='ltr'>sed</span> <span class='ocrx_word' id='word_1_200' title='bbox 796 2024 868 2046; x_wconf 91' lang='lat' dir='ltr'>cum</span> <span class='ocrx_word' id='word_1_201' title='bbox 892 2014 972 2047; x_wconf 89' lang='lat' dir='ltr'>nihil</span> 
     </span>
     <span class='ocr_line' id='line_1_37' title="bbox 218 2064 973 2111; baseline 0.007 -15"><span class='ocrx_word' id='word_1_202' title='bbox 218 2064 399 2097; x_wconf 86' lang='lat' dir='ltr'>humanum</span> <span class='ocrx_word' id='word_1_203' title='bbox 424 2065 610 2109; x_wconf 79' lang='lat' dir='ltr'>proficeret,</span> <span class='ocrx_word' id='word_1_204' title='bbox 644 2066 843 2110; x_wconf 82' lang='lat' dir='ltr'>morbusque</span> <span class='ocrx_word' id='word_1_205' title='bbox 874 2068 973 2111; x_wconf 71' lang='lat' dir='ltr'>magis</span> 
     </span>
     <span class='ocr_line' id='line_1_38' title="bbox 219 2118 974 2164; baseline 0.005 -14"><span class='ocrx_word' id='word_1_206' title='bbox 219 2128 348 2162; x_wconf 85' lang='lat' dir='ltr'>semper</span> <span class='ocrx_word' id='word_1_207' title='bbox 370 2118 620 2162; x_wconf 81' lang='lat' dir='ltr'>ingravesceret,</span> <span class='ocrx_word' id='word_1_208' title='bbox 650 2119 782 2164; x_wconf 86' lang='lat' dir='ltr'>iamque</span> <span class='ocrx_word' id='word_1_209' title='bbox 812 2121 881 2154; x_wconf 86' lang='lat' dir='ltr'>cius</span> <span class='ocrx_word' id='word_1_210' title='bbox 905 2132 974 2164; x_wconf 77' lang='lat' dir='ltr'>gra-</span> 
     </span>
     <span class='ocr_line' id='line_1_39' title="bbox 219 2171 974 2218; baseline 0.005 -14"><span class='ocrx_word' id='word_1_211' title='bbox 219 2171 306 2204; x_wconf 88' lang='lat' dir='ltr'>vitati</span> <span class='ocrx_word' id='word_1_212' title='bbox 325 2177 443 2205; x_wconf 85' lang='lat' dir='ltr'>natura</span> <span class='ocrx_word' id='word_1_213' title='bbox 467 2173 707 2213; x_wconf 86' lang='lat' dir='ltr'>succumberet,</span> <span class='ocrx_word' id='word_1_214' title='bbox 734 2173 864 2215; x_wconf 89' lang='lat' dir='ltr'>medici,</span> <span class='ocrx_word' id='word_1_215' title='bbox 887 2175 974 2218; x_wconf 83' lang='lat' dir='ltr'>prin-</span> 
     </span>
     <span class='ocr_line' id='line_1_40' title="bbox 221 2224 975 2270; baseline 0.007 -14"><span class='ocrx_word' id='word_1_216' title='bbox 221 2224 300 2268; x_wconf 89' lang='lat' dir='ltr'>cipis</span> <span class='ocrx_word' id='word_1_217' title='bbox 320 2225 423 2258; x_wconf 83' lang='lat' dir='ltr'>salute</span> <span class='ocrx_word' id='word_1_218' title='bbox 444 2236 578 2269; x_wconf 86' lang='lat' dir='ltr'>prorsus</span> <span class='ocrx_word' id='word_1_219' title='bbox 589 2226 769 2270; x_wconf 87' lang='lat' dir='ltr'>desperata,</span> <span class='ocrx_word' id='word_1_220' title='bbox 784 2229 975 2261; x_wconf 88' lang='lat' dir='ltr'>certamim-</span> 
     </span>
     <span class='ocr_line' id='line_1_41' title="bbox 222 2278 974 2325; baseline 0.008 -15"><span class='ocrx_word' id='word_1_221' title='bbox 222 2278 376 2311; x_wconf 86' lang='lat' dir='ltr'>minentis</span> <span class='ocrx_word' id='word_1_222' title='bbox 388 2279 501 2312; x_wconf 86' lang='lat' dir='ltr'>mortis</span> <span class='ocrx_word' id='word_1_223' title='bbox 520 2279 635 2312; x_wconf 87' lang='lat' dir='ltr'>boram</span> <span class='ocrx_word' id='word_1_224' title='bbox 656 2280 864 2323; x_wconf 84' lang='lat' dir='ltr'>praefiniunt,</span> <span class='ocrx_word' id='word_1_225' title='bbox 877 2282 974 2325; x_wconf 83' lang='lat' dir='ltr'>idque</span> 
     </span>
     <span class='ocr_line' id='line_1_42' title="bbox 223 2330 973 2377; baseline 0.008 -14"><span class='ocrx_word' id='word_1_226' title='bbox 223 2330 289 2374; x_wconf 84' lang='lat' dir='ltr'>regi</span> <span class='ocrx_word' id='word_1_227' title='bbox 314 2331 410 2375; x_wconf 89' lang='lat' dir='ltr'>patri,</span> <span class='ocrx_word' id='word_1_228' title='bbox 433 2342 473 2365; x_wconf 90' lang='lat' dir='ltr'>ne</span> <span class='ocrx_word' id='word_1_229' title='bbox 494 2338 558 2365; x_wconf 88' lang='lat' dir='ltr'>tam</span> <span class='ocrx_word' id='word_1_230' title='bbox 579 2333 698 2366; x_wconf 88' lang='lat' dir='ltr'>acerbo</span> <span class='ocrx_word' id='word_1_231' title='bbox 718 2336 903 2377; x_wconf 89' lang='lat' dir='ltr'>spectaculo</span> <span class='ocrx_word' id='word_1_232' title='bbox 924 2336 973 2369; x_wconf 91' lang='lat' dir='ltr'>in—</span> 
     </span>
     <span class='ocr_line' id='line_1_43' title="bbox 222 2386 974 2430; baseline 0.008 -13"><span class='ocrx_word' id='word_1_233' title='bbox 222 2390 365 2425; x_wconf 87' lang='lat' dir='ltr'>teresset,</span> <span class='ocrx_word' id='word_1_234' title='bbox 386 2386 595 2419; x_wconf 80' lang='lat' dir='ltr'>denunciant.</span> <span class='ocrx_word' id='word_1_235' title='bbox 624 2388 703 2420; x_wconf 88' lang='lat' dir='ltr'>Cum</span> <span class='ocrx_word' id='word_1_236' title='bbox 741 2387 840 2430; x_wconf 69' lang='lat' dir='ltr'>igitur</span> <span class='ocrx_word' id='word_1_237' title='bbox 870 2391 974 2423; x_wconf 90' lang='lat' dir='ltr'>omnis</span> 
     </span>
     <span class='ocr_line' id='line_1_44' title="bbox 222 2434 974 2480; baseline 0.007 -14"><span class='ocrx_word' id='word_1_238' title='bbox 222 2434 355 2467; x_wconf 84' lang='lat' dir='ltr'>humani</span> <span class='ocrx_word' id='word_1_239' title='bbox 377 2435 555 2468; x_wconf 88' lang='lat' dir='ltr'>adiumenti</span> <span class='ocrx_word' id='word_1_240' title='bbox 576 2445 648 2480; x_wconf 87' lang='lat' dir='ltr'>spes</span> <span class='ocrx_word' id='word_1_241' title='bbox 668 2437 846 2478; x_wconf 78' lang='lat' dir='ltr'>defecisset,</span> <span class='ocrx_word' id='word_1_242' title='bbox 871 2439 909 2471; x_wconf 86' lang='lat' dir='ltr'>ad</span> <span class='ocrx_word' id='word_1_243' title='bbox 926 2439 974 2471; x_wconf 89' lang='lat' dir='ltr'>di-</span> 
     </span>
     <span class='ocr_line' id='line_1_45' title="bbox 222 2483 974 2531; baseline 0.007 -16"><span class='ocrx_word' id='word_1_244' title='bbox 222 2483 346 2523; x_wconf 89' lang='lat' dir='ltr'>vinum,</span> <span class='ocrx_word' id='word_1_245' title='bbox 368 2485 456 2528; x_wconf 89' lang='lat' dir='ltr'>quod</span> <span class='ocrx_word' id='word_1_246' title='bbox 472 2495 573 2517; x_wconf 91' lang='lat' dir='ltr'>unum</span> <span class='ocrx_word' id='word_1_247' title='bbox 595 2485 759 2530; x_wconf 86' lang='lat' dir='ltr'>reliquum</span> <span class='ocrx_word' id='word_1_248' title='bbox 782 2492 862 2527; x_wconf 85' lang='lat' dir='ltr'>erat,</span> <span class='ocrx_word' id='word_1_249' title='bbox 882 2498 974 2531; x_wconf 87' lang='lat' dir='ltr'>prae-</span> 
     </span>
     <span class='ocr_line' id='line_1_46' title="bbox 221 2533 974 2579; baseline 0.005 -14"><span class='ocrx_word' id='word_1_250' title='bbox 221 2533 340 2566; x_wconf 90' lang='lat' dir='ltr'>sidium</span> <span class='ocrx_word' id='word_1_251' title='bbox 362 2534 564 2577; x_wconf 81' lang='lat' dir='ltr'>confugiunt.</span> <span class='ocrx_word' id='word_1_252' title='bbox 592 2535 701 2579; x_wconf 85' lang='lat' dir='ltr'>Itaque</span> <span class='ocrx_word' id='word_1_253' title='bbox 721 2535 899 2569; x_wconf 85' lang='lat' dir='ltr'>devotionis</span> <span class='ocrx_word' id='word_1_254' title='bbox 924 2548 974 2569; x_wconf 87' lang='lat' dir='ltr'>ar-</span> 
     </span>
     <span class='ocr_line' id='line_1_47' title="bbox 222 2581 975 2623; baseline 0.004 -9"><span class='ocrx_word' id='word_1_255' title='bbox 222 2581 300 2615; x_wconf 86' lang='lat' dir='ltr'>dore</span> <span class='ocrx_word' id='word_1_256' title='bbox 320 2583 480 2623; x_wconf 87' lang='lat' dir='ltr'>succensi,</span> <span class='ocrx_word' id='word_1_257' title='bbox 496 2593 514 2616; x_wconf 87' lang='lat' dir='ltr'>a</span> <span class='ocrx_word' id='word_1_258' title='bbox 528 2583 682 2617; x_wconf 84' lang='lat' dir='ltr'>fratribus</span> <span class='ocrx_word' id='word_1_259' title='bbox 694 2585 759 2617; x_wconf 91' lang='lat' dir='ltr'>suis</span> <span class='ocrx_word' id='word_1_260' title='bbox 770 2584 855 2618; x_wconf 90' lang='lat' dir='ltr'>beati</span> <span class='ocrx_word' id='word_1_261' title='bbox 867 2585 975 2619; x_wconf 86' lang='lat' dir='ltr'>Didaei</span> 
     </span>
     <span class='ocr_line' id='line_1_48' title="bbox 222 2633 976 2680; baseline 0.004 -14"><span class='ocrx_word' id='word_1_262' title='bbox 222 2642 341 2677; x_wconf 91' lang='lat' dir='ltr'>corpus</span> <span class='ocrx_word' id='word_1_263' title='bbox 362 2633 514 2668; x_wconf 88' lang='lat' dir='ltr'>decenter</span> <span class='ocrx_word' id='word_1_264' title='bbox 538 2639 568 2668; x_wconf 89' lang='lat' dir='ltr'>et</span> <span class='ocrx_word' id='word_1_265' title='bbox 594 2634 745 2678; x_wconf 83' lang='lat' dir='ltr'>religiose</span> <span class='ocrx_word' id='word_1_266' title='bbox 766 2635 799 2668; x_wconf 91' lang='lat' dir='ltr'>in</span> <span class='ocrx_word' id='word_1_267' title='bbox 820 2635 976 2680; x_wconf 86' lang='lat' dir='ltr'>principis</span> 
     </span>
    </p>
   </div>
   <div class='ocr_carea' id='block_1_8' title="bbox 1009 343 1967 2680">
    <p class='ocr_par' dir='ltr' id='par_1_8' title="bbox 1009 343 1767 1407">
     <span class='ocr_line' id='line_1_49' title="bbox 1010 343 1758 386; baseline -0.004 -8"><span class='ocrx_word' id='word_1_268' title='bbox 1010 351 1139 378; x_wconf 83' lang='lat' dir='ltr'>centum</span> <span class='ocrx_word' id='word_1_269' title='bbox 1169 345 1328 386; x_wconf 68' lang='lat' dir='ltr'>integrum</span> <span class='ocrx_word' id='word_1_270' title='bbox 1350 349 1381 376; x_wconf 90' lang='lat' dir='ltr'>et</span> <span class='ocrx_word' id='word_1_271' title='bbox 1410 343 1650 386; x_wconf 73' lang='lat' dir='ltr'>incorruptum:</span> <span class='ocrx_word' id='word_1_272' title='bbox 1673 344 1758 386; x_wconf 88' lang='lat' dir='ltr'>quod</span> 
     </span>
     <span class='ocr_line' id='line_1_50' title="bbox 1010 396 1761 442; baseline -0.003 -11"><span class='ocrx_word' id='word_1_273' title='bbox 1010 410 1082 431; x_wconf 88' lang='lat' dir='ltr'>cum</span> <span class='ocrx_word' id='word_1_274' title='bbox 1102 398 1255 442; x_wconf 88' lang='lat' dir='ltr'>princeps</span> <span class='ocrx_word' id='word_1_275' title='bbox 1266 396 1349 430; x_wconf 88' lang='lat' dir='ltr'>beati</span> <span class='ocrx_word' id='word_1_276' title='bbox 1361 397 1420 429; x_wconf 68' lang='lat' dir='ltr'>riri</span> <span class='ocrx_word' id='word_1_277' title='bbox 1433 397 1613 441; x_wconf 77' lang='lat' dir='ltr'>patrocinio</span> <span class='ocrx_word' id='word_1_278' title='bbox 1631 407 1663 430; x_wconf 91' lang='grc'>50</span> <span class='ocrx_word' id='word_1_279' title='bbox 1675 408 1761 430; x_wconf 85' lang='grc'>00111-</span> 
     </span>
     <span class='ocr_line' id='line_1_51' title="bbox 1011 450 1760 493; baseline -0.001 -9"><span class='ocrx_word' id='word_1_280' title='bbox 1011 452 1166 484; x_wconf 86' lang='lat' dir='ltr'>mendans</span> <span class='ocrx_word' id='word_1_281' title='bbox 1187 452 1297 484; x_wconf 80' lang='lat' dir='ltr'>devote</span> <span class='ocrx_word' id='word_1_282' title='bbox 1313 450 1479 493; x_wconf 75' lang='lat' dir='ltr'>tetigisset,</span> <span class='ocrx_word' id='word_1_283' title='bbox 1493 461 1530 483; x_wconf 86' lang='lat' dir='ltr'>eo</span> <span class='ocrx_word' id='word_1_284' title='bbox 1548 450 1621 483; x_wconf 78' lang='lat' dir='ltr'>inde</span> <span class='ocrx_word' id='word_1_285' title='bbox 1641 456 1760 489; x_wconf 77' lang='lat' dir='ltr'>amoto,</span> 
     </span>
     <span class='ocr_line' id='line_1_52' title="bbox 1009 504 1760 548; baseline 0 -12"><span class='ocrx_word' id='word_1_286' title='bbox 1009 505 1086 537; x_wconf 74' lang='lat' dir='ltr'>vidit</span> <span class='ocrx_word' id='word_1_287' title='bbox 1111 505 1143 537; x_wconf 90' lang='lat' dir='ltr'>in</span> <span class='ocrx_word' id='word_1_288' title='bbox 1173 505 1276 538; x_wconf 91' lang='lat' dir='ltr'>somni</span> <span class='ocrx_word' id='word_1_289' title='bbox 1306 504 1413 548; x_wconf 77' lang='lat' dir='ltr'>quiete</span> <span class='ocrx_word' id='word_1_290' title='bbox 1434 504 1564 537; x_wconf 86' lang='lat' dir='ltr'>beatum</span> <span class='ocrx_word' id='word_1_291' title='bbox 1607 504 1760 537; x_wconf 79' lang='lat' dir='ltr'>llidacum</span> 
     </span>
     <span class='ocr_line' id='line_1_53' title="bbox 1010 558 1760 591; baseline 0.001 -2"><span class='ocrx_word' id='word_1_292' title='bbox 1010 563 1084 590; x_wconf 86' lang='lat' dir='ltr'>ante</span> <span class='ocrx_word' id='word_1_293' title='bbox 1106 558 1223 590; x_wconf 85' lang='lat' dir='ltr'>lectum</span> <span class='ocrx_word' id='word_1_294' title='bbox 1245 563 1381 590; x_wconf 86' lang='lat' dir='ltr'>stantem</span> <span class='ocrx_word' id='word_1_295' title='bbox 1412 563 1439 590; x_wconf 91' lang='lat' dir='ltr'>ct</span> <span class='ocrx_word' id='word_1_296' title='bbox 1462 568 1591 591; x_wconf 88' lang='lat' dir='ltr'>crucem</span> <span class='ocrx_word' id='word_1_297' title='bbox 1628 558 1760 590; x_wconf 89' lang='lat' dir='ltr'>arundi-</span> 
     </span>
     <span class='ocr_line' id='line_1_54' title="bbox 1010 612 1761 656; baseline 0.001 -13"><span class='ocrx_word' id='word_1_298' title='bbox 1010 621 1102 643; x_wconf 83' lang='lat' dir='ltr'>ncam</span> <span class='ocrx_word' id='word_1_299' title='bbox 1125 622 1222 644; x_wconf 90' lang='lat' dir='ltr'>manu</span> <span class='ocrx_word' id='word_1_300' title='bbox 1257 618 1434 654; x_wconf 76' lang='lat' dir='ltr'>gerentem,</span> <span class='ocrx_word' id='word_1_301' title='bbox 1461 622 1559 656; x_wconf 80' lang='lat' dir='ltr'>seque</span> <span class='ocrx_word' id='word_1_302' title='bbox 1583 612 1761 645; x_wconf 89' lang='lat' dir='ltr'>admonen-</span> 
     </span>
     <span class='ocr_line' id='line_1_55' title="bbox 1012 664 1762 705; baseline 0.004 -9"><span class='ocrx_word' id='word_1_303' title='bbox 1012 671 1074 696; x_wconf 73' lang='lat' dir='ltr'>tem</span> <span class='ocrx_word' id='word_1_304' title='bbox 1096 664 1181 698; x_wconf 86' lang='lat' dir='ltr'>bono</span> <span class='ocrx_word' id='word_1_305' title='bbox 1202 666 1312 698; x_wconf 88' lang='lat' dir='ltr'>animo</span> <span class='ocrx_word' id='word_1_306' title='bbox 1333 672 1367 698; x_wconf 88' lang='lat' dir='ltr'>ut</span> <span class='ocrx_word' id='word_1_307' title='bbox 1381 671 1475 705; x_wconf 77' lang='lat' dir='ltr'>esset,</span> <span class='ocrx_word' id='word_1_308' title='bbox 1503 671 1533 698; x_wconf 89' lang='grc'>01</span> <span class='ocrx_word' id='word_1_309' title='bbox 1558 665 1588 698; x_wconf 89' lang='grc'>10</span> <span class='ocrx_word' id='word_1_310' title='bbox 1602 665 1667 699; x_wconf 88' lang='lat' dir='ltr'>Deo</span> <span class='ocrx_word' id='word_1_311' title='bbox 1688 676 1762 699; x_wconf 86' lang='lat' dir='ltr'>con-</span> 
     </span>
     <span class='ocr_line' id='line_1_56' title="bbox 1011 717 1763 762; baseline 0.003 -13"><span class='ocrx_word' id='word_1_312' title='bbox 1011 717 1139 757; x_wconf 74' lang='lat' dir='ltr'>sideret,</span> <span class='ocrx_word' id='word_1_313' title='bbox 1173 719 1241 752; x_wconf 81' lang='lat' dir='ltr'>sore</span> <span class='ocrx_word' id='word_1_314' title='bbox 1266 719 1351 752; x_wconf 88' lang='lat' dir='ltr'>enim</span> <span class='ocrx_word' id='word_1_315' title='bbox 1372 726 1404 752; x_wconf 90' lang='lat' dir='ltr'>ut</span> <span class='ocrx_word' id='word_1_316' title='bbox 1432 731 1467 753; x_wconf 81' lang='lat' dir='ltr'>ex</span> <span class='ocrx_word' id='word_1_317' title='bbox 1489 730 1525 752; x_wconf 85' lang='lat' dir='ltr'>ea</span> <span class='ocrx_word' id='word_1_318' title='bbox 1543 720 1763 762; x_wconf 77' lang='lat' dir='ltr'>aegrotatione</span> 
     </span>
     <span class='ocr_line' id='line_1_57' title="bbox 1010 772 1763 816; baseline 0.003 -12"><span class='ocrx_word' id='word_1_319' title='bbox 1010 782 1107 804; x_wconf 88' lang='lat' dir='ltr'>sanus</span> <span class='ocrx_word' id='word_1_320' title='bbox 1132 773 1234 805; x_wconf 77' lang='lat' dir='ltr'>lieret.</span> <span class='ocrx_word' id='word_1_321' title='bbox 1256 772 1359 811; x_wconf 80' lang='lat' dir='ltr'>Quare</span> <span class='ocrx_word' id='word_1_322' title='bbox 1390 784 1426 806; x_wconf 89' lang='grc'>00</span> <span class='ocrx_word' id='word_1_323' title='bbox 1452 773 1654 816; x_wconf 83' lang='lat' dir='ltr'>potissimum</span> <span class='ocrx_word' id='word_1_324' title='bbox 1685 779 1763 806; x_wconf 88' lang='lat' dir='ltr'>tem·</span> 
     </span>
     <span class='ocr_line' id='line_1_58' title="bbox 1011 826 1762 870; baseline 0.004 -13"><span class='ocrx_word' id='word_1_325' title='bbox 1011 835 1089 869; x_wconf 88' lang='lat' dir='ltr'>pore</span> <span class='ocrx_word' id='word_1_326' title='bbox 1110 836 1174 868; x_wconf 86' lang='lat' dir='ltr'>quo</span> <span class='ocrx_word' id='word_1_327' title='bbox 1210 826 1327 858; x_wconf 88' lang='lat' dir='ltr'>medici</span> <span class='ocrx_word' id='word_1_328' title='bbox 1356 826 1536 870; x_wconf 89' lang='lat' dir='ltr'>principem</span> <span class='ocrx_word' id='word_1_329' title='bbox 1568 828 1762 860; x_wconf 87' lang='lat' dir='ltr'>moriturum</span> 
     </span>
     <span class='ocr_line' id='line_1_59' title="bbox 1011 879 1764 922; baseline 0.003 -11"><span class='ocrx_word' id='word_1_330' title='bbox 1011 879 1251 922; x_wconf 75' lang='lat' dir='ltr'>praedixerant,</span> <span class='ocrx_word' id='word_1_331' title='bbox 1279 889 1343 911; x_wconf 89' lang='lat' dir='ltr'>non</span> <span class='ocrx_word' id='word_1_332' title='bbox 1372 880 1477 912; x_wconf 88' lang='grc'>50111111</span> <span class='ocrx_word' id='word_1_333' title='bbox 1504 880 1619 913; x_wconf 88' lang='lat' dir='ltr'>melius</span> <span class='ocrx_word' id='word_1_334' title='bbox 1646 880 1764 913; x_wconf 85' lang='lat' dir='ltr'>babere</span> 
     </span>
     <span class='ocr_line' id='line_1_60' title="bbox 1011 933 1764 977; baseline 0 -12"><span class='ocrx_word' id='word_1_335' title='bbox 1011 933 1129 976; x_wconf 87' lang='lat' dir='ltr'>coepit,</span> <span class='ocrx_word' id='word_1_336' title='bbox 1147 933 1200 965; x_wconf 85' lang='lat' dir='ltr'>sed</span> <span class='ocrx_word' id='word_1_337' title='bbox 1221 933 1319 976; x_wconf 89' lang='lat' dir='ltr'>paulo</span> <span class='ocrx_word' id='word_1_338' title='bbox 1340 939 1409 977; x_wconf 84' lang='lat' dir='ltr'>post</span> <span class='ocrx_word' id='word_1_339' title='bbox 1432 943 1469 965; x_wconf 78' lang='lat' dir='ltr'>ex</span> <span class='ocrx_word' id='word_1_340' title='bbox 1496 934 1584 966; x_wconf 88' lang='lat' dir='ltr'>omni</span> <span class='ocrx_word' id='word_1_341' title='bbox 1607 934 1660 967; x_wconf 89' lang='lat' dir='ltr'>illo</span> <span class='ocrx_word' id='word_1_342' title='bbox 1684 935 1764 967; x_wconf 79' lang='lat' dir='ltr'>vitae</span> 
     </span>
     <span class='ocr_line' id='line_1_61' title="bbox 1011 986 1765 1030; baseline 0 -11"><span class='ocrx_word' id='word_1_343' title='bbox 1011 986 1211 1025; x_wconf 87' lang='lat' dir='ltr'>discrimine,</span> <span class='ocrx_word' id='word_1_344' title='bbox 1227 986 1341 1019; x_wconf 86' lang='lat' dir='ltr'>divinis</span> <span class='ocrx_word' id='word_1_345' title='bbox 1359 997 1394 1019; x_wconf 88' lang='lat' dir='ltr'>ac</span> <span class='ocrx_word' id='word_1_346' title='bbox 1406 997 1504 1030; x_wconf 85' lang='lat' dir='ltr'>supra</span> <span class='ocrx_word' id='word_1_347' title='bbox 1516 993 1663 1019; x_wconf 82' lang='lat' dir='ltr'>naturam</span> <span class='ocrx_word' id='word_1_348' title='bbox 1676 987 1765 1020; x_wconf 90' lang='lat' dir='ltr'>adiu-</span> 
     </span>
     <span class='ocr_line' id='line_1_62' title="bbox 1012 1041 1766 1084; baseline 0.001 -11"><span class='ocrx_word' id='word_1_349' title='bbox 1012 1041 1137 1081; x_wconf 86' lang='lat' dir='ltr'>mentis,</span> <span class='ocrx_word' id='word_1_350' title='bbox 1165 1046 1229 1073; x_wconf 88' lang='lat' dir='ltr'>tam</span> <span class='ocrx_word' id='word_1_351' title='bbox 1263 1041 1455 1074; x_wconf 85' lang='lat' dir='ltr'>mirabiliter</span> <span class='ocrx_word' id='word_1_352' title='bbox 1484 1047 1531 1074; x_wconf 84' lang='lat' dir='ltr'>est</span> <span class='ocrx_word' id='word_1_353' title='bbox 1559 1047 1698 1084; x_wconf 79' lang='lat' dir='ltr'>ereptus,</span> <span class='ocrx_word' id='word_1_354' title='bbox 1731 1048 1766 1074; x_wconf 89' lang='lat' dir='ltr'>ut</span> 
     </span>
     <span class='ocr_line' id='line_1_63' title="bbox 1011 1094 1764 1137; baseline 0 -10"><span class='ocrx_word' id='word_1_355' title='bbox 1011 1094 1148 1137; x_wconf 75' lang='lat' dir='ltr'>digitum</span> <span class='ocrx_word' id='word_1_356' title='bbox 1179 1094 1235 1127; x_wconf 85' lang='lat' dir='ltr'>Dei</span> <span class='ocrx_word' id='word_1_357' title='bbox 1266 1105 1324 1137; x_wconf 87' lang='lat' dir='ltr'>per</span> <span class='ocrx_word' id='word_1_358' title='bbox 1348 1094 1462 1128; x_wconf 87' lang='lat' dir='ltr'>merita</span> <span class='ocrx_word' id='word_1_359' title='bbox 1482 1095 1566 1127; x_wconf 82' lang='lat' dir='ltr'>beati</span> <span class='ocrx_word' id='word_1_360' title='bbox 1588 1095 1696 1127; x_wconf 85' lang='lat' dir='ltr'>Didaci</span> <span class='ocrx_word' id='word_1_361' title='bbox 1722 1095 1764 1127; x_wconf 87' lang='lat' dir='ltr'>ibi</span> 
     </span>
     <span class='ocr_line' id='line_1_64' title="bbox 1010 1148 1767 1192; baseline 0 -12"><span class='ocrx_word' id='word_1_362' title='bbox 1010 1148 1151 1180; x_wconf 86' lang='lat' dir='ltr'>adfuisse</span> <span class='ocrx_word' id='word_1_363' title='bbox 1171 1158 1284 1180; x_wconf 88' lang='lat' dir='ltr'>omnes</span> <span class='ocrx_word' id='word_1_364' title='bbox 1302 1148 1532 1191; x_wconf 71' lang='lat' dir='ltr'>intelligerent.</span> <span class='ocrx_word' id='word_1_365' title='bbox 1557 1148 1618 1181; x_wconf 86' lang='lat' dir='ltr'>Sed</span> <span class='ocrx_word' id='word_1_366' title='bbox 1640 1153 1767 1192; x_wconf 88' lang='lat' dir='ltr'>praeter</span> 
     </span>
     <span class='ocr_line' id='line_1_65' title="bbox 1011 1200 1764 1246; baseline 0 -12"><span class='ocrx_word' id='word_1_367' title='bbox 1011 1207 1148 1242; x_wconf 88' lang='lat' dir='ltr'>ceteros,</span> <span class='ocrx_word' id='word_1_368' title='bbox 1171 1201 1404 1245; x_wconf 83' lang='lat' dir='ltr'>princepsipse.</span> <span class='ocrx_word' id='word_1_369' title='bbox 1424 1207 1454 1234; x_wconf 90' lang='lat' dir='ltr'>et</span> <span class='ocrx_word' id='word_1_370' title='bbox 1474 1200 1642 1246; x_wconf 89' lang='lat' dir='ltr'>Philippus</span> <span class='ocrx_word' id='word_1_371' title='bbox 1663 1208 1764 1245; x_wconf 75' lang='lat' dir='ltr'>pater,</span> 
     </span>
     <span class='ocr_line' id='line_1_66' title="bbox 1012 1255 1767 1299; baseline 0 -11"><span class='ocrx_word' id='word_1_372' title='bbox 1012 1255 1193 1288; x_wconf 89' lang='lat' dir='ltr'>incredibili</span> <span class='ocrx_word' id='word_1_373' title='bbox 1219 1256 1340 1288; x_wconf 85' lang='lat' dir='ltr'>laetitia</span> <span class='ocrx_word' id='word_1_374' title='bbox 1361 1261 1527 1299; x_wconf 80' lang='lat' dir='ltr'>tamquam</span> <span class='ocrx_word' id='word_1_375' title='bbox 1560 1255 1692 1288; x_wconf 73' lang='lat' dir='ltr'>redivivi</span> <span class='ocrx_word' id='word_1_376' title='bbox 1709 1256 1767 1288; x_wconf 83' lang='lat' dir='ltr'>tilii</span> 
     </span>
     <span class='ocr_line' id='line_1_67' title="bbox 1011 1309 1766 1352; baseline -0.001 -10"><span class='ocrx_word' id='word_1_377' title='bbox 1011 1309 1156 1349; x_wconf 77' lang='lat' dir='ltr'>affectus,</span> <span class='ocrx_word' id='word_1_378' title='bbox 1181 1309 1211 1342; x_wconf 92' lang='lat' dir='ltr'>id</span> <span class='ocrx_word' id='word_1_379' title='bbox 1240 1320 1426 1352; x_wconf 79' lang='lat' dir='ltr'>agnoscere,</span> <span class='ocrx_word' id='word_1_380' title='bbox 1459 1315 1486 1342; x_wconf 83' lang='grc'>01</span> <span class='ocrx_word' id='word_1_381' title='bbox 1512 1309 1613 1342; x_wconf 90' lang='lat' dir='ltr'>Deum</span> <span class='ocrx_word' id='word_1_382' title='bbox 1644 1309 1766 1352; x_wconf 72' lang='lat' dir='ltr'>glorisi-</span> 
     </span>
     <span class='ocr_line' id='line_1_68' title="bbox 1012 1363 1547 1407; baseline 0 -11"><span class='ocrx_word' id='word_1_383' title='bbox 1012 1363 1113 1396; x_wconf 89' lang='lat' dir='ltr'>cando</span> <span class='ocrx_word' id='word_1_384' title='bbox 1140 1364 1245 1407; x_wconf 87' lang='lat' dir='ltr'>palam</span> <span class='ocrx_word' id='word_1_385' title='bbox 1262 1363 1408 1407; x_wconf 87' lang='lat' dir='ltr'>profiteri</span> <span class='ocrx_word' id='word_1_386' title='bbox 1429 1363 1547 1407; x_wconf 85' lang='lat' dir='ltr'>coepit.</span> 
     </span>
    </p>

    <p class='ocr_par' dir='ltr' id='par_1_9' title="bbox 1012 1417 1967 2312">
     <span class='ocr_line' id='line_1_69' title="bbox 1056 1417 1966 1472; baseline 0.001 -23"><span class='ocrx_word' id='word_1_387' title='bbox 1056 1418 1070 1459; x_wconf 63' lang='grc' dir='ltr'>ξ</span> <span class='ocrx_word' id='word_1_388' title='bbox 1096 1417 1149 1450; x_wconf 83' lang='grc'>17.</span> <span class='ocrx_word' id='word_1_389' title='bbox 1177 1417 1289 1460; x_wconf 85' lang='lat' dir='ltr'>Itaque</span> <span class='ocrx_word' id='word_1_390' title='bbox 1309 1417 1383 1461; x_wconf 87' lang='lat' dir='ltr'>pius</span> <span class='ocrx_word' id='word_1_391' title='bbox 1402 1428 1457 1450; x_wconf 86' lang='lat' dir='ltr'>rex</span> <span class='ocrx_word' id='word_1_392' title='bbox 1477 1428 1550 1450; x_wconf 91' lang='lat' dir='ltr'>cum</span> <span class='ocrx_word' id='word_1_393' title='bbox 1568 1417 1724 1450; x_wconf 84' lang='lat' dir='ltr'>carissimi</span> <span class='ocrx_word' id='word_1_394' title='bbox 1738 1423 1768 1450; x_wconf 87' lang='lat' dir='ltr'>et</span> <span class='ocrx_word' id='word_1_395' title='bbox 1787 1460 1790 1463; x_wconf 51' lang='lat'>.</span> <span class='ocrx_word' id='word_1_396' title='bbox 1809 1420 1966 1472; x_wconf 47' lang='grc' dir='ltr'>Πωρῑέῑςρῡῡῑῗ-</span> 
     </span>
     <span class='ocr_line' id='line_1_70' title="bbox 1012 1458 1964 1518; baseline 0 -15"><span class='ocrx_word' id='word_1_397' title='bbox 1012 1471 1219 1515; x_wconf 63' lang='lat' dir='ltr'>primogeniti</span> <span class='ocrx_word' id='word_1_398' title='bbox 1250 1471 1308 1504; x_wconf 86' lang='lat' dir='ltr'>filii</span> <span class='ocrx_word' id='word_1_399' title='bbox 1338 1471 1448 1510; x_wconf 70' lang='lat' dir='ltr'>vitam,</span> <span class='ocrx_word' id='word_1_400' title='bbox 1476 1482 1603 1504; x_wconf 87' lang='lat' dir='ltr'>summa</span> <span class='ocrx_word' id='word_1_401' title='bbox 1623 1471 1677 1504; x_wconf 90' lang='lat' dir='ltr'>Dei</span> <span class='ocrx_word' id='word_1_402' title='bbox 1701 1458 1964 1518; x_wconf 53' lang='lat' dir='ltr'>cle-22¹J.¹m1n1&#39;c¹iii⁸ss¹icl</span> 
     </span>
     <span class='ocr_line' id='line_1_71' title="bbox 1013 1514 1967 1573; baseline 0 -16"><span class='ocrx_word' id='word_1_403' title='bbox 1013 1525 1144 1564; x_wconf 87' lang='lat' dir='ltr'>mentia,</span> <span class='ocrx_word' id='word_1_404' title='bbox 1167 1536 1225 1568; x_wconf 85' lang='lat' dir='ltr'>per</span> <span class='ocrx_word' id='word_1_405' title='bbox 1246 1525 1360 1558; x_wconf 85' lang='lat' dir='ltr'>merita</span> <span class='ocrx_word' id='word_1_406' title='bbox 1382 1532 1410 1557; x_wconf 90' lang='lat' dir='ltr'>et</span> <span class='ocrx_word' id='word_1_407' title='bbox 1433 1536 1545 1568; x_wconf 80' lang='lat' dir='ltr'>preces</span> <span class='ocrx_word' id='word_1_408' title='bbox 1564 1525 1648 1558; x_wconf 88' lang='lat' dir='ltr'>beati</span> <span class='ocrx_word' id='word_1_409' title='bbox 1671 1525 1766 1558; x_wconf 88' lang='lat' dir='ltr'>Dida·</span> <span class='ocrx_word' id='word_1_410' title='bbox 1782 1514 1967 1573; x_wconf 46' lang='lat' dir='ltr'>fssss‘gjfhflssffij</span> 
     </span>
     <span class='ocr_line' id='line_1_72' title="bbox 1012 1577 1966 1635; baseline 0.001 -24"><span class='ocrx_word' id='word_1_411' title='bbox 1012 1580 1039 1612; x_wconf 92' lang='lat' dir='ltr'>ci</span> <span class='ocrx_word' id='word_1_412' title='bbox 1058 1581 1157 1612; x_wconf 76' lang='lat' dir='ltr'>ferret</span> <span class='ocrx_word' id='word_1_413' title='bbox 1182 1586 1359 1622; x_wconf 81' lang='lat' dir='ltr'>acceptam,</span> <span class='ocrx_word' id='word_1_414' title='bbox 1384 1584 1582 1622; x_wconf 78' lang='lat' dir='ltr'>cuperetque</span> <span class='ocrx_word' id='word_1_415' title='bbox 1608 1590 1766 1622; x_wconf 82' lang='lat' dir='ltr'>quacum-</span> <span class='ocrx_word' id='word_1_416' title='bbox 1781 1577 1879 1635; x_wconf 45' lang='grc' dir='ltr'>ξξῑῇωνῇζ</span> <span class='ocrx_word' id='word_1_417' title='bbox 1897 1578 1966 1634; x_wconf 49' lang='lat'>§2222</span> 
     </span>
     <span class='ocr_line' id='line_1_73' title="bbox 1012 1626 1964 1677; baseline 0.002 -13"><span class='ocrx_word' id='word_1_418' title='bbox 1012 1643 1074 1676; x_wconf 90' lang='lat' dir='ltr'>que</span> <span class='ocrx_word' id='word_1_419' title='bbox 1095 1632 1219 1665; x_wconf 87' lang='lat' dir='ltr'>ratione</span> <span class='ocrx_word' id='word_1_420' title='bbox 1240 1638 1347 1676; x_wconf 87' lang='lat' dir='ltr'>posset</span> <span class='ocrx_word' id='word_1_421' title='bbox 1371 1632 1507 1675; x_wconf 78' lang='lat' dir='ltr'>gratiam</span> <span class='ocrx_word' id='word_1_422' title='bbox 1537 1632 1678 1676; x_wconf 85' lang='lat' dir='ltr'>aliquam</span> <span class='ocrx_word' id='word_1_423' title='bbox 1701 1632 1765 1666; x_wconf 89' lang='lat' dir='ltr'>Deo</span> <span class='ocrx_word' id='word_1_424' title='bbox 1781 1626 1814 1677; x_wconf 47' lang='grc' dir='ltr'>[ξ’</span> <span class='ocrx_word' id='word_1_425' title='bbox 1841 1639 1913 1659; x_wconf 67' lang='lat' dir='ltr'>Diam-t</span> <span class='ocrx_word' id='word_1_426' title='bbox 1946 1640 1964 1659; x_wconf 65' lang='lat'>³¹¹</span> 
     </span>
     <span class='ocr_line' id='line_1_74' title="bbox 1013 1674 1965 1729; baseline -0.001 -11"><span class='ocrx_word' id='word_1_427' title='bbox 1013 1686 1044 1718; x_wconf 90' lang='lat' dir='ltr'>in</span> <span class='ocrx_word' id='word_1_428' title='bbox 1061 1686 1179 1719; x_wconf 78' lang='lat' dir='ltr'>Sancto</span> <span class='ocrx_word' id='word_1_429' title='bbox 1200 1697 1256 1718; x_wconf 89' lang='lat' dir='ltr'>suo</span> <span class='ocrx_word' id='word_1_430' title='bbox 1278 1686 1410 1725; x_wconf 82' lang='lat' dir='ltr'>referre,</span> <span class='ocrx_word' id='word_1_431' title='bbox 1426 1696 1511 1718; x_wconf 89' lang='lat' dir='ltr'>anno</span> <span class='ocrx_word' id='word_1_432' title='bbox 1524 1685 1765 1729; x_wconf 84' lang='lat' dir='ltr'>insequenti,ad</span> <span class='ocrx_word' id='word_1_433' title='bbox 1781 1674 1965 1725; x_wconf 44' lang='lat' dir='ltr'>ssssgiss‘ssmmfssifi]</span> 
     </span>
     <span class='ocr_line' id='line_1_75' title="bbox 1012 1737 1847 1783; baseline 0.001 -11"><span class='ocrx_word' id='word_1_434' title='bbox 1012 1738 1114 1772; x_wconf 84' lang='lat' dir='ltr'>felicis</span> <span class='ocrx_word' id='word_1_435' title='bbox 1135 1738 1370 1772; x_wconf 87' lang='lat' dir='ltr'>recordationis</span> <span class='ocrx_word' id='word_1_436' title='bbox 1389 1739 1479 1772; x_wconf 88' lang='lat' dir='ltr'>Pium</span> <span class='ocrx_word' id='word_1_437' title='bbox 1495 1745 1661 1783; x_wconf 89' lang='lat' dir='ltr'>quartum,</span> <span class='ocrx_word' id='word_1_438' title='bbox 1674 1737 1847 1782; x_wconf 69' lang='lat' dir='ltr'>p1¹ae-¹³⁰¹¹⁰·</span> 
     </span>
     <span class='ocr_line' id='line_1_76' title="bbox 1013 1794 1768 1838; baseline 0.004 -14"><span class='ocrx_word' id='word_1_439' title='bbox 1013 1794 1217 1826; x_wconf 84' lang='lat' dir='ltr'>decessorem</span> <span class='ocrx_word' id='word_1_440' title='bbox 1247 1799 1408 1833; x_wconf 85' lang='lat' dir='ltr'>nostrum,</span> <span class='ocrx_word' id='word_1_441' title='bbox 1431 1804 1496 1826; x_wconf 86' lang='lat' dir='ltr'>una</span> <span class='ocrx_word' id='word_1_442' title='bbox 1517 1804 1591 1826; x_wconf 91' lang='lat' dir='ltr'>cum</span> <span class='ocrx_word' id='word_1_443' title='bbox 1621 1794 1768 1838; x_wconf 83' lang='lat' dir='ltr'>principe</span> 
     </span>
     <span class='ocr_line' id='line_1_77' title="bbox 1013 1847 1770 1891; baseline 0.001 -11"><span class='ocrx_word' id='word_1_444' title='bbox 1013 1847 1080 1880; x_wconf 83' lang='lat' dir='ltr'>filio</span> <span class='ocrx_word' id='word_1_445' title='bbox 1106 1852 1136 1880; x_wconf 87' lang='lat' dir='ltr'>et</span> <span class='ocrx_word' id='word_1_446' title='bbox 1161 1852 1276 1880; x_wconf 88' lang='lat' dir='ltr'>cuncta</span> <span class='ocrx_word' id='word_1_447' title='bbox 1297 1848 1363 1880; x_wconf 84' lang='lat' dir='ltr'>fere</span> <span class='ocrx_word' id='word_1_448' title='bbox 1389 1847 1554 1891; x_wconf 81' lang='lat' dir='ltr'>Hispania,</span> <span class='ocrx_word' id='word_1_449' title='bbox 1575 1847 1696 1880; x_wconf 87' lang='lat' dir='ltr'>litteras</span> <span class='ocrx_word' id='word_1_450' title='bbox 1715 1848 1770 1881; x_wconf 88' lang='lat' dir='ltr'>dc-</span> 
     </span>
     <span class='ocr_line' id='line_1_78' title="bbox 1014 1901 1766 1945; baseline 0.001 -12"><span class='ocrx_word' id='word_1_451' title='bbox 1014 1901 1070 1941; x_wconf 81' lang='lat' dir='ltr'>dit,</span> <span class='ocrx_word' id='word_1_452' title='bbox 1094 1902 1214 1945; x_wconf 86' lang='lat' dir='ltr'>quibus</span> <span class='ocrx_word' id='word_1_453' title='bbox 1234 1902 1273 1934; x_wconf 88' lang='lat' dir='ltr'>ab</span> <span class='ocrx_word' id='word_1_454' title='bbox 1296 1912 1333 1934; x_wconf 84' lang='lat' dir='ltr'>eo</span> <span class='ocrx_word' id='word_1_455' title='bbox 1354 1901 1546 1945; x_wconf 80' lang='lat' dir='ltr'>suppliciter</span> <span class='ocrx_word' id='word_1_456' title='bbox 1570 1902 1700 1945; x_wconf 83' lang='lat' dir='ltr'>petebat</span> <span class='ocrx_word' id='word_1_457' title='bbox 1720 1908 1766 1943; x_wconf 90' lang='lat' dir='ltr'>ut,</span> 
     </span>
     <span class='ocr_line' id='line_1_79' title="bbox 1014 1954 1770 1999; baseline 0.003 -12"><span class='ocrx_word' id='word_1_458' title='bbox 1014 1966 1072 1999; x_wconf 87' lang='lat' dir='ltr'>pro</span> <span class='ocrx_word' id='word_1_459' title='bbox 1089 1966 1146 1988; x_wconf 89' lang='grc'>500</span> <span class='ocrx_word' id='word_1_460' title='bbox 1166 1961 1195 1988; x_wconf 86' lang='grc'>01</span> <span class='ocrx_word' id='word_1_461' title='bbox 1217 1954 1353 1988; x_wconf 84' lang='lat' dir='ltr'>Sanctae</span> <span class='ocrx_word' id='word_1_462' title='bbox 1373 1955 1471 1988; x_wconf 83' lang='lat' dir='ltr'>buius</span> <span class='ocrx_word' id='word_1_463' title='bbox 1491 1955 1695 1999; x_wconf 80' lang='lat' dir='ltr'>Apostolicae</span> <span class='ocrx_word' id='word_1_464' title='bbox 1716 1956 1770 1989; x_wconf 85' lang='lat' dir='ltr'>Se-</span> 
     </span>
     <span class='ocr_line' id='line_1_80' title="bbox 1013 2008 1769 2049; baseline 0.001 -8"><span class='ocrx_word' id='word_1_465' title='bbox 1013 2009 1061 2041; x_wconf 88' lang='lat' dir='ltr'>dis</span> <span class='ocrx_word' id='word_1_466' title='bbox 1081 2019 1208 2041; x_wconf 81' lang='lat' dir='ltr'>summa</span> <span class='ocrx_word' id='word_1_467' title='bbox 1219 2008 1425 2048; x_wconf 84' lang='lat' dir='ltr'>auctoritate,</span> <span class='ocrx_word' id='word_1_468' title='bbox 1448 2008 1579 2041; x_wconf 87' lang='lat' dir='ltr'>beatum</span> <span class='ocrx_word' id='word_1_469' title='bbox 1601 2009 1769 2049; x_wconf 86' lang='lat' dir='ltr'>Didacum,</span> 
     </span>
     <span class='ocr_line' id='line_1_81' title="bbox 1014 2062 1770 2104; baseline 0.001 -9"><span class='ocrx_word' id='word_1_470' title='bbox 1014 2069 1078 2095; x_wconf 88' lang='lat' dir='ltr'>tam</span> <span class='ocrx_word' id='word_1_471' title='bbox 1108 2062 1278 2095; x_wconf 83' lang='lat' dir='ltr'>excellenti</span> <span class='ocrx_word' id='word_1_472' title='bbox 1298 2062 1465 2095; x_wconf 84' lang='lat' dir='ltr'>sanctitate</span> <span class='ocrx_word' id='word_1_473' title='bbox 1492 2062 1610 2104; x_wconf 84' lang='lat' dir='ltr'>virum,</span> <span class='ocrx_word' id='word_1_474' title='bbox 1633 2068 1664 2096; x_wconf 91' lang='lat' dir='ltr'>ct</span> <span class='ocrx_word' id='word_1_475' title='bbox 1683 2068 1770 2096; x_wconf 88' lang='lat' dir='ltr'>tanta</span> 
     </span>
     <span class='ocr_line' id='line_1_82' title="bbox 1015 2116 1769 2157; baseline 0.001 -8"><span class='ocrx_word' id='word_1_476' title='bbox 1015 2117 1248 2150; x_wconf 88' lang='lat' dir='ltr'>miraculorum</span> <span class='ocrx_word' id='word_1_477' title='bbox 1276 2116 1420 2149; x_wconf 87' lang='lat' dir='ltr'>claritate</span> <span class='ocrx_word' id='word_1_478' title='bbox 1441 2117 1612 2157; x_wconf 84' lang='lat' dir='ltr'>illustrem,</span> <span class='ocrx_word' id='word_1_479' title='bbox 1636 2117 1668 2149; x_wconf 91' lang='lat' dir='ltr'>in</span> <span class='ocrx_word' id='word_1_480' title='bbox 1689 2117 1769 2150; x_wconf 87' lang='lat' dir='ltr'>San-</span> 
     </span>
     <span class='ocr_line' id='line_1_83' title="bbox 1015 2170 1771 2214; baseline -0.003 -10"><span class='ocrx_word' id='word_1_481' title='bbox 1015 2177 1143 2204; x_wconf 88' lang='lat' dir='ltr'>ctorum</span> <span class='ocrx_word' id='word_1_482' title='bbox 1164 2180 1339 2203; x_wconf 88' lang='lat' dir='ltr'>numerum</span> <span class='ocrx_word' id='word_1_483' title='bbox 1356 2170 1477 2203; x_wconf 79' lang='lat' dir='ltr'>referre</span> <span class='ocrx_word' id='word_1_484' title='bbox 1489 2170 1594 2211; x_wconf 83' lang='lat' dir='ltr'>vellet,</span> <span class='ocrx_word' id='word_1_485' title='bbox 1617 2176 1714 2214; x_wconf 85' lang='lat' dir='ltr'>atquc</span> <span class='ocrx_word' id='word_1_486' title='bbox 1731 2170 1771 2203; x_wconf 89' lang='lat' dir='ltr'>ab</span> 
     </span>
     <span class='ocr_line' id='line_1_84' title="bbox 1015 2223 1769 2267; baseline 0.001 -11"><span class='ocrx_word' id='word_1_487' title='bbox 1015 2224 1164 2257; x_wconf 84' lang='lat' dir='ltr'>universa</span> <span class='ocrx_word' id='word_1_488' title='bbox 1184 2223 1327 2257; x_wconf 83' lang='lat' dir='ltr'>Ecclesia</span> <span class='ocrx_word' id='word_1_489' title='bbox 1348 2234 1407 2267; x_wconf 90' lang='lat' dir='ltr'>pro</span> <span class='ocrx_word' id='word_1_490' title='bbox 1417 2223 1534 2257; x_wconf 87' lang='lat' dir='ltr'>Sancto</span> <span class='ocrx_word' id='word_1_491' title='bbox 1550 2224 1769 2257; x_wconf 87' lang='lat' dir='ltr'>venerandum</span> 
     </span>
     <span class='ocr_line' id='line_1_85' title="bbox 1015 2283 1274 2312; baseline -0.004 -1"><span class='ocrx_word' id='word_1_492' title='bbox 1015 2289 1083 2312; x_wconf 86' lang='lat' dir='ltr'>esse</span> <span class='ocrx_word' id='word_1_493' title='bbox 1108 2283 1274 2310; x_wconf 83' lang='lat' dir='ltr'>statueret.</span> 
     </span>
    </p>

    <p class='ocr_par' dir='ltr' id='par_1_10' title="bbox 1016 2330 1967 2680">
     <span class='ocr_line' id='line_1_86' title="bbox 1059 2330 1967 2375; baseline 0.001 -12"><span class='ocrx_word' id='word_1_494' title='bbox 1059 2332 1074 2375; x_wconf 63' lang='grc' dir='ltr'><strong>ξ</strong></span> <span class='ocrx_word' id='word_1_495' title='bbox 1098 2331 1151 2364; x_wconf 76' lang='grc'>18.</span> <span class='ocrx_word' id='word_1_496' title='bbox 1188 2332 1264 2364; x_wconf 87' lang='lat' dir='ltr'>Tam</span> <span class='ocrx_word' id='word_1_497' title='bbox 1296 2330 1416 2364; x_wconf 91' lang='lat' dir='ltr'>devotis</span> <span class='ocrx_word' id='word_1_498' title='bbox 1446 2331 1633 2375; x_wconf 90' lang='lat' dir='ltr'>iteratisque</span> <span class='ocrx_word' id='word_1_499' title='bbox 1659 2332 1770 2365; x_wconf 88' lang='lat' dir='ltr'>catho-</span> <span class='ocrx_word' id='word_1_500' title='bbox 1813 2337 1903 2374; x_wconf 57' lang='lat' dir='ltr'>1¹iu÷¹V</span> <span class='ocrx_word' id='word_1_501' title='bbox 1919 2337 1967 2373; x_wconf 52' lang='lat' dir='ltr'>hvic</span> 
     </span>
     <span class='ocr_line' id='line_1_87' title="bbox 1016 2375 1967 2429; baseline 0.002 -12"><span class='ocrx_word' id='word_1_502' title='bbox 1016 2385 1067 2419; x_wconf 89' lang='grc'>1101</span> <span class='ocrx_word' id='word_1_503' title='bbox 1090 2385 1175 2428; x_wconf 70' lang='lat' dir='ltr'>regis</span> <span class='ocrx_word' id='word_1_504' title='bbox 1199 2385 1688 2429; x_wconf 85' lang='lat' dir='ltr'>aliorumquepostulationibus</span> <span class='ocrx_word' id='word_1_505' title='bbox 1699 2396 1771 2429; x_wconf 87' lang='lat' dir='ltr'>per·</span> <span class='ocrx_word' id='word_1_506' title='bbox 1786 2375 1967 2429; x_wconf 42' lang='lat' dir='ltr'>Sigmssffmiuigss</span> 
     </span>
     <span class='ocr_line' id='line_1_88' title="bbox 1016 2433 1967 2489; baseline -0.001 -18"><span class='ocrx_word' id='word_1_507' title='bbox 1016 2444 1134 2478; x_wconf 86' lang='lat' dir='ltr'>motus,</span> <span class='ocrx_word' id='word_1_508' title='bbox 1158 2438 1242 2471; x_wconf 87' lang='lat' dir='ltr'>idem</span> <span class='ocrx_word' id='word_1_509' title='bbox 1263 2438 1338 2471; x_wconf 86' lang='lat' dir='ltr'>Pius</span> <span class='ocrx_word' id='word_1_510' title='bbox 1359 2439 1600 2482; x_wconf 84' lang='lat' dir='ltr'>praedecessor,</span> <span class='ocrx_word' id='word_1_511' title='bbox 1623 2438 1661 2471; x_wconf 88' lang='lat' dir='ltr'>de</span> <span class='ocrx_word' id='word_1_512' title='bbox 1682 2438 1720 2471; x_wconf 87' lang='lat' dir='ltr'>iis</span> <span class='ocrx_word' id='word_1_513' title='bbox 1738 2439 1769 2471; x_wconf 92' lang='lat' dir='ltr'>in</span> <span class='ocrx_word' id='word_1_514' title='bbox 1785 2433 1967 2489; x_wconf 48' lang='lat' dir='ltr'>{gffgsspff‘ffif</span> 
     </span>
     <span class='ocr_line' id='line_1_89' title="bbox 1018 2487 1769 2528; baseline -0.001 -7"><span class='ocrx_word' id='word_1_515' title='bbox 1018 2487 1210 2521; x_wconf 81' lang='lat' dir='ltr'>consistorio</span> <span class='ocrx_word' id='word_1_516' title='bbox 1235 2499 1293 2521; x_wconf 90' lang='lat' dir='ltr'>suo</span> <span class='ocrx_word' id='word_1_517' title='bbox 1321 2494 1446 2521; x_wconf 89' lang='lat' dir='ltr'>secreto</span> <span class='ocrx_word' id='word_1_518' title='bbox 1474 2488 1588 2521; x_wconf 85' lang='lat' dir='ltr'>referri</span> <span class='ocrx_word' id='word_1_519' title='bbox 1610 2488 1711 2528; x_wconf 89' lang='lat' dir='ltr'>iussit,</span> <span class='ocrx_word' id='word_1_520' title='bbox 1741 2493 1769 2520; x_wconf 85' lang='lat' dir='ltr'>et</span> 
     </span>
     <span class='ocr_line' id='line_1_90' title="bbox 1017 2536 1770 2580; baseline -0.001 -12"><span class='ocrx_word' id='word_1_521' title='bbox 1017 2537 1162 2580; x_wconf 84' lang='lat' dir='ltr'>quinque</span> <span class='ocrx_word' id='word_1_522' title='bbox 1183 2536 1376 2577; x_wconf 74' lang='lat' dir='ltr'>cardinales,</span> <span class='ocrx_word' id='word_1_523' title='bbox 1399 2537 1535 2570; x_wconf 90' lang='lat' dir='ltr'>consilio</span> <span class='ocrx_word' id='word_1_524' title='bbox 1562 2542 1591 2571; x_wconf 89' lang='lat' dir='ltr'>et</span> <span class='ocrx_word' id='word_1_525' title='bbox 1622 2536 1770 2570; x_wconf 88' lang='lat' dir='ltr'>doctrina</span> 
     </span>
     <span class='ocr_line' id='line_1_91' title="bbox 1017 2586 1770 2630; baseline -0.001 -11"><span class='ocrx_word' id='word_1_526' title='bbox 1017 2591 1216 2630; x_wconf 88' lang='lat' dir='ltr'>praestantes</span> <span class='ocrx_word' id='word_1_527' title='bbox 1236 2586 1365 2630; x_wconf 80' lang='lat' dir='ltr'>delegit,</span> <span class='ocrx_word' id='word_1_528' title='bbox 1386 2587 1442 2630; x_wconf 87' lang='lat' dir='ltr'>qui</span> <span class='ocrx_word' id='word_1_529' title='bbox 1465 2586 1623 2620; x_wconf 90' lang='lat' dir='ltr'>eiusmodi</span> <span class='ocrx_word' id='word_1_530' title='bbox 1646 2596 1770 2630; x_wconf 86' lang='lat' dir='ltr'>perma-</span> 
     </span>
     <span class='ocr_line' id='line_1_92' title="bbox 1016 2634 1771 2680; baseline -0.001 -12"><span class='ocrx_word' id='word_1_531' title='bbox 1016 2635 1070 2679; x_wconf 79' lang='lat' dir='ltr'>gni</span> <span class='ocrx_word' id='word_1_532' title='bbox 1102 2635 1257 2669; x_wconf 90' lang='lat' dir='ltr'>momenti</span> <span class='ocrx_word' id='word_1_533' title='bbox 1287 2636 1423 2679; x_wconf 83' lang='lat' dir='ltr'>negocio</span> <span class='ocrx_word' id='word_1_534' title='bbox 1456 2640 1651 2680; x_wconf 67' lang='grc'>0103055001,</span> <span class='ocrx_word' id='word_1_535' title='bbox 1687 2634 1771 2668; x_wconf 88' lang='grc'>10101</span> 
     </span>
    </p>
   </div>
  </div>
 </body>
</html>
