2226 3070
63 309 108 334 An.
126 306 152 331 t).
178 305 239 332 1591

58 1208 242 1229 1⁴'a=·=1ltateiucmi—

58 1235 114 1255 cedit
129 1241 242 1261 quaecum-

58 1269 98 1288 que
121 1262 191 1282 etllt‘ta,
213 1262 242 1282 sat-

58 1289 126 1309 rivudi
142 1291 161 1309 et
174 1289 241 1315 puhli-

58 1315 129 1336 caudi.

85 1529 190 1550 Recursus
205 1530 241 1550 ad-

59 1556 154 1576 uutteudi
170 1559 242 1577 eontra

59 1589 203 1609 qil-›srumque
213 1584 242 1604 iu-

59 1609 116 1629 dices
133 1610 163 1630 rel
178 1610 243 1631 tribu-

59 1637 122 1657 naua.

856 301 1068 326 INNOCENTIUS
1090 302 1119 324 lX
1141 301 1189 324 ΙΨ.

258 352 379 385 delibet
399 351 677 396 compraehensas,
700 350 951 395 prohibitionem
970 356 1000 383 et

258 405 476 438 abolitionem.
487 405 753 438 Constitutionum
762 404 899 447 denique
908 405 998 437 Sum-

258 470 385 492 morum
405 459 609 499 Pontificum,
634 459 916 502 praedeeessorum
942 467 998 490 no-

258 518 392 553 trorum7
418 518 480 545 tam
505 523 602 555 super
621 512 809 545 eorumdem
828 510 920 544 Urbis
944 510 997 542 tri-

257 567 424 599 bunalium
444 566 683 605 reformatione,
708 565 893 598 mercedum
916 564 997 596 iudi-

257 630 330 652 cum
361 619 599 663 praedictorum
636 618 813 657 taxatione,
841 623 869 650 et
895 617 998 650 omui-

257 672 353 705 moda
367 672 503 705 iustitiae
516 671 802 711 administratione,
813 681 909 714 quam
924 680 998 702 con-

258 731 304 758 tra
342 725 491 758 bannitos
532 736 708 768 eorumque
748 730 930 767 receptores
970 728 996 755 et

257 780 405 819 fautores,
423 785 453 811 et
466 779 600 812 aliarum
620 789 898 822 quarumcumque
916 778 999 810 eirea

258 832 379 865 bonum
400 832 543 875 regimen
566 838 594 865 et
626 832 764 865 iustitiae
793 831 999 864 administra-

257 885 377 919 tionem
414 886 534 930 aliquid
570 886 809 930 disponentium
841 886 852 924 <
863 895 998 928 quarum

258 939 522 972 constitutionum
545 946 671 973 tenores
700 938 922 983 praesentibus
942 948 999 981 pro

258 993 412 1037 expressis
437 993 547 1026 haberi
569 993 736 1035 volumus)
758 993 910 1025 hactenus
935 992 1000 1024 edi-

259 1052 362 1080 tarum
388 1047 621 1080 observantiam
651 1047 810 1091 pertinere
840 1046 928 1078 vobis
958 1045 1000 1077 ri-

258 1100 430 1134 debuntur.

303 1155 319 1196 5
340 1153 370 1187 ⁶2⁴
387 1154 451 1187 Nec
463 1164 528 1187 non
542 1164 777 1197 quaecumque,
795 1153 890 1186 etiam
905 1163 996 1191 nora,

258 1207 372 1247 edicta,
395 1208 603 1241 baunimenta
623 1218 660 1240 ac
680 1208 819 1246 decreta,
844 1217 925 1251 quae
947 1217 1000 1239 vos

257 1261 426 1295 occasione
459 1261 709 1305 praemissorum
749 1260 928 1293 necessaria
971 1267 998 1293 et

257 1321 440 1359 opportuna
461 1326 528 1348 esse
549 1314 784 1354 iudicaveritis,
809 1314 997 1356 iniungere,

257 1369 414 1402 mandare
435 1375 464 1402 et
487 1369 643 1413 publicari
663 1380 699 1401 ac
714 1368 877 1401 observari
899 1368 1001 1400 faeere

256 1421 356 1455 libere
376 1428 407 1455 et
427 1422 512 1455 licite
533 1422 660 1466 possitis
678 1428 707 1454 et
725 1421 865 1454 valeatis.

302 1478 317 1519 ξ
339 1476 369 1509 3.
393 1477 571 1516 Praeterea,
596 1482 630 1509 ut
649 1486 761 1509 omnes
779 1486 937 1511 recursus
955 1486 1002 1507 re-

257 1530 465 1563 clamationes
485 1536 513 1563 et
536 1530 682 1573 querelas
712 1530 742 1562 in
771 1529 1002 1572 ‹teuiuscumque

258 1582 427 1616 instantiae
453 1594 634 1621 causarum,
660 1589 721 1615 tam
744 1583 882 1615 civilium
905 1593 1000 1626 quam

259 1636 473 1670 criminalium
489 1643 518 1670 et
532 1637 713 1674 mixtarum,
730 1647 901 1680 progressu
919 1637 1003 1669 cirea

258 1691 457 1735 praeiudicia
471 1698 499 1724 et
519 1692 670 1724 articulos
691 1691 826 1733 rigorosi
848 1690 1001 1723 examinis

258 1744 320 1778 reis
340 1745 507 1785 inferendi,
522 1744 587 1777 sive
608 1744 715 1788 copias
736 1744 922 1777 inditiorum
943 1744 1001 1775 eis-

258 1799 330 1831 dem
352 1798 461 1838 dandi,
478 1799 524 1831 vel
548 1798 721 1831 terminum
744 1798 783 1830 ad
802 1797 1001 1830 defensiones

257 1852 417 1885 faciendas
435 1851 644 1891 concedendi,
669 1857 699 1884 et
717 1851 801 1884 circa
828 1851 889 1883 alia
910 1861 1001 1894 prae-

257 1905 411 1939 iudicium
433 1906 642 1949 irreparabile
664 1905 808 1949 partibus
822 1905 1001 1948 quomodo-

257 1960 334 1993 libet
354 1959 522 1993 inferentia
543 1960 671 1993 decreta
691 1960 790 2002 (salvo
806 1965 911 1992 tamen
927 1965 954 1992 ct
971 1959 1000 1991 in

258 2025 315 2048 suo
336 2025 431 2047 cursu
452 2014 553 2046 libero
570 2018 755 2046 remanente
771 2013 936 2046 ordinario
959 2014 1002 2045 le-

258 2068 389 2111 gitimae
414 2068 639 2112 appellationis
653 2079 669 2100 a
682 2068 941 2111 supradictorum
957 2068 1003 2100 iu-

259 2123 366 2156 dicum
392 2129 422 2156 et
444 2123 629 2156 officialium
658 2123 822 2155 sententiis
844 2123 998 2159 remedio,

258 2176 345 2219 quod
365 2187 423 2220 per
442 2181 625 2220 praesentes
646 2186 663 2208 a
683 2175 932 2218 eollitigautibus
946 2175 1003 2207 mi-

258 2229 345 2262 nime
366 2229 492 2261 auferre
512 2234 567 2261 aut
586 2228 694 2271 aliquo
723 2234 816 2272 pat-to
848 2228 1003 2272 impedire

258 2293 322 2315 non
343 2282 551 2324 intendimus)
566 2287 677 2314 contra
698 2292 917 2324 quascumque
931 2292 1003 2325 per-

259 2347 364 2377 sonas,
380 2347 584 2380 quacumque
602 2336 792 2368 auctoritate
806 2341 833 2368 et
850 2335 1003 2377 dignitate

260 2392 447 2433 fungentes,
472 2391 510 2423 de
540 2395 569 2423 et
597 2400 693 2433 super
724 2389 963 2432 gravaminibus
987 2400 1005 2421 a

259 2444 451 2488 supradietis
472 2443 686 2476 tribunalibus
717 2453 894 2486 eorumque
924 2442 1005 2476 iudi-

260 2497 349 2530 cibus
363 2503 393 2530 et
406 2497 596 2529 officialibus
614 2496 644 2529 in
663 2507 757 2529 eursu
775 2496 1005 2539 cuiuscumque

260 2550 444 2583 instantiam
476 2550 733 2594 supradictarum
765 2560 945 2589 causarum,
972 2555 1002 2581 ut

260 2605 450 2649 praefertur,
474 2605 781 2650 quomodocumque
802 2610 829 2637 et
851 2603 1004 2647 qualiter-

261 2669 399 2703 cumque
420 2659 514 2692 illatis
534 2670 590 2692 seu
611 2659 793 2699 inserendis,
817 2658 1004 2691 auctoritate

261 2718 371 2746 nostra
392 2713 515 2754 audire,
539 2718 569 2746 et
585 2724 696 2746 causas
728 2712 912 2746 huiusmodi
934 2722 1004 2755 gra-

1682 288 1745 318 502)

1033 349 1211 389 vau'iinum,
1236 347 1354 381 voeatis
1375 346 1490 383 etiam,
1512 346 1536 378 si
1559 346 1601 378 ita
1621 345 1710 378 robis
1731 345 1775 377 ri-

1034 402 1171 441 debitur,
1194 401 1355 437 vocandis,
1376 399 1657 432 ex11·aiudiciatit‹·1·
1671 405 1776 431 tamen

1033 461 1061 487 et
1085 455 1269 492 suuumirie,
1295 453 1482 497 simpliciter
1505 459 1533 485 et
1555 453 1593 485 de
1610 453 1717 495 plano,
1741 464 1777 484 ac

1032 509 1099 541 sine
1121 509 1253 552 strepitu
1285 515 1313 541 et
1336 508 1437 548 ligura
1469 507 1603 540 alicuius
1633 506 1705 539 nori
1732 507 1778 539 iu-

1033 562 1116 601 dicii,
1137 568 1165 595 et
1180 570 1335 605 quantum
1355 562 1424 594 lieri
1445 560 1572 605 poterit,
1594 561 1661 593 sine
1680 566 1779 592 retar-

1033 616 1162 649 datione
1191 616 1287 660 ipsius
1314 626 1482 659 processus
1508 621 1675 647 causarum
1702 624 1778 656 pen-

1033 670 1187 707 dentium,
1212 670 1278 702 sola
1297 669 1369 701 sacti
1390 668 1509 701 seilicet
1530 667 1660 700 veritate
1675 666 1778 710 inspe-

1033 729 1093 763 cta,
1117 730 1145 756 et
1169 734 1264 756 manu
1286 723 1374 763 regia
1391 732 1607 764 cognoscere,
1632 732 1666 753 ac
1694 720 1777 753 iudi-

1034 777 1122 809 cibus
1142 776 1314 820 praedictis
1335 782 1367 807 ut
1390 775 1441 812 id,
1463 774 1549 818 quod
1575 785 1629 807 vos
1659 774 1776 806 iustum

1035 829 1236 865 iudirabitis,
1266 829 1438 861 decernant
1468 833 1498 860 et
1527 827 1688 866 iudicent,
1717 827 1774 860 de-

1035 884 1199 916 mandare.

1080 940 1095 978 ,ξ
1119 936 1144 969 i.
1166 937 1201 969 Et
1222 936 1363 978 insuper,
1384 940 1417 966 ut
1444 934 1483 966 ab
1511 935 1698 967 eorumdem
1718 934 1775 967 tri-

1035 990 1200 1022 bunalium
1212 989 1370 1022 iudicibus
1380 988 1608 1021 etotiicialibus
1617 988 1775 1028 omnium,

1035 1054 1117 1087 quae
1135 1044 1173 1075 ab
1193 1042 1268 1086 ipsis
1282 1042 1350 1074 fieri
1365 1041 1553 1081 contigeret,
1570 1041 1728 1074 rationem
1742 1052 1778 1074 ex

1035 1097 1141 1130 officio
1166 1097 1303 1136 exigere,
1330 1102 1359 1128 et
1379 1095 1409 1127 in
1426 1094 1611 1138 praemissis
1629 1095 1775 1138 culpabi-

1036 1152 1079 1184 les
1101 1156 1254 1194 repertos,
1276 1150 1315 1182 ab
1335 1148 1484 1182 exercitio
1506 1158 1639 1181 suorum
1660 1149 1781 1181 officio-

1036 1216 1104 1238 rum
1128 1205 1166 1237 ad
1190 1211 1313 1248 tempus
1340 1204 1558 1247 suspendere,
1589 1209 1617 1235 et
1651 1203 1779 1235 illorum

1036 1260 1106 1292 1000
1131 1270 1187 1302 per
1209 1258 1339 1291 modum
1371 1257 1577 1300 provisionis,
1602 1257 1705 1289 donec
1726 1267 1782 1300 per

1036 1324 1093 1346 nos
1130 1313 1222 1345 aliter
1257 1312 1420 1356 provisum
1451 1311 1559 1351 fuerit,
1584 1311 1663 1344 alios
1696 1311 1782 1343 suffi-

1036 1378 1125 1405 cere.
1159 1367 1222 1399 sire
1255 1377 1312 1410 per
1340 1376 1460 1409 poenas
1494 1365 1695 1409 pecuniarias
1729 1371 1781 1398 aut

1037 1421 1130 1454 etiam
1154 1420 1299 1464 eorporis
1320 1419 1484 1452 at'tlictivas
1506 1418 1680 1462 respective
1693 1429 1782 1451 coer-

1037 1486 1109 1508 cere
1129 1474 1265 1518 possitis,
1287 1473 1432 1506 similiter
1452 1473 1591 1516 amplam
1615 1478 1645 1505 et
1671 1472 1779 1505 omni-

1039 1530 1166 1562 modam
1186 1529 1367 1561 facultatem
1390 1533 1417 1559 et
1441 1533 1629 1571 potestatem
1652 1527 1777 1565 damus,

1037 1583 1207 1616 tribuimus
1232 1588 1326 1625 atque
1359 1581 1566 1613 concedimus
1596 1591 1652 1623 per
1683 1591 1779 1624 prae-

1036 1643 1150 1670 sentes.
1610 1636 1623 1649 ”

1082 1693 1097 1730 S
1119 1690 1148 1723 5.
1174 1690 1384 1733 Praecipuum
1407 1689 1545 1732 denique
1576 1694 1714 1721 restrum
1737 1688 1783 1720 of-

1037 1744 1145 1777 ficium
1172 1754 1239 1776 esse
1263 1743 1426 1781 volumus,
1447 1753 1505 1785 per
1536 1742 1617 1774 banc
1647 1747 1782 1774 vestram

1036 1796 1366 1841 super-intcudentiam
1392 1806 1506 1828 curare
1536 1801 1567 1827 et
1596 1795 1723 1827 efficere
1750 1800 1783 1828 ut

1037 1853 1134 1885 iidem
1164 1851 1293 1889 iudices,
1318 1850 1470 1883 officiales
1492 1855 1522 1882 et
1542 1849 1594 1882 alii
1622 1849 1653 1882 in
1686 1860 1780 1893 prae-

1037 1905 1127 1939 dictis
1147 1904 1212 1937 suis
1233 1903 1449 1937 tribunalibus
1471 1908 1498 1935 et
1532 1902 1563 1934 in
1592 1902 1784 1946 supradictis

1036 1959 1186 1993 omnibus
1204 1959 1318 1999 causis,
1342 1957 1530 2001 praesertim
1549 1957 1780 1995 criminalibus,

1038 2014 1085 2046 ius
1114 2019 1142 2045 et
1174 2012 1327 2045 iustitiam
1358 2011 1429 2049 rite⁷
1466 2011 1663 2054 incorrupte,
1681 2021 1785 2054 aequa

1038 2069 1138 2105 lance,
1149 2067 1217 2100 sine
1228 2076 1439 2110 personarum
1455 2065 1653 2108 acceptione,
1664 2065 1785 2108 absque

1037 2121 1145 2164 aliquo
1158 2120 1296 2163 partium
1310 2118 1507 2163 praeiudicio
1520 2124 1571 2151 aut
1585 2118 1781 2160 gravamine,

1038 2180 1068 2207 et
1089 2173 1217 2214 minori,
1241 2184 1305 2217 quo
1327 2173 1396 2205 lieri
1418 2172 1549 2216 poterit,
1574 2172 1727 2216 temporis
1756 2178 1787 2205 et

1038 2226 1282 2269 eollitigantium
1301 2225 1479 2269 dispendio,
1502 2225 1621 2258 eisdem
1644 2225 1786 2269 [alitibus

1039 2281 1236 2317 ministrent;
1259 2285 1294 2312 ut
1313 2279 1417 2312 sicarii
1440 2284 1468 2311 et
1491 2278 1660 2312 laeinorosi
1682 2278 1786 2311 homi-

1038 2345 1094 2367 nes
1108 2334 1147 2367 ab
1165 2334 1249 2367 Urbe
1270 2339 1300 2366 et
1318 2333 1386 2365 eius
1400 2332 1544 2366 districtu
1558 2332 1782 2376 proiligentiu:

1039 2395 1071 2422 ut
1092 2399 1184 2421 suum
1206 2387 1382 2431 unicuique
1395 2388 1516 2420 salvum
1539 2394 1567 2420 et
1590 2387 1785 2420 custoditum

1039 2448 1246 2475 conservetur
1277 2447 1305 2474 ct
1340 2441 1540 2479 restituatur;
1576 2447 1610 2474 ut
1647 2441 1786 2484 denique

1039 2506 1150 2529 omnes
1169 2495 1199 2527 in
1220 2500 1329 2539 optata
1358 2494 1444 2538 pacis
1475 2500 1503 2527 et
1535 2494 1672 2527 iustitiae
1701 2500 1786 2526 tran-

1039 2551 1195 2594 quillitate
1215 2550 1319 2582 vivant
1337 2555 1365 2582 et
1387 2554 1602 2593 perseverent.

1084 2604 1098 2647 ξ
1112 2605 1141 2636 e.
1159 2604 1385 2646 Quaecumque
1398 2608 1504 2636 autem
1519 2612 1577 2646 pro
1594 2601 1784 2634 sicariorum

1040 2663 1070 2691 et
1089 2658 1217 2691 exulum
1240 2657 1482 2701 perseeutione⁷
1506 2656 1531 2689 si
1556 2654 1735 2688 necessaria
1755 2660 1785 2688 et

1039 2717 1220 2757 opportuna
1233 2711 1300 2745 sore
1316 2710 1542 2751 iudicaveritis,
1558 2720 1608 2751 ea,
1624 2714 1659 2743 ut
1675 2719 1785 2753 perso-

1793 298 1840 322 An.
1861 296 1887 321 (I.
1911 296 1970 321 lsdtl

1834 945 1978 965 'sribuualimu

1795 972 1875 992 iudici-s
1895 974 1913 991 el
1935 972 1978 990 ulli-

1795 999 1860 1019 riales
1871 1004 1978 1018 rennuen-

1795 1026 1822 1045 di.

1812 1694 1935 1718 luxu-dandi
1949 1701 1981 1713 >u-

1798 1727 1912 1747 lwt‘aequa
1925 1723 1983 1740 iusti·

1799 1751 1840 1767 11,ιιἱ
1850 1748 1982 1767 administra·

1800 1775 1855 1794 110111·
1878 1777 1897 1793 ‹·t
1921 1774 1982 1794 [irtus

1800 1801 1957 1828 tranquillitate.

1835 2604 1856 2624 E!
1875 2604 1983 2629 pramlirta

1801 2631 1916 2655 exequi-udi
1965 2631 1984 2651 iu

1800 2658 1912 2678 territur-tis
1924 2658 1986 2680 Selii.

1800 2685 1885 2715 l'iprrui
1902 2688 1920 2706 et
1934 2685 1984 2707 Τυν-

1800 2719 1892 2734 sssClUtst'·
