2226 3070
249 300 297 327 An.
318 300 345 328 C.
365 302 426 330 1591

294 1774 296 1776 Υ
313 1746 427 1772 Dcmgatio

243 1779 333 1793 ommuni
345 1776 426 1794 contra-

244 1806 329 1820 riorum.

477 291 542 326 470

446 351 594 385 lemniter
612 352 821 396 publicantes,
845 352 953 395 eisque
975 352 1005 384 in
1027 352 1184 396 praomis-

445 405 487 438 sis
498 405 644 438 efficaces
657 405 850 438 defensionis
863 405 1022 449 praesidio
1036 405 1183 438 assisten-

446 465 510 497 tes,
541 460 655 492 faciant
684 459 871 492 auctoritate
910 465 1017 492 nostra
1056 460 1183 493 easdem

447 519 626 557 praesentes
640 514 759 547 litteras
779 512 852 545 etin
869 512 913 545 eis
927 518 1075 546 contenta
1087 524 1184 556 quae-

445 577 582 610 cumque
594 566 820 599 inviolabiliter
832 566 993 599 observari
1007 577 1042 599 ac
1051 567 1181 610 plenum

445 619 591 652 effectum
623 620 738 656 sortiri.
775 630 901 652 necnon
932 620 1179 663 praesidentem,

444 673 644 713 diffinitores,
667 672 854 711 visitatores,
887 673 1027 711 abbates,
1060 674 1183 717 priores

443 726 584 769 aliosque
613 726 792 770 praedictos
824 732 852 759 et
886 737 997 759 eorum
1040 727 1182 769 singulos

443 779 591 812 omnibus
611 779 793 823 praemissis
821 780 953 823 pacifice
973 780 1034 813 frui
1055 787 1083 814 et
1106 792 1182 823 gau-

443 832 528 865 dere.
563 833 631 865 Non
664 833 882 876 permittentes
920 845 974 867 eos
1005 840 1033 867 et
1070 845 1181 868 eorum

442 885 618 929 quemlibet
648 887 785 930 desuper
813 893 923 920 contra
965 888 1182 931 praesentium

443 945 597 980 tenorem,
618 941 675 973 sub
689 940 799 984 quovis
810 947 986 984 praetextu,
1003 942 1097 975 etiam
1109 942 1183 975 sub-

442 994 595 1037 reptionis
624 995 672 1027 rel
703 995 911 1038 obreptionis,
947 1000 1000 1028 aut
1030 995 1182 1028 nullitatis

442 1047 517 1080 vitio
535 1054 563 1081 et
585 1048 679 1081 etiam
700 1049 823 1082 defectu
844 1048 1029 1082 intentionis
1056 1055 1182 1083 nostrae

442 1112 499 1145 per
519 1113 738 1146 quoscumque
752 1103 992 1146 quomodolibet
1007 1104 1178 1145 molestari,

442 1155 621 1199 perturbari
650 1156 698 1189 vel
733 1156 892 1200 impediri.
927 1157 1199 1191 Contradictoresi

442 1208 600 1251 quoslibet
618 1214 647 1242 et
666 1209 801 1242 rebelles
815 1209 911 1242 etiam
925 1221 982 1253 per
995 1211 1178 1249 sententias,

442 1271 592 1294 censuras
612 1268 641 1295 et
658 1273 778 1305 poenas
799 1262 1027 1296 ecclesiasticas
1056 1263 1181 1308 aliaque

442 1320 622 1358 opportuna
643 1315 719 1348 iuris
737 1321 766 1348 et
789 1315 859 1348 facti
887 1316 1039 1354 remedia,
1073 1311 1198 1360 appel-¹

442 1368 559 1401 latione
578 1369 764 1412 postposita,
788 1370 1039 1413 compescendo:
1074 1381 1109 1403 ac
1135 1371 1198 1405 lew

441 1421 558 1463 gitimis
575 1433 671 1466 super
691 1423 738 1455 his
758 1423 916 1456 habendis
943 1424 1075 1457 servatis
1104 1435 1180 1467 pro·
1197 1414 1198 1452 l

441 1475 591 1515 cessibus,
614 1477 795 1515 sententias,
819 1488 971 1510 censuras
1003 1484 1031 1510 et
1061 1480 1198 1521 poenas

441 1529 524 1573 ipsas
544 1530 639 1563 etiam
661 1530 781 1563 iteratis
812 1531 934 1564 vicibus
963 1533 1176 1574 aggravando,
1196 1547 1198 1560 ι

442 1583 586 1617 invocato
606 1584 702 1617 etiam
723 1585 761 1617 ad
780 1585 851 1625 hoc,
876 1584 900 1617 si
915 1595 995 1628 opus
1008 1585 1111 1625 fuerit,
1126 1596 1181 1618 au-

441 1637 515 1670 xilio
534 1637 656 1670 brachii
676 1638 857 1671 saecularis.

487 1690 551 1733 §T
584 1691 653 1723 Non
683 1691 883 1725 obstantibus
913 1698 1020 1725 nostra
1050 1693 1088 1725 de
1116 1702 1198 1740 non}

443 1744 656 1777 concedendis
686 1744 892 1787 indulgentiis
923 1746 962 1779 ad
998 1746 1113 1783 instar,
1145 1746 1198 1792 ac}

443 1797 513 1842 piae
531 1798 705 1831 memoriae
726 1798 877 1831 Bonifacii
891 1799 995 1843 Papae
1008 1800 1071 1832 Vlll
1086 1800 1180 1833 etiam
1197 1799 1198 1806 ¹

442 1852 696 1895 praedecessoris
712 1852 822 1893 nostri,
847 1853 885 1885 de
905 1863 979 1893 una,
1003 1859 1033 1886 et
1050 1853 1081 1886 in
1106 1846 1199 1887 con-³

443 1905 516 1938 cilio
546 1906 686 1947 generali
718 1906 802 1939 edita
832 1907 870 1939 de
900 1907 1022 1940 duabus
1052 1907 1177 1948 diaetis,

442 1959 575 2002 aliisque
595 1959 788 2002 apostolicis,
812 1971 848 1993 ac
869 1960 900 1993 in
932 1961 1181 2004 provincialibus

442 2018 472 2046 et
492 2014 697 2058 synodalibus
718 2014 860 2047 conciliis
891 2015 994 2055 editis,
1023 2016 1198 2058 generali-¹

441 2067 499 2100 bus
534 2068 581 2100 vel
619 2067 809 2111 specialibus
836 2068 1116 2102 constitutionibus
1152 2076 1182 2103 et

441 2120 710 2161 ordinationibus,
731 2132 766 2154 ac
788 2121 879 2154 dictis
903 2122 933 2155 S.
966 2122 1119 2155 Bernardi
1149 2116 1198 2156 in³

440 2174 528 2207 ltalia
553 2174 752 2218 aliarumque
783 2175 1069 2218 congregationum
1106 2177 1180 2210 dicti

441 2227 566 2260 Ordinis
586 2227 833 2271 praedictarum,
857 2228 952 2262 etiam
985 2229 1177 2271 iuramento,

441 2281 686 2315 confirmatione
707 2283 881 2326 apostolica
912 2284 961 2316 vel
989 2284 1098 2327 quavis
1127 2284 1181 2317 fir-

442 2335 550 2368 mitate
571 2335 631 2368 alia
642 2336 800 2369 roboratis
813 2337 938 2370 statutis
958 2342 987 2370 et
1009 2344 1180 2372 consuetu-

441 2388 579 2429 dinibus,
620 2389 899 2431 declarationibus,
937 2391 1180 2425 inhibitionibus

441 2448 471 2476 et
491 2442 641 2483 decretis,
673 2443 846 2486 privilegiis
875 2455 1014 2488 quoque,
1050 2445 1180 2479 indultis

441 2501 471 2528 et
491 2495 602 2528 litteris
622 2496 814 2539 apostolicis,
836 2497 958 2539 legatis,
997 2499 1122 2532 nunciis
1150 2505 1197 2534 etl

440 2548 614 2582 Ordinariis
634 2559 669 2581 ac
687 2550 987 2592 congregationibus
1008 2558 1037 2584 et
1055 2552 1180 2585 Ordini-

440 2603 499 2635 bus
536 2602 727 2646 praedicfis,
767 2603 961 2648 illorumque
996 2607 1176 2647 abbatibuS,

441 2656 536 2689 etiam
556 2656 769 2699 generalibus,
798 2657 931 2701 aliisque
961 2659 1180 2702 superioribus

441 2715 470 2743 et
490 2707 644 2753 personis,
667 2709 726 2743 sub
743 2709 999 2754 quibuscumque
1017 2713 1181 2746 tenoribus

1027 304 1211 328 BULLARIUM
1229 304 1382 329 ROMANUM

1220 358 1248 386 et
1270 353 1391 391 formis,
1416 353 1510 387 etiam
1524 354 1555 386 in
1574 354 1699 387 illarum
1718 356 1957 391 fundationibus

1219 413 1247 440 et
1268 408 1483 441 erectionibus
1504 408 1653 447 obtentis,
1677 420 1713 442 ac
1734 420 1806 442 cum
1827 411 1957 454 quibus-

1218 461 1282 499 vis,
1312 461 1407 494 etiam
1427 461 1703 504 derogatoriarum
1733 463 1953 506 derogatoriis‚

1218 514 1351 558 aliisque
1372 514 1606 548 efficacioribus
1626 521 1656 548 et
1676 515 1810 549 insolitis
1831 518 1956 550 clausu-

1217 568 1264 609 lis,
1282 568 1480 601 irritantibus
1501 574 1531 601 et
1551 568 1620 602 aliis
1632 569 1778 611 decretis,
1796 570 1827 602 in
1840 581 1958 613 genere

1216 621 1263 654 rel
1286 621 1316 653 in
1337 622 1453 665 specie,
1478 633 1536 665 per
1557 633 1776 667 quoscumque
1794 624 1957 658 Romanos

1216 674 1386 707 Pontifices
1398 675 1545 708 similiter
1556 676 1818 719 praedecessores
1832 683 1958 711 nostros

1217 739 1252 760 ac
1269 739 1327 761 nos
1335 729 1514 772 Sedemque
1528 730 1735 773 apostolicam
1747 731 1953 774 praedictam,

1216 781 1310 813 etiam
1330 787 1419 814 motu
1439 781 1534 815 simili
1565 788 1592 815 et
1615 783 1876 817 consistorialiter
1904 791 1958 818 aut

1217 835 1293 867 alias
1319 836 1561 878 quomodolibet
1594 837 1762 878 concessis,
1799 844 1829 871 et
1860 839 1956 872 etiam

1218 888 1338 921 iteratis
1358 889 1479 922 vicibus
1510 890 1694 933 approbatis
1725 896 1755 924 et
1786 891 1953 926 innovatis.

1216 940 1336 980 Quibus
1357 942 1507 975 omnibus
1524 949 1553 976 et
1573 943 1716 985 singulis,
1741 944 1875 986 etiamsi,
1898 956 1956 990 pro

1217 996 1345 1029 illorum
1377 996 1547 1030 sufficienti
1577 997 1794 1040 derogatione,
1827 1000 1865 1032 de
1896 999 1957 1032 illis

1217 1060 1393 1093 eorumque
1411 1050 1484 1083 totis
1505 1050 1668 1084 tenoribus
1697 1051 1853 1095 specialis,
1886 1063 1958 1096 spe-

1216 1102 1307 1136 cifica
1327 1108 1355 1136 et
1374 1114 1521 1147 expressa
1537 1114 1572 1136 ac
1586 1103 1748 1137 individua
1759 1116 1795 1137 ac
1808 1106 1847 1138 de
1859 1106 1956 1139 verbo

1216 1157 1255 1189 ad
1273 1157 1416 1196 verbum,
1441 1167 1505 1190 non
1526 1163 1631 1190 autem
1652 1169 1710 1202 per
1729 1158 1887 1192 clausulas
1903 1169 1957 1202 ge-

1198 1201 1340 1243 ffnerales
1374 1211 1459 1243 idem
1488 1211 1716 1255 importantes,
1751 1213 1872 1246 mentio
1901 1225 1957 1247 seu

1215 1264 1344 1307 quaevis
1364 1264 1426 1297 alio
1449 1265 1610 1309 expressio
1641 1265 1789 1299 habenda
1813 1272 1868 1300 aut
1895 1267 1957 1300 alia

1216 1316 1369 1360 exquisita
1393 1318 1496 1351 forma
1521 1319 1560 1351 ad
1588 1318 1649 1352 hoc
1673 1320 1828 1353 servanda
1859 1320 1951 1361 foret,

1216 1370 1310 1403 etiam
1323 1371 1348 1403 si
1361 1371 1392 1403 in
1405 1371 1449 1404 eis
1462 1378 1628 1405 caveretur
1639 1383 1785 1416 expresse
1796 1374 1883 1417 quod
1895 1373 1956 1407 illis

1215 1425 1406 1467 nullatenus,
1422 1431 1475 1459 aut
1489 1426 1616 1459 nonnisi
1629 1427 1688 1459 sub
1709 1427 1801 1460 certis
1813 1428 1910 1461 modo
1927 1434 1958 1462 et

1215 1478 1317 1511 forma
1334 1479 1480 1521 derogari
1497 1479 1606 1523 possit,
1623 1479 1752 1513 illorum
1766 1481 1912 1514 omnium
1927 1487 1959 1515 et

1214 1531 1414 1574 singulorum
1446 1538 1583 1573 tenores,
1606 1544 1643 1566 ac
1673 1533 1699 1566 si
1719 1534 1758 1567 de
1788 1535 1885 1568 verbo
1917 1536 1958 1569 ad

1215 1586 1358 1623 verbum,
1380 1586 1458 1619 nibil
1476 1587 1602 1631 penitus
1622 1587 1751 1628 omisso,
1766 1593 1796 1621 et
1810 1589 1913 1622 forma
1925 1589 1957 1622 in

1196 1639 1198 1684 ζ
1215 1638 1276 1671 illis
1289 1639 1403 1672 tradita
1415 1640 1592 1681 observata,
1611 1640 1720 1674 inserti
1735 1641 1849 1682 forent,
1865 1653 1958 1686 prae-

1214 1693 1357 1726 sentibus
1376 1704 1435 1737 pro
1452 1693 1648 1727 sufficienter
1664 1695 1818 1739 expressis
1837 1695 1958 1729 haben-

1215 1751 1271 1783 tes,
1288 1746 1349 1780 illis
1369 1747 1447 1780 alias
1466 1747 1499 1780 in
1519 1759 1577 1781 suo
1597 1748 1714 1782 robore
1726 1749 1953 1792 permansuris,

1215 1800 1274 1833 hac
1295 1800 1361 1833 vice
1382 1801 1555 1842 dumtaxat,
1580 1802 1694 1835 harum
1715 1802 1807 1843 serie,
1823 1803 1864 1836 ad
1883 1803 1958 1837 effe-

1216 1858 1301 1886 ctum
1321 1854 1571 1898 praemissorum
1598 1855 1802 1898 derogamus,
1830 1855 1958 1900 illisque

1215 1908 1254 1941 ad
1275 1908 1405 1951 plenum
1431 1909 1620 1951 derogatum
1651 1920 1718 1943 esse
1749 1910 1898 1944 volumus
1927 1916 1958 1944 et

1216 1962 1426 2001 declaramus,
1450 1962 1628 2006 ceterisque
1642 1963 1809 1997 contrariis
1826 1964 1957 2008 quibus-

1216 2026 1363 2059 cumque.
1396 2017 1458 2049 Aut
1488 2016 1513 2049 si
1551 2016 1711 2060 aliquibus
1743 2017 1958 2051 communiter

1197 2098 1198 2113 1
1216 2075 1270 2102 aut
1289 2069 1412 2102 divisim
1438 2070 1476 2102 ab
1498 2070 1610 2103 eadem
1630 2070 1668 2103 sit
1696 2071 1777 2104 Sede
1797 2071 1957 2105 indultum

1215 2123 1302 2166 quod
1323 2123 1479 2159 interdici,
1503 2124 1655 2168 suspendi
1677 2125 1724 2157 vel
1738 2125 1957 2158 excommuni-

1215 2176 1279 2209 cari
1301 2187 1365 2209 non
1383 2177 1506 2220 possint
1536 2188 1594 2221 per
1620 2177 1741 2211 litteras
1765 2179 1957 2222 apostolicas

1196 2251 1197 2274 t
1214 2242 1279 2264 non
1300 2231 1450 2265 facientes
1470 2232 1598 2276 plenam
1620 2237 1650 2265 et
1669 2243 1849 2276 expressam
1863 2244 1899 2266 ae
1918 2235 1958 2268 de

1215 2285 1312 2317 verbo
1330 2285 1369 2317 ad
1389 2285 1522 2318 verbum
1549 2286 1588 2319 de
1613 2285 1738 2319 indulto
1772 2286 1956 2322 huiusmodi

1215 2338 1424 2372 mentionem.

1259 2393 1274 2436 ἓ
1292 2392 1321 2425 8.
1343 2393 1497 2426 Volumus
1516 2399 1624 2426 autem
1654 2394 1740 2438 quod
1769 2395 1955 2428 earumdem

1214 2446 1430 2489 praesentium
1450 2447 1668 2491 transumptis,
1698 2447 1793 2481 etiam
1822 2448 1956 2492 impres-

1214 2499 1266 2535 sis,
1281 2510 1378 2532 manu
1396 2500 1530 2533 alicuius
1543 2511 1579 2533 ex
1592 2500 1704 2534 scribis
1716 2502 1954 2545 praedictorum

1214 2553 1365 2586 abbatum
1396 2559 1447 2587 aut
1492 2554 1710 2598 praelatorum
1749 2561 1802 2588 aut
1840 2555 1955 2588 notarii

1214 2606 1333 2650 publici
1354 2607 1551 2651 subscriptis,
1575 2613 1603 2640 et
1624 2608 1728 2651 sigillo
1742 2608 1875 2641 alicuius
1886 2618 1955 2641 mo-

1214 2659 1344 2692 nasterii
1366 2660 1469 2693 dictae
1483 2660 1740 2704 congregationis
1755 2661 1785 2694 S.
1801 2660 1954 2694 Bernardi

1215 2712 1247 2745 in
1266 2713 1356 2746 ltalia
1377 2719 1431 2746 aut
1455 2713 1584 2747 alterius
1613 2724 1769 2758 personae
1795 2714 1827 2747 in
1852 2714 1955 2758 digni-

1972 309 2020 336 Αη.
2039 309 2066 337 C.
2086 310 2150 338 1591

2005 2399 2070 2421 fides
2084 2400 2155 2421 danda

1971 2427 2106 2453 transumptis
2116 2427 2154 2448 hu-

1971 2454 2003 2474 ius
2017 2454 2094 2475 bullae.
