2226 3070
883 276 982 301 rnnnx
1001 275 1108 301 annun
1668 265 1733 300 688

310 341 428 375 tiorum
449 340 678 374 admissionem
697 345 727 373 et
746 338 951 384 superiorum
963 337 1154 372 electionem
1171 336 1333 371 contraria
1345 336 1490 370 instituto
1510 337 1674 371 Societatis
1694 338 1775 377 Iesu,

310 395 375 429 414
390 395 426 435 b,·
449 406 486 428 ex
499 394 616 439 quibus
637 400 727 427 ortae
748 393 951 426 difficultates
971 403 1030 436 pro
1048 392 1135 425 bono
1154 390 1320 426 Societatis
1337 391 1508 433 gubernio,
1528 390 1593 423 415
1606 401 1636 424 a.
1657 390 1777 434 Grego-

311 448 376 482 rius
396 448 461 482 xlv
482 452 613 481 renovat
631 447 739 480 omnia
759 456 841 490 quae
864 446 1072 491 reperiuntur
1091 446 1124 478 in
1144 445 1311 479 Societatis
1331 444 1494 485 institutis,
1521 443 1598 477 ibid.
1624 444 1660 484 b,·
1682 450 1778 489 atque

312 507 395 535 vetat
415 507 527 535 contra
546 511 583 534 ea
604 500 725 545 aliquid
740 499 916 540 immutari,
939 498 1004 532 416
1024 510 1054 532 α.
1078 499 1149 543 Ipsa
1169 498 1309 533 Societas
1327 509 1344 531 a
1357 498 1512 541 Gregorio
1534 498 1598 532 XIV
1610 508 1776 532 commen-

311 556 416 595 datur,
440 554 504 588 437
521 565 551 587 a.
576 554 693 587 Paulus
713 554 762 594 III,
786 553 883 587 Iulius
897 553 935 586 III
956 558 986 586 et
1005 553 1178 596 Gregorius
1191 552 1257 585 XIII
1279 552 1379 596 ipsam
1405 551 1673 596 approbaverant,
1698 549 1773 584 ibid.

311 609 380 642 Non
398 609 568 642 defuerunt
588 613 694 641 tamen
715 607 770 652 qui
784 612 930 640 sanctum
952 606 1051 640 hocce
1071 606 1253 640 Institutum
1268 605 1376 639 multis
1397 605 1501 639 modis
1521 604 1774 649 reprobaverint,

312 661 390 695 ibid.
417 662 445 694 b.
475 661 619 695 Pontifex
641 661 900 706 impugnationes
921 660 1022 693 reiicit
1044 659 1190 704 pluribus
1211 659 1404 699 rationibus,
1430 658 1494 692 438
1511 670 1532 692 α
1549 664 1578 692 et
1602 659 1628 691 b.
1650 658 1776 692 Dictum

310 715 492 749 Institutum
511 721 638 759 quarto,
655 714 830 759 omniaque
850 714 878 748 ei
899 724 1052 748 concessa
1064 713 1231 758 privilegia
1250 713 1430 752 confirmat,
1456 712 1534 746 ibid.
1560 712 1630 746 Alia
1643 712 1682 745 de
1696 722 1779 746 novo

309 769 419 803 statuit
438 779 497 814 pro
518 768 834 812 congregationibus,
858 778 918 812 pro
938 767 1143 812 superiorum
1161 767 1331 807 electione,
1347 776 1407 811 pro
1418 766 1546 800 novitiis
1564 771 1593 799 et
1613 765 1779 799 scholasti·

310 832 424 856 corum
445 822 537 863 votis,
561 832 620 867 pro
644 822 803 865 graduum
825 821 1018 855 discretione
1038 820 1331 865 coadiutorumque
1358 820 1563 864 promotione
1584 825 1616 852 et
1635 825 1781 864 tempore

310 876 496 910 huiusmodi
516 876 743 920 promotionis,
767 875 906 909 439aet
927 875 955 908 b.
979 874 1159 908 Auctoritas
1179 879 1210 908 et
1220 875 1386 908 facultates
1407 874 1592 918 praeposito
1610 882 1780 907 concessae

310 929 461 963 inviolate
482 935 712 963 conserventur
725 956 732 969 ,
761 929 841 962 ibid.
869 929 903 962 In
934 928 1184 962 admissionibus
1203 933 1349 961 servetur
1369 928 1474 961 forma
1494 927 1776 968 constitutionum,

312 983 391 1017 ibid.
419 983 597 1018 Facultates
618 983 689 1016 aliis
715 982 889 1016 Ordinibus
910 992 1102 1023 concessae,
1133 981 1284 1016 Societati
1315 987 1345 1014 et
1365 981 1433 1014 eius
1453 981 1638 1026 praeposito
1659 990 1777 1015 conce·

311 1037 442 1077 duntur,
465 1035 530 1069 440
548 1048 578 1069 a.
602 1037 726 1070 Nomen
745 1036 932 1076 retineatur,
948 1036 1027 1069 ibid.
1053 1035 1142 1069 Aliae
1163 1035 1388 1080 dispositiones
1408 1045 1467 1079 pro
1488 1034 1716 1079 promovendis
1740 1035 1781 1068 ad

310 1091 451 1132 ordines,
475 1101 535 1135 pro
557 1090 692 1124 transitu
713 1091 753 1124 ad
773 1090 853 1124 alios
872 1089 1018 1129 Ordines,
1046 1100 1106 1134 pro
1131 1089 1301 1133 religiosis,
1324 1098 1383 1133 pro
1405 1088 1620 1128 dimittendis,
1643 1087 1722 1121 ibid.
1749 1088 1777 1122 b.

309 1144 574 1178 Perturbatorum
594 1144 729 1179 audacia
746 1144 935 1183 coercenda,
953 1143 1032 1176 ibid.
1061 1143 1228 1178 Societatis
1248 1142 1494 1177 constitutiones
1514 1152 1580 1176 non
1598 1142 1778 1176 immutari·

312 1199 381 1239 dae,
402 1197 482 1231 ibid.
505 1199 703 1232 Innovantur
721 1207 846 1242 poenae
871 1196 1108 1231 constitutionis
1128 1196 1273 1240 Gregorii
1295 1196 1371 1237 XIV,
1397 1196 1536 1240 illaeque
1555 1195 1778 1237 confirmatur,

311 1251 371 1285 441
392 1263 422 1284 α.
444 1251 604 1285 Ordinarii
619 1257 731 1284 curent
745 1250 980 1284 observantiam
995 1250 1091 1284 huius
1104 1250 1351 1290 constitutionis,
1377 1249 1456 1282 ibid.
1481 1249 1507 1282 b.
1530 1248 1685 1283 Praesens
1705 1259 1782 1283 con·

311 1304 412 1338 cessio
433 1304 501 1337 aliis
522 1314 588 1338 non
605 1304 888 1344 communicanda,
905 1303 969 1336 442
989 1313 1020 1336 a.
1036 1304 1109 1337 Pius
1129 1304 1187 1337 PP.
1211 1303 1248 1337 lV
1269 1303 1452 1337 christianis
1465 1302 1666 1337 visitantibus
1680 1303 1784 1337 ecclo-

310 1358 372 1392 sias
393 1358 525 1392 huiusce
546 1358 754 1392 Societatisin
772 1358 881 1398 Indiis,
901 1363 955 1391 aut
972 1357 1112 1402 aliquem
1131 1358 1171 1390 ad
1192 1368 1298 1390 veram
1313 1357 1368 1391 Dei
1387 1357 1604 1400 cognitionem
1627 1357 1782 1391 reducen-

310 1412 406 1452 tibus,
429 1411 607 1456 plenariam
628 1411 862 1454 indulgentiam
884 1417 913 1444 ct
934 1411 1123 1451 iubilaeum,
1147 1410 1211 1444 488
1232 1411 1269 1451 b,·
1291 1411 1369 1444 alias
1390 1411 1605 1454 indulgentias
1625 1411 1783 1445 concessit

310 1466 385 1500 Pius
402 1465 442 1507 V,
460 1465 556 1502 ibid:
573 1465 724 1510 idemque
744 1465 902 1509 praestitit
923 1465 1097 1507 Gregorius
1108 1465 1185 1505 XIII,
1199 1464 1264 1498 489
1286 1466 1321 1506 b;
1340 1465 1395 1509 qui
1417 1465 1617 1498 scholaribus
1637 1465 1783 1509 permisit

311 1519 423 1553 missas
443 1519 475 1552 in
498 1519 640 1552 ecclesiis
664 1518 830 1552 Societatis
851 1518 973 1559 audire,
996 1525 1140 1563 tempore
1158 1518 1339 1559 interdicti,
1363 1518 1444 1551 ibid.
1468 1518 1636 1561 Religiosis
1656 1528 1731 1552 vero
1749 1518 1781 1551 in

310 1573 408 1608 Indiis
429 1572 659 1606 decedentibus
681 1572 914 1615 indulgentiam
939 1572 1118 1617 plenariam
1140 1572 1171 1605 in
1193 1572 1329 1605 articulo
1350 1572 1464 1605 mortis
1485 1571 1587 1612 dedit,
1609 1571 1688 1605 ibid.
1713 1572 1782 1605 Ple-

310 1627 435 1660 nariam
456 1626 552 1659 etiam
581 1625 816 1668 indulgentiam
837 1625 1100 1659 christifidelibus
1120 1625 1209 1659 statis
1229 1625 1342 1659 diebus
1363 1625 1564 1659 visitantibus
1589 1631 1652 1658 tam
1673 1626 1779 1659 eccle-

311 1680 391 1714 siam
403 1680 434 1714 S.
447 1679 588 1713 Thomae
602 1690 699 1723 quam
717 1679 794 1713 alias
806 1679 838 1712 in
859 1679 968 1720 lndiis,
988 1678 1052 1713 490
1070 1690 1100 1712 a.
1120 1679 1205 1713 Alias
1225 1679 1380 1723 speciales
1398 1679 1614 1722 indulgentias
1631 1679 1782 1722 elargitus

312 1739 370 1774 est,
394 1743 476 1778 quae
504 1732 658 1778 applicari
679 1739 813 1778 possunt
833 1733 1149 1766 confraternitatibus
1167 1733 1280 1766 erectis
1302 1739 1332 1766 et
1352 1732 1528 1776 erigendis,
1551 1733 1629 1766 ibid.
1655 1733 1683 1766 b.
1707 1732 1780 1778 Epi-

311 1787 400 1832 scopi
426 1786 550 1829 erigere
575 1793 695 1831 queunt
723 1787 1002 1821 confraternitates
1030 1787 1180 1831 Corporis
1205 1786 1330 1827 Christi,
1354 1786 1413 1820 491
1438 1798 1475 1827 a,·
1498 1787 1675 1821 confratres
1706 1797 1782 1820 vero

310 1840 370 1874 sibi
402 1840 633 1874 confessarium
664 1840 802 1883 eligere,
826 1840 881 1885 qui
902 1851 957 1874 eos
982 1852 998 1873 a
1020 1841 1146 1874 casibus
1172 1840 1341 1874 reservatis
1365 1841 1523 1881 absolvat,
1547 1840 1626 1873 ibid.
1647 1840 1674 1874 b.
1698 1840 1783 1874 Haec

311 1893 421 1928 omnia
437 1894 477 1927 ad
498 1894 691 1928 decennium
706 1894 810 1928 Sixtus
831 1895 854 1926 V
874 1894 1072 1939 prorogavit,
1098 1894 1177 1928 ibid.
1194 1894 1268 1928 Pins
1284 1894 1322 1927 lv
1342 1894 1526 1928 facultatem
1546 1894 1634 1928 dedit
1654 1894 1782 1938 provin-

312 1947 447 1982 cialibus
466 1947 634 1981 Societatis
659 1948 866 1992 dispensandi
891 1959 989 1992 super
1007 1948 1161 1982 Indorum
1183 1948 1412 1988 matrimoniis,
1437 1948 1579 1991 aliasque
1599 1948 1779 1988 facultates,

312 2001 391 2035 ibid.
416 2007 445 2034 et
466 2000 531 2034 4922
552 2012 581 2034 α.
606 2001 779 2044 Gregorius
792 2002 858 2035 XIII
880 2001 937 2035 has
958 2002 1125 2035 facultates
1142 2002 1181 2034 ad
1203 2001 1314 2044 viginti
1336 2012 1438 2035 annos
1458 2001 1659 2046 prorogavit,
1685 2000 1781 2041 ibid„-

311 2055 477 2098 multaque
501 2055 542 2088 ad
573 2055 695 2088 cultum
721 2055 865 2088 divinum
891 2062 919 2088 ct
949 2062 1229 2089 sacramentorum
1259 2055 1571 2089 administrationem
1596 2054 1779 2095 ordinavit,

312 2108 391 2142 ibid.
417 2114 448 2141 et
465 2118 530 2152 seq.
547 2107 662 2142 Omnia
682 2109 848 2153 praedicta
868 2109 1071 2143 confirmarit
1088 2109 1263 2152 Gregorius
1283 2109 1348 2143 XIV
1370 2115 1399 2142 et
1420 2111 1460 2143 ad
1480 2120 1521 2143 xx
1541 2119 1642 2143 annos
1660 2119 1778 2154 proro-

312 2162 416 2205 gavit,
440 2160 505 2195 493
529 2173 548 2194 α
569 2167 601 2195 et
619 2161 645 2195 b.
676 2162 735 2202 Oui
760 2162 818 2195 sub
846 2163 1081 2207 neophytarum
1103 2163 1233 2196 nomine
1259 2163 1407 2203 veniant,
1430 2163 1511 2196 ibid.
1535 2163 1678 2197 Mestizos
1699 2173 1779 2197 neo-

311 2215 426 2260 phytos
447 2225 515 2249 esse
536 2216 691 2255 decernit,
715 2215 779 2249 494
799 2227 829 2249 α.
858 2216 935 2250 Sixti
956 2217 979 2249 V
1000 2217 1039 2250 de
1060 2217 1187 2250 novitiis
1212 2217 1406 2261 recipiendis
1426 2217 1611 2251 constitutio
1633 2217 1782 2260 aGrego-

312 2269 360 2303 rio
378 2269 454 2310 XIV,
478 2269 663 2314 praeposito
693 2270 906 2314 supplicante,
942 2271 1129 2313 abrogatur,
1154 2270 1218 2303 466
1238 2282 1257 2303 α
1279 2277 1307 2304 et
1327 2281 1391 2315 seq.
1427 2271 1605 2305 Gulielmns
1630 2271 1782 2305 Bavariae

313 2323 376 2357 dux
397 2323 570 2366 collegium
588 2323 754 2357 Societatis
771 2324 841 2357 Iesu
861 2324 1047 2366 Ingolstadii
1061 2330 1205 2358 erexerat
1223 2330 1263 2365 et,
1288 2325 1370 2358 facta
1383 2325 1523 2369 quadam
1544 2324 1782 2369 permutatione

312 2387 385 2410 cnm
418 2377 533 2411 abbate
564 2377 751 2411 monasterii
782 2377 888 2411 Sancti
920 2378 1073 2417 Mauritii,
1108 2378 1187 2412 illud
1217 2379 1397 2419 dotaverat,
1426 2378 1490 2412 618
1518 2379 1545 2412 b.
1583 2378 1781 2412 Permutatio

312 2436 492 2471 enarratur,
506 2431 588 2464 ibid.
612 2431 757 2465 Clemens
776 2431 950 2465 committit
971 2432 1094 2466 Nnneio
1118 2438 1152 2465 ut
1173 2443 1243 2465 eam
1267 2433 1437 2477 approbet,
1459 2433 1482 2466 si
1503 2433 1619 2466 rationi
1638 2443 1780 2475 congrua

312 2484 418 2525 fuerit,
433 2484 497 2518 619
509 2496 538 2518 a.

223 2537 420 2572 Sorbonicae
436 2538 656 2572 Universitatis
677 2538 819 2581 theologi
839 2539 1051 2583 impelluntur
1071 2551 1088 2572 a
1102 2539 1189 2574 Sixto
1202 2540 1225 2572 V
1239 2547 1271 2573 ut
1293 2540 1393 2574 libros
1410 2540 1535 2574 haeresi
1553 2540 1782 2585 erroribusque

313 2601 504 2636 conspersos
524 2592 703 2636 exquirant,
728 2592 908 2636 modusque
929 2584 968 2626 ab
989 2593 1034 2626 cis
1054 2594 1211 2628 tenendus
1228 2594 1470 2638 praescribitur,
1493 2594 1557 2627 0275
1573 2605 1602 2627 α.
1631 2594 1717 2633 Quae
1738 2594 1782 2628 fe-

313 2644 391 2679 cerit
411 2645 479 2689 ipse
498 2645 644 2679 Pontifex
664 2646 696 2679 in
717 2646 843 2680 edendo
863 2656 946 2680 novo
968 2646 1073 2681 indice
1093 2647 1251 2681 librorum
1272 2648 1524 2692 prohibitorum,
1542 2647 1606 2681 274
1624 2648 1639 2681 b
1646 2660 1657 2688 ,·
1679 2647 1734 2692 qui
1752 2653 1780 2680 et

313 2698 492 2732 cardinales
512 2704 543 2732 et
564 2698 731 2742 theologos
749 2705 779 2734 et
796 2699 880 2745 ipsas
897 2700 1123 2734 Universitates
1145 2701 1175 2734 in
1194 2708 1319 2745 partem
1340 2702 1460 2735 laboris
1480 2702 1614 2741 vocavit,
1630 2701 1710 2734 ibid.
