2226 3070
86 318 138 345 An.
157 317 185 343 C.
203 315 266 343 1587

285 377 509 411 personarum,
532 366 659 399 vicariis
681 371 710 398 et
727 365 796 398 aliis
817 364 1033 397 comitatensi-

285 421 343 453 bus
368 420 559 453 officialibus
579 419 655 452 dicti
677 419 824 462 gubcrnii
844 417 1030 452 scribendis.

285 473 543 518 expeditionibus
563 482 692 516 quoque
723 479 751 505 et
773 472 854 505 datis
874 470 1035 515 supplica-

287 528 411 561 tionum
432 527 573 560 civilium
595 532 626 559 et
651 525 880 561 criminalium,
905 536 939 557 ac
966 524 1036 556 bul-

287 581 370 615 lettis
391 581 487 615 etiam
508 589 698 624 poenarum,
719 579 744 611 si
766 579 834 612 lieri
851 577 1034 620 contigerit,

287 633 601 672 confirmationibus,
621 639 653 665 et
674 633 859 665 chartarum
882 631 1036 664 dotalium

287 696 317 723 ct
334 688 470 722 licentiis
489 687 553 720 sive
573 686 757 731 patentibus
775 691 1037 729 proxeneturum‚

288 744 375 776 iuxta
403 742 533 775 solitum
557 740 606 773 bis
632 739 664 772 in
694 750 778 772 anno
804 739 970 779 faciendis,
1003 750 1039 772 ac

288 797 328 830 de
352 795 504 829 omnihus
537 799 567 828 et
592 793 727 836 singulis
752 792 823 825 aliis
848 792 985 825 licentiis
1011 798 1041 825 et

289 848 458 883 ordinibus
481 858 540 892 per
564 856 787 890 quoscumque
808 845 991 879 obtinendis
1010 851 1040 878 et

289 900 535 946 quomodolibet
568 899 779 944 impetrandis
812 910 829 931 a
862 899 956 931 dictis
985 909 1042 941 gu-

290 955 530 995 bernatoribus,
546 954 721 995 iudicibus,
735 953 928 986 officialibus
939 958 967 986 ct
981 953 1041 985 mi·

290 1009 400 1043 nistris
420 1018 479 1053 pro
500 1008 609 1051 aliqua
628 1017 734 1052 poena
759 1006 906 1039 evitanda
927 1011 954 1039 et
978 1016 1042 1039 non

291 1062 498 1103 incurrenda,
525 1062 572 1095 vel
592 1071 652 1106 pro
674 1060 857 1094 obedientia
884 1059 1040 1099 facienda,

291 1116 404 1161 quavis
428 1115 554 1149 ratione
579 1115 628 1148 vel
659 1124 767 1154 causa,
796 1119 858 1146 tam
881 1112 1044 1145 ordinaria

291 1182 388 1216 quam
410 1168 677 1209 extraordinaria,
700 1168 747 1201 vel
779 1179 815 1200 ex
847 1178 929 1200 novo
960 1166 1043 1199 acci-

294 1225 395 1264 denti,
418 1230 449 1257 et
469 1223 666 1267 generaliter
691 1222 730 1255 de
751 1221 902 1254 omnibus
928 1226 958 1253 et
979 1220 1043 1253 siu-

293 1279 376 1322 gulis
392 1278 462 1311 aliis
483 1277 611 1316 litteris,
628 1276 760 1315 fidibus,
784 1275 980 1319 patentibus,
998 1274 1046 1306 lit-

294 1332 371 1365 teris
400 1330 672 1364 testimonialibus
698 1336 728 1362 et
754 1329 903 1372 gratiosis
924 1328 1045 1361 ordini-

294 1386 354 1419 bus
384 1384 520 1428 aliisque
550 1384 646 1417 rebus
671 1383 710 1416 ad
734 1383 874 1416 bancum
903 1382 1046 1415 notario-

295 1451 367 1473 rum
394 1449 567 1472 causarum
600 1437 739 1470 civilium
769 1436 873 1469 dictae
899 1436 1044 1471 civitatis.

295 1505 351 1527 seu
372 1493 410 1526 ad
435 1492 662 1526 cancellariam
680 1490 880 1524 criminalem
902 1489 977 1522 dicti
994 1500 1049 1530 gu-

295 1546 401 1581 bernii
427 1546 560 1579 minime
581 1544 812 1589 spectantibus,
840 1555 913 1576 cum
947 1543 1049 1576 omni-

296 1601 357 1634 bus
377 1606 408 1634 et
432 1599 568 1643 singulis
587 1598 737 1643 superius
757 1608 980 1642 expressarum
1000 1607 1049 1629 ex-

298 1655 498 1699 peditionum
508 1652 748 1693 emolumentis,
761 1651 980 1696 proventibus,
999 1661 1050 1684 so-

299 1707 489 1748 lutionibus,
513 1707 718 1740 mercedibus
740 1712 768 1739 et
794 1705 924 1749 regaliis
945 1704 1050 1737 omni-

299 1763 360 1796 bus
374 1768 404 1795 ct
423 1761 684 1806 quibuscumque
706 1760 860 1793 ministris
881 1766 911 1793 et
931 1759 1052 1791 officia-

300 1816 396 1856 libus,
427 1815 523 1848 etiam
553 1814 725 1858 supremis,
746 1820 775 1847 et
802 1814 833 1846 in
859 1813 963 1857 capite
983 1811 1051 1845 dari

301 1869 416 1909 solitis,
450 1868 547 1901 etiam
586 1868 672 1911 quod
708 1866 805 1900 hodie
837 1872 899 1899 tam
934 1876 992 1910 per
1021 1874 1053 1897 se

301 1933 400 1967 quam
421 1934 477 1967 per
509 1922 588 1955 alios
614 1921 833 1966 perciperent,
861 1921 915 1953 illa
946 1921 1054 1954 omnia

301 1981 332 2010 et.
350 1976 476 2019 singula
496 1976 535 2008 ab
553 1976 598 2009 eis
616 1975 805 2014 auferendo,
824 1974 1004 2018 separando
1025 1981 1055 2008 ct

301 2021 564 2063 dismemhrando
583 2056 590 2070 ,
631 2029 822 2062 auctoritate
868 2034 898 2062 ct
943 2035 1054 2061 tenore

303 2084 500 2128 praemissis,
523 2084 725 2128 applicamus
746 2089 776 2116 et
790 2083 1052 2127 appropriamus.

347 2138 363 2180 ξ
385 2136 416 2170 3.
444 2136 662 2180 Eiusdemque
683 2137 792 2172 officii.
812 2136 963 2170 adinstar
975 2136 1055 2169 alio-

304 2201 376 2223 rum
406 2190 568 2223 Romanae
600 2190 715 2224 Curiae
744 2190 926 2224 officiorum
961 2200 1056 2223 vena-

305 2244 384 2277 lium
412 2250 444 2277 et
466 2244 671 2285 vacabilium,
704 2245 921 2284 collationem,
950 2245 1056 2288 provi-

305 2298 429 2331 sionem
451 2303 480 2331 et
501 2298 760 2342 dispositionem,
788 2304 852 2331 tam
873 2298 934 2331 hac
954 2299 1059 2342 prima

306 2352 375 2385 vice
399 2362 496 2395 quam
524 2352 676 2395 deinceps
696 2351 783 2385 illius
811 2351 975 2385 vacatione
1002 2364 1060 2396 per

308 2416 432 2439 cessum
454 2406 502 2438 vel
523 2405 690 2439 decessum
701 2416 758 2441 seu
772 2406 949 2449 quamlibet
964 2406 1057 2439 aliam

308 2459 528 2492 dimissionem
560 2459 607 2492 vel
642 2458 847 2492 amissionem
888 2459 966 2493 illud
1001 2472 1059 2504 pro

310 2515 454 2552 tempore
480 2508 666 2548 obtinentis,
689 2514 895 2548 occurrente,
919 2509 1010 2541 uobis
1031 2515 1057 2542 et

309 2557 550 2592 successoribus
570 2558 687 2591 nostris
707 2568 919 2591 reservamus.

133 2207 200 2229 nutus
227 2207 290 2227 oflicii

107 2239 242 2260 collationem
254 2236 291 2257 tto-

108 2270 174 2291 manis
201 2268 291 2289 Ponun-

108 2301 167 2322 cibus
186 2302 291 2322 reservat.

355 2608 370 2649 ᾗ
389 2607 421 2640 4.
444 2608 481 2639 Et
501 2607 708 2647 erectionem,
730 2607 978 2643 iustitutionem.
1007 2618 1062 2651 ap·
1081 2626 1082 2629 =

141 2677 199 2699 „m
220 2655 517 2699 eon„„plicafionem
547 2661 578 2689 et
606 2655 937 2696 dismembrationem,
974 2666 1062 2700 prac-

115 2709 218 2731 maionem
246 2713 298 2736 1¹01-
312 2711 483 2750 sentesque
499 2705 622 2739 litteras
641 2716 769 2749 semper
788 2711 819 2739 et
838 2711 995 2750 perpetuo
1013 2717 1064 2739 va-

945 311 1048 335 Slx'rUS
1066 311 1085 333 V
1105 310 1151 334 PP.

1712 296 1770 329 301

1836 305 1888 332 An.
1906 304 1936 332 C.
1956 300 2020 332 1587

1075 364 1155 396 lidus
1181 368 1207 396 ct
1238 362 1384 395 el'ticaces
1415 361 1550 393 existere
1575 367 1605 392 et
1627 361 1706 397 t'ore,
1730 370 1820 391 suos-
1837 366 2023 392 peiu·›·›i.serv.n

1077 478 1106 503 ct
1127 471 1274 503 obtinere
1294 470 1424 502 debere.

1121 525 1135 567 ἓ
1161 525 1191 557 5.
1218 523 1349 556 Necnon
1371 521 1545 555 secretario
1562 526 1588 553 et
1612 519 1782 563 sigillatori
1796 525 1826 551 ct

1079 577 1272 611 cancellario
1302 576 1481 620 praedicto,
1509 574 1594 618 quod
1621 573 1772 606 omnibus
1797 578 1828 606 et

1079 631 1214 674 singulis
1238 630 1430 666 honoribus,
1459 628 1624 668 oneribus,
1651 627 1828 671 exemptio-

1081 685 1186 723 nibus,
1224 683 1410 727 privilegiis,
1452 681 1667 720 lacultatibus,
1705 680 1831 713 iuribus

1082 743 1113 771 et
1137 737 1317 770 actionibus
1350 747 1408 780 per
1440 741 1542 769 totum
1569 734 1729 768 Ecclesiae
1759 733 1829 767 Sta-

1084 797 1173 831 tum,
1206 801 1388 830 armorum,
1417 800 1481 822 non
1514 795 1620 822 tamen
1649 788 1831 832 prohibito-

1082 855 1166 881 rum,
1191 843 1419 882 ‹zlclationibus,
1441 853 1500 886 pro
1521 854 1553 875 sc
1573 848 1601 875 ct
1624 841 1744 874 familia
1761 852 1830 881 sua,

1083 903 1179 942 prout
1203 897 1255 929 alii
1285 896 1485 940 quicumque
1518 895 1607 929 Sedis
1632 895 1834 939 Apostolicae

1085 951 1220 984 ministri
1262 956 1294 983 et
1326 950 1479 983 officiales
1510 949 1584 987 frui,
1612 949 1657 982 uti
1693 956 1720 982 ct
1755 960 1834 992 gau—

1085 1005 1159 1038 dere
1185 1004 1270 1037 soliti
1299 1004 1441 1043 fuerunt,
1466 1013 1501 1036 ac
1524 1003 1553 1035 in
1582 1002 1725 1035 futurum
1751 1003 1835 1036 soliti

1086 1064 1192 1091 eruut.

1129 1112 1143 1155 ἓ
1168 1112 1199 1145 6.
1227 1110 1406 1144 Reservatis
1430 1115 1537 1142 tamen
1567 1109 1659 1142 dictis
1680 1109 1837 1153 guberua-

1087 1165 1221 1205 toribus,
1249 1176 1427 1209 eorumque
1450 1163 1624 1203 iudicibus,
1645 1163 1839 1197 otlicialibus

1087 1226 1115 1253 et
1147 1219 1315 1259 ministris,
1352 1224 1381 1252 et
1417 1219 1447 1250 in
1482 1218 1566 1251 dicto
1596 1217 1703 1250 officio
1733 1217 1840 1250 minus

1089 1273 1343 1317 comprehensis,
1362 1272 1473 1315 sigillis
1491 1272 1717 1304 mandatorum
1732 1272 1770 1305 de
1787 1282 1840 1305 ex-

1089 1327 1300 1367 carcerando‚
1320 1325 1507 1370 exequendo
1532 1325 1579 1358 vel
1601 1325 1771 1369 capiendo,
1795 1325 1840 1358 ci-

1088 1381 1204 1414 vilibus
1229 1387 1260 1414 et
1281 1379 1504 1414 criminalibus
1524 1379 1718 1423 praeceptis,
1739 1379 1842 1412 moni-

1090 1434 1190 1470 toriis,
1227 1433 1454 1477 requisitoriis,
1488 1432 1720 1469 notiticatoriis,
1753 1443 1843 1465 man-

1090 1488 1171 1522 datis
1192 1488 1231 1521 de
1252 1488 1408 1521 bullando
1428 1487 1509 1521 ostia
1527 1487 1712 1527 domorum,
1735 1497 1843 1531 suspe-

1092 1542 1161 1583 ctis,
1190 1541 1350 1574 mandatis
1370 1542 1409 1574 de
1440 1541 1618 1574 vendendis
1637 1540 1841 1586 pignoribus,

1092 1596 1313 1636 citationibus,
1346 1595 1604 1628 intimationibus
1631 1594 1842 1635 iudiciorum,

1094 1649 1418 1695 pronunciationibus
1431 1649 1674 1689 sententiarum,
1686 1654 1844 1693 protesta-

1095 1706 1221 1738 tionum
1237 1710 1267 1737 et.
1282 1704 1417 1737 aliarum
1434 1714 1544 1737 rerum
1560 1703 1715 1736 similium
1737 1713 1792 1736 scu
1813 1714 1844 1736 a-

1095 1765 1221 1793 ctorum
1244 1757 1456 1791 iudicialium.

1139 1814 1153 1856 ξ
1175 1813 1205 1845 7.
1232 1812 1269 1845 Ut
1289 1817 1395 1845 autem
1414 1811 1557 1844 officium
1579 1810 1780 1854 praedictum
1802 1811 1846 1843 vi-

1096 1878 1131 1899 ro
1162 1866 1279 1900 idoneo
1310 1865 1518 1905 concedatur,
1548 1875 1585 1897 ac
1610 1864 1650 1897 de
1678 1864 1844 1904 fidelitate,

1096 1921 1255 1964 probitate
1276 1926 1306 1953 et
1319 1930 1429 1953 reruni
1449 1919 1665 1962 gerendarum
1682 1918 1847 1962 experien-

1098 1976 1138 2009 tia
1175 1974 1283 2008 dilccti
1309 1973 1366 2006 filii
1402 1973 1579 2006 innocentii
1614 1972 1845 2012 Ciamborlani‚

1098 2029 1169 2061 laici
1204 2027 1474 2066 Interamnensis,
1503 2028 1652 2059 Anconae
1690 2025 1845 2069 degentis,

1098 2083 1276 2126 plurimum
1307 2081 1337 2113 in
1367 2081 1503 2113 Domino
1534 2080 1742 2118 confidentes
1775 2079 1847 2112 ossi-

1099 2136 1184 2169 cium
1210 2135 1425 2179 praedictum,
1456 2145 1473 2166 a
1498 2134 1661 2178 primaeva
1686 2133 1848 2166 erectione

1100 2189 1300 2229 huiusmodi,
1327 2194 1361 2221 ut
1386 2188 1579 2232 praefertur,
1612 2197 1740 2227 vacans,
1774 2197 1848 2220 cum

1100 2243 1251 2277 omnibus
1272 2249 1300 2276 et
1319 2242 1452 2285 singulis
1469 2241 1659 2279 honoribus,
1683 2241 1847 2280 oneribus,

1101 2297 1227 2331 iuribus
1255 2302 1286 2329 et
1315 2296 1544 2330 emolumentis
1570 2295 1635 2329 suis
1663 2295 1848 2339 praedictis,

1101 2351 1204 2384 eidem
1234 2350 1432 2391 Innocentio,
1460 2350 1567 2395 quoad
1591 2350 1714 2390 vixerit,
1742 2360 1799 2393 per
1818 2359 1851 2382 se

1101 2406 1149 2438 vel
1170 2405 1267 2437 alium
1297 2415 1351 2438 seu
1382 2404 1460 2437 alios
1492 2404 1560 2437 eius
1590 2403 1779 2437 substitutos
1802 2409 1850 2437 te-

1102 2459 1256 2499 nendum,
1284 2459 1476 2501 regendum,
1499 2458 1717 2491 exercendum
1744 2463 1775 2490 et
1794 2467 1851 2500 gu-

1101 2508 1318 2547 bernandum,
1338 2513 1496 2540 reservata
1513 2507 1571 2540 sibi
1587 2506 1795 2550 dispositione
1806 2505 1852 2539 di-

1104 2558 1144 2590 cti
1166 2557 1276 2597 oflicii,
1307 2568 1343 2590 ac
1370 2557 1438 2590 eius
1466 2557 1644 2593 fructuum.
1668 2556 1775 2600 quoad
1800 2565 1851 2589 re-

1104 2607 1316 2650 signationem
1329 2612 1358 2639 et
1373 2607 1616 2646 al'fictationem,
1636 2616 1672 2639 ac
1688 2606 1852 2639 fructuum

1104 2662 1133 2688 et
1153 2655 1245 2699 pretii
1272 2655 1526 2699 perceptionem,
1554 2655 1639 2689 dicta
1662 2653 1852 2688 auctoritate

1105 2704 1313 2739 concedimus
1338 2710 1369 2738 et
1389 2705 1601 2748 assignamus
1620 2704 1792 2749 ipsumque
1802 2702 1851 2737 ln·

1075 428 1138 460 que
1164 416 1327 460 plenarios
1347 421 1377 447 ct
1399 415 1539 455 integros
1559 414 1691 446 effectus
1715 411 1822 444 sortiri
1839 399 1939 418 'mmm'

1901 529 2024 550 Ceterorum

1842 561 2019 583 cancellariorum

1843 594 1953 622 privilegia
1988 598 2025 611 au-

1853 626 2016 648 claritatemque

1846 656 1991 678 communit-³¹.

1880 1122 1977 1147 Excepti<
2011 1128 2036 1141 us

1854 1159 1906 1181 quae
1940 1153 1974 1172 liic
1999 1158 2036 1173 re-

1854 1187 1976 1206 censentur.

1916 1817 1971 1838 fldem
1991 1817 2043 1838 offi-

1860 1851 1914 1871 cium
1939 1850 2043 1870 tnnocen-

1860 1885 1889 1903 uo
1897 1880 2044 1901 Ciamborlano

1861 1913 1978 1934 committit.
