2226 3070
89 309 142 337 An.
160 302 188 337 C.
206 301 273 337 1587

116 1859 151 1880 lus
166 1866 273 1887 praesen-

89 1892 146 1911 tandi
156 1892 180 1912 ad
196 1892 272 1912 dictam

89 1923 206 1942 ecetesiam
235 1921 273 1942 Ei-

89 1955 209 1979 spaniarum
228 1953 272 1978 regi

91 1985 224 2006 attribuerat.

103 2238 272 2259 archidiacona-

90 2272 133 2290 tum
189 2273 272 2296 quoquc

88 2304 110 2321 et
119 2300 271 2328 archipresby-

90 2334 182 2352 teratum
195 2331 273 2351 ibidem

88 2363 217 2383 instituerat.

955 302 1059 328 SIXTL'S
1083 303 1102 327 V

287 360 596 404 archiepiscopalem
609 365 640 392 et
654 358 807 392 fabricam
822 358 965 391 ecclesia*
975 357 1040 391 Cre-

286 412 917 456 saraugustanaes1›ec-tantia,apostolica
931 417 1040 445 aucto-

287 466 382 499 ritate
405 472 562 510 perpetuo
586 471 799 509 separaverat,
822 476 858 498 ac
881 465 1037 508 oppidum

288 519 328 552 de
350 520 460 552 Teruel
480 519 701 563 praedictum,
730 519 762 551 in
790 529 855 561 quo
879 518 1038 561 quaedam

289 573 457 615 collegiata
475 578 505 605 et
516 572 701 611 saecularis,
723 576 753 603 et
774 571 805 602 in
818 581 854 603 ea
869 570 1040 613 dignitates

286 625 494 658 canonicatus
507 624 647 664 erant‚in
661 624 819 657 civitatem
831 624 1038 656 Terulensem

286 679 554 721 nuncupandam,
580 688 707 710 necnon
738 676 857 709 dietam
889 676 1040 718 collegia-

286 736 349 763 tam
360 731 391 763 in
404 731 622 764 cathedralem
637 730 805 763 ecclesiam
817 740 876 772 pro
887 729 1040 772 episcopo

286 784 466 824 Terulensi,
502 795 576 817 cum
615 782 791 827 episcopali
813 787 843 814 et
868 781 1039 825 capitulari

287 837 417 875 mensis,
445 837 552 880 sigillo
573 837 711 879 aliisque
732 835 913 878 insignibus
933 835 1042 867 cathe-

287 890 442 927 dralibus,
476 891 573 923 ctiam
600 895 757 934 perpetuo
783 895 938 928 erexerat;
963 899 1039 921 nec-

287 954 353 976 non
372 944 478 976 eidem
500 944 655 977 eeclesiae
683 943 864 979 Terulensi,
889 953 948 985 pro
968 941 1041 974 civi-

289 1001 363 1034 tate,
387 997 474 1030 dicta
494 997 532 1030 de
557 997 681 1036 Terttcl3
705 1002 736 1029 et
760 996 821 1028 alia
851 995 970 1039 oppida
998 1001 1043 1028 at-

288 1061 351 1092 que
381 1050 451 1084 loca
472 1060 652 1092 eorumque
673 1049 849 1087 districtus,
872 1059 930 1092 pro
956 1048 1042 1081 dioc-

289 1103 366 1143 cesi3
389 1114 424 1136 ac
446 1103 610 1144 ccclesias,
638 1113 697 1146 pro
724 1102 824 1139 clero,
849 1108 878 1134 et
900 1102 1043 1134 saecula-

288 1167 339 1189 res
364 1168 520 1200 personas
546 1167 605 1200 pro
631 1156 769 1200 populo;
799 1166 836 1188 ac
866 1155 1037 1191 civitatem,

288 1209 475 1250 dioecesim,
490 1211 613 1243 clerum
640 1221 675 1242 ac
695 1210 853 1253 populum
868 1209 1041 1241 Terulensc

288 1264 473 1297 huiusmodi
490 1276 549 1308 pro
568 1270 714 1307 tempore
734 1263 918 1303 existentes,
934 1264 1041 1306 quoad

288 1318 499 1357 ordinariam,
533 1318 750 1362 episcopalem
785 1317 1041 1350 iurisdictionem

289 1371 1042 1415 etsuperioritatemepiscopoTerulensisubii—

288 1424 414 1465 ciendo,
448 1425 550 1469 ipsam
587 1425 756 1458 ecclesiam
793 1425 902 1457 Ter'ztel
938 1425 1042 1457 dictae

288 1478 443 1511 ecclesiae
463 1478 782 1521 Caesaraugustanae
803 1489 861 1522 pro
886 1478 954 1510 eius
979 1478 1043 1511 sus-

286 1531 439 1574 sraganea
463 1537 678 1565 concesserat.
702 1532 838 1575 Insuper
858 1543 987 1565 mensae
1009 1542 1042 1564 e-

287 1584 637 1629 piscopaliTerulensi,
656 1596 715 1628 pro
736 1585 805 1618 eius
825 1585 1043 1629 dote,supra-

287 1637 373 1671 dicta
389 1643 419 1672 et
435 1638 497 1671 alia
513 1644 591 1671 tunc
605 1638 701 1671 latius
722 1648 883 1681 expressa,
895 1649 912 1671 a
932 1648 1043 1670 mensa

287 1690 555 1736 archiepiscopali
576 1692 885 1734 Caesaraugustam,
904 1692 1043 1725 fabricae

286 1755 361 1777 vero
383 1745 536 1778 ecclesiae
551 1745 746 1786 Terulcnsis‚
770 1745 879 1778 omnia
892 1756 909 1777 a
921 1745 1042 1778 fabrica

287 1797 393 1831 dictae
425 1798 581 1831 ecclesiae
607 1798 923 1841 Caesaraugustanae
953 1809 1044 1841 sepa-

287 1856 368 1891 rata,
395 1852 624 1895 applicaverat.
647 1853 779 1885 Necnon
802 1852 1043 1896 iuspatronatus

288 1910 318 1937 et
342 1905 570 1948 praesentandi
603 1906 634 1938 in
663 1911 857 1949 perpetuum
888 1916 1044 1950 personas

287 1958 420 1991 idoneas
434 1959 472 1991 ad
492 1959 613 1992 dictam
628 1959 799 1992 ecclesiam
815 1960 1040 1999 Terulensmn,

287 2011 417 2055 quoties
437 2023 506 2045 eam
534 2012 794 2056 quomodolibet,
829 2013 926 2046 etiam
957 2012 1042 2056 apud

287 2066 414 2107 Sedem,
435 2077 549 2099 vacare
578 2066 760 2110 contigerit,
790 2066 896 2099 sibiet
916 2077 1043 2099 sucees-

286 2119 414 2153 soribus
439 2120 504 2153 suis
530 2120 684 2154 Romanis
708 2120 922 2153 Pontificibus
946 2131 1041 2163 prae-

286 2172 374 2206 dicto
407 2173 557 2216 Philippo
585 2177 615 2206 et
644 2183 703 2217 pro
730 2178 876 2217 tempore
897 2173 1041 2206 existenti

286 2225 356 2268 regi
384 2226 571 2268 Aragonurn
606 2232 834 2260 reservaverat.
871 2227 1043 2259 Praeterea

287 2278 591 2312 archidiaconatum
613 2281 652 2313 de
675 2280 795 2319 Teruel,
821 2280 913 2313 cuius
933 2280 972 2313 M.
1000 2280 1038 2312 M.

287 2331 382 2373 D.C.‚
398 2343 539 2376 quorum
561 2332 666 2366 maior
683 2343 756 2376 pars
774 2332 806 2364 in
827 2332 912 2366 dicto
933 2333 1042 2366 distri-

287 2390 340 2418 ctu
371 2386 625 2430 percipiebatur,
657 2396 785 2419 necnon
814 2385 1041 2431 archipresby-

287 2445 426 2472 teratum
447 2439 541 2472 etiam
563 2439 601 2472 de
624 2439 744 2480 Tarmel,
766 2439 799 2471 in
817 2439 953 2472 ecclesia
967 2439 1044 2472 Cae-

287 2493 531 2531 saraugustana,
552 2488 608 2531 qui
630 2487 708 2520 inibi
728 2487 893 2530 dignitatis
906 2498 972 2520 non
995 2493 1041 2519 ta-

288 2548 362 2570 men
382 2537 525 2573 maioris,
548 2548 605 2569 seu
626 2536 732 2579 quoad
750 2536 1043 2580 archipresbytera-

289 2592 339 2619 tus
367 2586 510 2619 officium
539 2586 588 2618 vel
611 2585 848 2619 administratio
869 2591 974 2625 erant·,
1001 2586 1039 2618 M.

286 2634 322 2667 D.
351 2635 544 2668 ducatorum
566 2634 636 2667 auri
669 2634 707 2667 de
733 2634 879 2671 Camerti,
906 2633 1041 2673 fructus,

287 2684 410 2718 reditus
442 2689 473 2718 et
505 2690 697 2728 proventus,
735 2683 916 2717 secundum
954 2693 1042 2716 com-

1130 304 1177 328 PP.

1083 368 1213 390 munem
1241 356 1492 393 extimationem,
1523 355 1662 388 valorem
1689 365 1835 387 annuum

1082 421 1146 443 non
1168 410 1376 449 excedebant,
1399 420 1435 441 ex
1453 414 1530 441 tunc
1550 408 1575 441 si
1596 408 1762 446 vacabant,
1786 407 1835 440 sin

1083 464 1199 504 minus,
1211 474 1285 496 cum
1297 463 1439 507 primum
1449 466 1834 505 vacaret]t,suppresserat

1083 522 1113 549 et
1139 517 1329 555 extinxerat,
1357 527 1393 549 ac
1415 516 1447 548 in
1468 515 1552 547 dicta
1577 514 1712 547 ecclesia
1733 514 1835 546 Teru-

1082 570 1175 609 lensi,
1196 570 1291 602 etiam
1310 580 1346 602 ex
1363 575 1451 609 tunc,
1472 579 1573 601 unum
1588 567 1835 600 archidiacona-

1084 628 1150 655 tum
1172 628 1202 655 et
1232 633 1334 655 unum
1361 622 1708 666 archipresbyteratum
1733 620 1765 652 in
1787 620 1835 652 di-

1082 675 1221 718 gnitates
1235 676 1337 709 dictae
1358 676 1512 709 ccclesiae
1525 674 1708 708 Terulensis
1720 684 1837 718 perpe-

1084 734 1139 761 tuo
1157 735 1315 768 erexerat,
1335 736 1362 762 ct
1390 729 1524 762 cuilibet
1541 728 1685 767 illorum,
1706 737 1765 771 pro
1780 737 1835 760 eo-

1084 793 1155 814 rum
1175 783 1262 818 dote,
1290 782 1486 825 quingentos
1503 783 1637 815 ducatos
1654 792 1783 814 annuos
1800 791 1834 813 ex

1084 835 1245 867 fructibus
1262 835 1559 873 archidiaconatus,
1591 835 1647 878 qui
1674 835 1706 867 in
1725 834 1836 867 distri-

1084 894 1135 921 ctu
1172 889 1282 921 Terncl
1314 889 1584 932 percipiebantur
1604 889 1783 927 dumtaxat,
1807 893 1838 919 et

1083 941 1417 985 arcltiprcsbyteratus
1448 952 1698 985 suppresserunt
1724 941 1838 974 huius-

1085 995 1172 1027 modi
1192 995 1394 1031 dividendos
1417 995 1638 1038 applicawat
1664 1001 1695 1027 et
1717 1005 1838 1038 appro-

1085 1049 1261 1092 priavcrat;
1283 1049 1429 1091 reliquos
1451 1059 1527 1081 vero
1554 1049 1696 1088 fructus,
1717 1048 1840 1080 reditus

1084 1108 1115 1135 et,
1141 1109 1320 1146 proventus
1340 1113 1375 1135 ac
1396 1102 1482 1135 bona
1501 1101 1578 1134 dicti
1594 1101 1841 1134 archidiacona—

1086 1161 1137 1188 tus
1151 1156 1330 1200 suppressi,
1342 1156 1398 1199 qui
1413 1160 1501 1187 extra
1513 1155 1637 1187 dictum
1653 1155 1838 1187 districtum

1085 1215 1176 1243 erant
1198 1220 1253 1242 seu
1271 1210 1553 1254 percipiebantur,
1576 1209 1717 1241 fabricae
1735 1208 1839 1241 dictae

1085 1263 1243 1295 ecclesiae
1264 1262 1585 1305 caesaraugustanae
1605 1262 1838 1305 applicaverat.

1084 1317 1195 1349 volens
1213 1317 1300 1360 quod
1321 1328 1355 1349 ex
1376 1323 1454 1350 tunc
1475 1316 1596 1349 fabrica
1614 1316 1718 1348 dictae
1740 1315 1841 1348 ecele-

1085 1369 1149 1402 siae
1165 1370 1483 1412 Caesaraugustanac
1499 1375 1665 1402 teneretur
1676 1369 1714 1401 ad
1730 1368 1840 1400 omnia

1085 1434 1185 1456 onera
1206 1424 1284 1456 dicti
1304 1423 1605 1462 archidiac-enatus,
1628 1423 1654 1455 si
1675 1423 1727 1454 ille
1749 1422 1787 1454 ad
1809 1433 1841 1454 a-

1087 1477 1174 1520 liqua
1190 1477 1221 1509 in
1244 1477 1529 1516 ecclc·sia,(:ix‘itate
1548 1482 1577 1509 ct
1601 1476 1743 1508 dioecesi
1761 1476 1839 1508 Cae-

1085 1537 1320 1574 saraugustana
1351 1536 1444 1563 antea
1479 1530 1661 1567 tenebatur,
1696 1539 1840 1571 congrue

1085 1585 1286 1617 sustinenda.
1310 1584 1481 1616 Praettj=rca
1502 1594 1518 1615 a
1540 1583 1788 1615 canonicatibus
1811 1588 1839 1614 ct

1086 1638 1283 1681 praebendis
1303 1637 1398 1670 dicta=
1410 1637 1554 1669 ecclesiae
1566 1636 1750 1669 'l'erulensis
1768 1646 1838 1668 om-

1086 1691 1139 1723 nia
1158 1697 1186 1723 et
1201 1691 1329 1733 singula
1350 1691 1487 1729 fructus,
1501 1689 1638 1729 reditus,
1653 1694 1839 1732 proventu&

1087 1744 1171 1781 iura,
1190 1744 1404 1776 obventiones
1425 1749 1454 1775 et
1476 1744 1699 1775 emolumenta
1724 1753 1761 1774 ac
1788 1742 1839 1774 di-

1085 1798 1299 1830 stributiones
1317 1796 1527 1840 quotidianas
1545 1807 1581 1828 ex
1604 1802 1692 1836 tunc„
1726 1795 1751 1828 si
1778 1795 1838 1838 ipsi

1086 1851 1299 1883 canonicatus
1317 1856 1345 1883 et
1370 1850 1574 1893 praebendae
1594 1855 1766 1885 vacarent:
1789 1849 1839 1882 sin

1085 1904 1206 1943 minus,
1227 1915 1300 1936 cum
1323 1904 1466 1946 primum
1492 1909 1670 1943 vacassent,
1690 1903 1840 1935 dismem-

1085 1959 1244 1994 braverat,
1266 1969 1301 1990 ac
1322 1958 1393 1990 illos
1411 1957 1516 1989 cidem
1545 1967 1667 1988 massae
1693 1956 1838 2000 applica-

1085 2018 1183 2045 verat.
1216 2012 1258 2043 Ac
1281 2011 1435 2054 insuper,
1459 2011 1545 2042 ultra
1569 2009 1782 2042 canonicatus
1810 2014 1836 2041 et

1085 2065 1302 2109 praebendas,
1320 2064 1376 2107 qui
1400 2069 1477 2096 tunc
1496 2069 1589 2096 erant
1615 2063 1716 2106 ipsius
1733 2063 1838 2095 eccle-

1085 2118 1139 2151 size
1152 2117 1349 2157 Terulensis,
1369 2116 1480 2149 decem
1494 2116 1575 2149 alios
1586 2116 1797 2149 canonicatus
1808 2121 1839 2148 et

1085 2171 1219 2213 totidem
1261 2170 1461 2214 praebendas
1494 2170 1526 2203 in
1556 2170 1668 2203 eadem
1702 2169 1837 2202 ecclesia

1084 2225 1271 2263 '1¹e1‘ulense,
1282 2234 1420 2267 quarum
1432 2223 1684 2267 praebendarum
1695 2233 1760 2255 una
1773 2233 1839 2254 ma-

1085 2277 1187 2319 gistro
1210 2277 1241 2309 in
1272 2276 1447 2319 theologia,
1479 2276 1541 2308 alia
1569 2275 1835 2320 poenitentiario,

1086 2331 1175 2364 iuxta
1195 2331 1325 2364 decreta
1355 2329 1484 2363 concilii
1506 2329 1703 2369 Tridentini,
1726 2334 1839 2373 quate‘

1085 2395 1146 2416 nus
1167 2384 1314 2416 nondum
1341 2383 1497 2425 magistro
1530 2388 1561 2416 et
1583 2382 1838 2426 poenitentiario

1085 2437 1262 2481 praedictis
1294 2437 1448 2481 propriae
1474 2437 1555 2469 inihi
1583 2437 1763 2479 assignatae
1791 2446 1838 2468 es-

1085 2492 1152 2520 sent
1177 2486 1390 2528 praebendae,
1416 2493 1577 2530 perpetuo
1601 2485 1758 2528 assignari
1780 2485 1836 2518 de-

1084 2537 1211 2575 berent,
1244 2536 1340 2568 etiam
1368 2541 1529 2580 perpetuo
1553 2541 1697 2568 erexerat
1729 2540 1758 2566 et
1791 2534 1837 2566 in-

1084 2585 1244 2623 stituera13
1267 2585 1377 2617 volens
1402 2584 1491 2627 quod
1515 2595 1551 2616 ex
1572 2589 1650 2616 tunc
1673 2582 1836 2615 archidia-

1085 2638 1221 2667 conatus
1250 2638 1280 2666 et
1307 2632 1642 2676 archipresbyteratus
1663 2642 1699 2663 ac.
1725 2631 1836 2662 decem

1086 2682 1299 2716 canonicatus
1331 2692 1367 2715 ac
1392 2681 1596 2725 praebendae
1626 2686 1703 2713 tunc
1722 2678 1835 2719 erecti,

1727 289 1789 326 0287
1849 300 1901 329 An.
1919 301 1947 329 c.
1967 297 2032 329 1587

1897 2024 2038 2044 canonicatus

1855 2057 1969 2082 iusuperet
1978 2061 2037 2082 prino-

1854 2086 1933 2106 headan
1953 2091 2018 2107 erem
2025 2097 2036 2099 -

1854 2120 1893 2136 rat.
