2226 3070
223 265 276 293 An.
293 265 322 293 C.
341 265 408 293 1588

238 1189 328 1210 loannes
337 1190 407 1215 Augu-

313 1221 409 1240 Arioi-nus

224 1252 285 1273 etalii
300 1252 408 1278 quamdam

224 1283 351 1303 clericorum
361 1288 409 1303 con·

224 1315 368 1339 gregaiiouem
381 1315 410 1333 in-

223 1222 291 1241 sunus

225 1346 346 1369 stituerunt,
367 1349 409 1364 re—

225 1375 319 1400 gularem
345 1376 408 1395 viu-m

225 1407 244 1426 iu
261 1408 368 1427 continuis
384 1412 408 1426 0—

225 1438 342 1458 rationibus
353 1441 373 1457 et
384 1444 409 1457 a—

223 1468 259 1489 ltis
274 1470 315 1495 pits
330 1469 408 1495 operi-

225 1499 262 1520 bus
277 1500 381 1521 ducendo*

468 255 488 288 6
1020 262 1197 286 mmmmm!
1221 261 1372 286 ROMANUM
1982 259 2034 287 An.
2051 259 2080 287 C.
2094 259 2162 288 1588

423 318 542 350 lutares
566 328 648 360 quos
675 328 710 350 ex
741 325 953 360 personarum
980 315 1022 347 ibi
1051 315 1170 356 degen-

422 371 501 403 tium
522 371 643 404 devotis·
670 376 701 403 et
730 369 892 403 continuis
912 368 1075 412 precibus,
1097 377 1170 399 eum

421 423 501 457 vitae
526 424 686 468 probitate
716 429 747 456 et
780 422 946 455 sanctitate
976 420 1170 461 coniunctis,

422 488 590 521 provenire
616 486 854 519 cognoscimus,
882 483 1067 507 accrescere
1092 484 1173 506 sem-

422 541 480 574 per
499 541 536 563 ex
560 530 668 563 auimo
689 529 918 568 desiderantes,
946 537 1010 570 quo
1031 527 1174 560 Ecclesia

421 584 501 616 llaec
528 583 671 623 visibilis,
699 593 782 625 quae
811 586 923 614 contra
943 581 1060 614 barum
1084 586 1174 614 tene-

422 639 554 670 brarum
580 636 745 680 principes
778 640 807 667 et
842 640 985 667 rectores
1014 639 1174 678 perpetuo

423 690 554 730 militat,
575 690 672 722 huius
698 687 811 721 mundi
837 687 991 731 nequitiis
1019 693 1050 720 et
1073 687 1174 720 hosti-

423 743 506 775 libus
524 742 649 775 insidiis
679 741 806 775 sacilius
826 741 988 781 resistere,
1010 746 1041 774 et
1065 741 1175 774 morti-

423 798 488 829 fera
510 796 572 828 tela
593 796 785 839 propulsare
812 800 922 837 queat,
944 795 1090 828 fidelium
1102 801 1175 828 vota

422 849 496 882 inid
511 849 618 893 ipsum
635 849 799 882 tendentia
811 849 849 881 ad
871 848 1086 882 exauditionis
1102 859 1175 891 gra-

422 903 496 935 tiam
522 903 662 936 libenter
686 902 907 942 admittimus,
933 902 1062 946 illisque
1092 902 1176 935 savo-

423 966 489 988 rem
510 956 726 999 apostolieum
751 956 971 1000 impartimur,
991 962 1085 1000 prout
1108 955 1177 1000 ipsa

421 1009 572 1043 videntur
596 1020 782 1053 exposcere,
809 1015 840 1042 et
867 1020 925 1042 nos
957 1009 1177 1054 conspicimus

422 1063 454 1095 in
471 1062 609 1096 Domino
629 1063 802 1096 salubriter
819 1062 982 1107 expedire.

466 1116 481 1159 g
506 1116 536 1149 l.
565 1116 647 1149 Sane
671 1127 730 1160 pro
760 1122 850 1160 parte
881 1116 1074 1149 dilectorum
1096 1115 1177 1149 filio-

424 1181 496 1203 rum
516 1170 644 1203 Ioannis
664 1170 834 1213 Augustini
855 1170 975 1203 Adorni
997 1170 1176 1214 presbyteri

425 1223 592 1257 lanuensis
612 1230 643 1256 et
662 1224 827 1257 sociorum
847 1224 939 1256 nobis
960 1223 1102 1257 exhibita
1122 1235 1179 1267 pe-

425 1277 493 1310 titio
511 1276 698 1310 continebat
716 1277 803 1320 quod
820 1277 1038 1321 ipsipluribus
1050 1277 1177 1310 abhinc

424 1331 529 1370 annis,
550 1336 715 1374 tamquam
745 1330 854 1363 divino
881 1332 990 1363 asslatu
1016 1330 1175 1375 inspirati,

424 1384 464 1416 ad
489 1384 722 1428 omnipotentis
741 1384 795 1417 Dei
825 1385 960 1427 gloriam
993 1390 1021 1417 et
1052 1384 1177 1417 anima-

425 1448 497 1469 rum
518 1438 667 1475 salutem,
681 1448 778 1470 unam
795 1437 1058 1482 presbyterorum
1071 1443 1100 1470 et
1112 1438 1178 1470 cle-

425 1490 568 1523 ricorum
590 1491 789 1534 regularium
821 1491 1107 1536 congregationem
1129 1491 1177 1524 in-

425 1544 571 1585 stituere,
593 1555 630 1578 ac
652 1550 685 1577 ut
714 1556 788 1577 eum
810 1545 925 1578 maiori
947 1545 1047 1577 animi
1068 1545 1177 1588 quiete

424 1598 487 1630 Deo
508 1598 627 1632 servire
652 1604 683 1631 et
702 1598 749 1631 llli
776 1598 877 1642 magis
898 1598 1077 1631 adhaerere
1104 1609 1178 1642 pos-

425 1651 507 1691 sint,
538 1652 600 1684 tria
631 1652 855 1685 substantialia
885 1652 1055 1695 religiosae
1084 1653 1177 1693 vitae,

427 1705 627 1749 paupertatis
648 1705 782 1745 seilicet,
805 1705 961 1738 eastitatis
981 1711 1008 1737 et
1024 1706 1178 1739 obedien-

428 1758 488 1791 tiae
509 1764 591 1806 vota,
613 1758 772 1798 emittere,
794 1769 831 1791 ac
851 1759 910 1791 sub
926 1759 1021 1791 solito
1040 1765 1067 1791 et
1090 1770 1178 1792 eom-

427 1811 516 1844 muni
536 1812 647 1845 babitu
669 1812 811 1844 clericali
827 1812 970 1845 inunum
984 1813 1178 1854 habitantes,

426 1871 456 1897 et.
477 1865 509 1897 in
530 1865 698 1898 communi
724 1876 760 1898 ac
780 1866 818 1898 de
840 1866 1006 1898 communi
1027 1866 1179 1907 viventes,

426 1929 553 1952 necnon
579 1919 643 1952 Deo
672 1919 841 1952 humiliter
870 1925 900 1953 et
926 1920 1049 1960 devote,
1076 1931 1179 1964 quan-

428 1979 495 2006 tum
521 1973 590 2017 lpse
616 1973 754 2013 dederit,
781 1973 968 2013 servientes,
990 1974 1051 2006 sub
1071 1980 1178 2007 nostra

427 2032 458 2059 ct
485 2027 689 2070 Apostolicae
719 2027 809 2059 Sedis
848 2026 1034 2059 immediata
1073 2027 1180 2061 subie—

428 2080 534 2113 ctione
555 2085 585 2113 et
609 2080 740 2124 speciali
759 2081 975 2124 protectione,
996 2081 1180 2124 regularem

428 2133 524 2166 vitam
556 2133 696 2174 ducere,
728 2145 763 2166 ae
789 2134 953 2167 continuis
982 2134 1182 2169 orationibus

429 2187 714 2230 spirssualimmme
747 2198 883 2231 operum
919 2188 1072 2221 exercitio
1099 2195 1128 2221 et
1153 2200 1183 2221 a·

429 2251 523 2284 spera
543 2241 650 2273 carnis
679 2241 909 2282 mai-eratione,
933 2243 971 2274 ad
993 2253 1126 2275 suarum
1148 2254 1181 2275 a-

431 2294 615 2337 liorumque
636 2295 898 2328 christifidelium
927 2296 1110 2329 animarum
1136 2307 1183 2329 sa-

430 2348 531 2381 lutem
553 2354 584 2381 et
604 2349 799 2392 profectum,
822 2359 935 2382 vacare
955 2350 1180 2382 decreverunt.

475 2402 489 2445 ᾖ
515 2401 544 2434 2.
572 2402 676 2441 Quare
696 2403 789 2435 nobis
814 2403 981 2436 humiliter
1006 2403 1183 2446 supplicari

232 2450 578 2511 mvsplqeproap·fecerunt
611 2457 770 2493 quatenus
799 2461 912 2484 eorum
943 2452 997 2495 pio
1024 2452 1184 2485 desiderio

232 2498 269 2518 pro
287 2499 297 2512 a
310 2498 359 2512 ione
369 2498 415 2518 sup-

232 2523 350 2549 plicui-unu

430 2499 617 2532 huiusmodi
637 2510 793 2539 annuere;
817 2501 961 2544 aliasque
982 2501 1013 2533 in
1030 2501 1185 2544 praemis-

431 2548 474 2581 sis
493 2554 677 2592 opportune
695 2549 866 2592 providere
886 2550 925 2582 de
945 2549 1142 2592 benignitate
1156 2561 1185 2583 a-

431 2597 587 2640 postolica
611 2598 832 2641 dignaremur.

477 2646 491 2690 g
516 2645 548 2680 3
574 2647 638 2681 Nos
670 2646 769 2691 igitur
794 2648 947 2681 Ioannem
968 2648 1184 2691 Augustinum

1214 320 1242 346 et
1265 313 1369 347 socios
1392 312 1575 356 praedictos
1599 323 1636 344 ac
1655 322 1770 346 eorum
1790 314 1969 358 quemlibet
1995 321 2036 356 013³
2051 321 2169 347 d-consre·

1214 378 1232 399 a
1251 366 1415 409 quibusvis
1445 365 1802 406 excommunicationis,
1834 378 1969 411 suspen·
1982 355 2168 410 ξῗὲιῗξιωειᾞ

1215 418 1313 452 sionis
1338 425 1368 452 et
1392 418 1554 452 interdicti
1580 418 1716 462 aliisque
1744 419 1969 454 ecclesiasticis
1983 414 2171 471 ζζζζῧξζῇζψξζζῖ

1216 472 1394 511 sententiis,
1418 472 1564 505 censuris
1590 478 1618 505 et
1642 472 1767 516 poenis,
1794 483 1812 505 a
1832 472 1902 506 iure
1921 475 1969 507 vel
1984 477 2051 497 ’ΜΒ

1215 528 1255 560 ab
1283 527 1428 567 homine,
1455 527 1566 571 quavis
1595 526 1766 560 occasione
1795 528 1844 560 vel
1874 538 1972 561 eausa

1215 581 1300 622 latis,
1313 581 1338 614 si
1356 581 1477 625 quibus
1490 580 1738 624 quomodolibet
1749 580 1896 614 innodati
1908 581 1973 614 exi-

1217 640 1316 675 stunt,
1339 635 1379 667 ad
1400 634 1551 667 effectum
1572 634 1793 678 praesentium
1806 634 1973 667 dumtaxat

1217 688 1496 731 consequendum,
1526 688 1642 721 harum
1663 688 1746 721 serie
1773 688 1973 722 absolventes

1218 747 1248 774 et
1277 742 1443 775 absolutos
1472 742 1540 774 sore
1570 747 1758 781 censentes,
1784 741 1971 775 huiusmodi

1217 794 1511 839 supplicationibus
1530 794 1688 835 inclinati,
1711 805 1810 828 unam
1835 805 1970 838 congre-

1217 848 1380 891 gationem
1393 849 1575 891 regularem
1588 848 1851 893 presbyterorum
1864 854 1895 882 et
1906 849 1972 882 cle-

1218 901 1362 934 ricorum
1383 901 1584 944 regularium
1606 901 1766 934 lilinorum
1782 912 1973 946 nuncupan-

1219 954 1345 994 dorum,
1376 965 1434 998 per
1458 965 1561 987 unum
1593 954 1817 998 praepositum
1837 966 1972 1001 genera-

1219 1008 1293 1047 lem,
1323 1007 1380 1050 qui
1404 1007 1573 1051 presbyter
1602 1018 1683 1048 esse,
1716 1012 1748 1041 et
1776 1007 1837 1041 hac
1867 1008 1975 1052 prima

1219 1060 1287 1094 vice
1308 1072 1366 1104 per
1390 1061 1543 1094 Ioannem
1564 1061 1782 1104 Augustinum
1805 1066 1836 1094 et
1871 1061 1975 1095 socios

1219 1114 1413 1158 praedictos,
1438 1115 1486 1147 vel
1512 1125 1626 1148 eorum
1652 1114 1809 1148 maiorem
1834 1120 1973 1159 partem,

1220 1173 1392 1213 postquam
1403 1167 1638 1212 professionem
1649 1168 1827 1209 emiserint,
1842 1174 1873 1202 et
1885 1169 1975 1202 dein—

1220 1232 1295 1266 ceps
1324 1222 1443 1254 suturis
1472 1221 1674 1265 temporibus
1704 1232 1762 1265 per
1794 1221 1974 1266 capitulum

1219 1276 1370 1318 generale
1397 1275 1502 1309 dictae
1527 1275 1800 1318 congregationi&
1826 1286 1885 1319 per
1910 1286 1976 1309 ma-

1220 1330 1321 1362 iorem
1344 1334 1467 1373 partem
1489 1330 1733 1373 suffragiorum,
1760 1329 1800 1362 ad
1823 1329 1920 1363 vitam
1941 1340 1975 1364 e—

1220 1383 1275 1425 ligi
1296 1383 1423 1423 debeat,
1451 1383 1628 1426 regendam
1658 1389 1686 1416 et
1716 1383 1973 1425 gubernandam,

1220 1437 1260 1469 ad
1296 1442 1442 1469 nostrum
1473 1442 1504 1469 et
1528 1436 1618 1470 Sedis
1648 1436 1852 1480 Apostolicae
1878 1437 1977 1471 bene-

1220 1490 1388 1533 placitum,
1419 1490 1609 1523 auctoritate
1639 1490 1828 1534 apostoliea,
1863 1495 1977 1524 tenore

1221 1543 1453 1586 praesentium,
1468 1543 1687 1587 permittimus
1707 1552 1739 1576 et
1755 1543 1975 1586 indulgemus,

1222 1597 1377 1640 illamque
1397 1597 1457 1630 sub
1477 1597 1511 1630 B.
1530 1597 1613 1629 Petri
1636 1608 1673 1630 ac
1690 1602 1801 1630 nostra
1824 1602 1855 1630 et
1872 1597 1977 1631 dictae

1221 1650 1311 1683 Sedis
1341 1651 1526 1683 immediata
1556 1651 1758 1685 subiectione
1787 1655 1818 1684 et
1843 1651 1976 1695 speciali

1222 1704 1423 1748 protectione
1443 1704 1630 1747 recipimus.

1266 1758 1280 1801 ξ
1304 1757 1336 1790 4.
1365 1758 1496 1791 Necnon
1517 1757 1621 1790 eidem
1644 1757 1900 1801 congregationi,
1929 1762 1975 1798 ut,
2019 1767 2101 1803 suanm
2119 1772 2178 1803 cop-

1222 1822 1281 1855 pro
1309 1811 1394 1844 illius
1421 1822 1456 1843 ac
1488 1810 1714 1851 eeclesiarum,
1747 1811 1921 1844 domorum
1947 1816 1978 1844 et
1993 1797 2179 1855 ῗξὲῑᾙῑξὲομξᾞῗ

1223 1875 1437 1909 personarum
1460 1864 1582 1897 salubri
1612 1870 1695 1897 statu
1727 1870 1758 1897 et
1784 1864 1975 1906 directione,
1994 1863 2058 1913 ἑῖξθω
2091 1866 2178 1881 ⁰⁰⁰⁰⁰“

1222 1929 1450 1962 quaecumque
1471 1924 1588 1951 statuta
1609 1924 1640 1951 et
1651 1918 1872 1951 ordinationes
1884 1919 1980 1952 ratio-

1224 1971 1343 2004 nabilia
1364 1977 1395 2005 et
1414 1972 1551 2005 honesta
1572 1982 1608 2004 ae
1625 1971 1723 2004 sacris
1748 1972 1930 2005 canonibus
1949 1977 1980 2006 et

1224 2025 1354 2058 concilii
1374 2022 1553 2059 Tridentini
1575 2025 1712 2058 decretis
1725 2035 1790 2058 non
1803 2025 1977 2067 contraria,

1225 2090 1282 2123 per
1302 2079 1418 2112 Sedem
1430 2079 1648 2123 Apostolicam
1662 2079 1886 2123 approbanda,
1900 2090 1980 2113 con-

1224 2133 1300 2165 dere
1332 2139 1362 2165 et
1396 2134 1521 2173 facere,
1553 2132 1674 2175 illaque
1703 2143 1763 2176 pro
1794 2138 1978 2176 temporum

1225 2186 1392 2230 qualitate,
1428 2198 1464 2219 ac
1494 2191 1591 2230 prout
1620 2186 1770 2230 expedire
1803 2186 1978 2228 videbitur,

1226 2246 1351 2273 mutare
1381 2246 1412 2273 et
1438 2239 1470 2273 in
1496 2245 1599 2273 totum
1628 2240 1754 2281 tollere,
1783 2239 1912 2283 aliaque
1940 2240 1980 2273 de

1226 2304 1308 2327 novo
1329 2293 1482 2327 condere.

1270 2348 1285 2391 ξ
1310 2347 1340 2379 5.
1379 2346 1574 2390 Eisdemque
1600 2345 1712 2378 Ioanni
1745 2345 1926 2388 Augustino
1950 2350 1982 2379 et
1995 2348 2181 2400 ωἶζξζέξὲῃζᾛ

1227 2401 1334 2442 sociis,
1361 2411 1398 2434 ac
1423 2400 1557 2433 cuilibet
1581 2400 1738 2443 ipsorum,
1764 2405 1799 2432 ut
1818 2399 1879 2432 tria
1904 2398 1979 2433 sub·
1995 2410 2102 2431 mittendi.

1227 2450 1388 2483 stantialia
1416 2449 1586 2492 religiosae
1606 2449 1700 2488 vitae,
1723 2454 1759 2481 ut
1782 2449 1979 2490 praefertur,

1228 2498 1438 2542 paupertatis,
1462 2497 1613 2530 eastitatis
1634 2503 1665 2530 et
1685 2497 1889 2530 obedientiae
1908 2502 1982 2529 vota

1227 2548 1358 2592 publice
1380 2547 1411 2579 iu
1433 2547 1669 2589 cuiuscumque
1690 2545 1983 2590 archiepiscopi‚e-

1228 2597 1352 2640 piscopi
1372 2597 1420 2629 vel
1437 2595 1547 2629 vicarii
1564 2596 1595 2628 in
1608 2612 1612 2627 ς
1624 2595 1834 2639 piritualibus
1844 2605 1981 2638 genera-

1228 2647 1265 2680 lis
1285 2645 1445 2687 manibus,
1469 2645 1669 2679 coniunctim
1690 2645 1738 2679 vel
1759 2644 1897 2687 divisim,
1916 2649 1982 2678 tam
