2226 3070
167 281 220 310 An.
238 282 265 311 C.
285 281 352 310 ¹588

208 1130 326 1151 Eunt-tium.

211 1348 222 1360 Δ
240 1348 260 1359 κη
290 1346 348 1360 rnn-

167 1372 272 1392 cessionis

411 271 476 305 320

680 342 799 375 xxxii.

370 405 559 448 Indulqelm·
578 405 651 438 claci
671 409 699 437 et
723 403 990 446 yuberuatorilms
1014 402 1120 444 reipu-

410 459 510 491 micae
535 458 712 492 Gennensis
741 462 773 489 ut
800 456 984 489 triremium
1011 456 1118 499 rez'pu-
1140 484 1142 494 ,

410 512 510 545 blictae
531 512 718 555 praedictae
737 511 903 553 capitanei
931 510 1052 551 aliique
1076 510 1121 541 eis

409 566 627 608 praesidentes
651 575 759 597 coram
789 564 1028 607 archiepiscopo
1061 564 1119 596 Gr-

413 621 527 653 nuensae'
557 624 702 659 tainum,
727 624 754 652 el
772 624 843 662 post
856 630 964 651 eorum
985 619 1027 651 ‹rd-
1043 630 1119 662 por-

413 679 477 705 lum
496 674 694 706 Genuensem
703 683 861 705 acressnm
873 673 1119 714 courem'ripos-

411 728 453 759 sit
472 737 566 769 snper
584 727 733 770 captione
745 737 865 763 eorum,
886 727 941 769 qni
958 727 991 759 in
1008 726 1120 758 adulta

411 784 516 812 aetate
526 781 618 823 fidem
632 780 852 813 clm—isthmum
871 781 1074 823 abnequrnnl
1096 779 1118 811 ¹.

411 848 525 876 nitentis
544 847 609 876 filiis
630 847 715 876 nobili
729 848 788 876 viro
801 850 831 877 et
845 848 1076 883 gubernatoribus

574 902 739 937 reipublicae
769 902 919 931 Ianuensis.

632 956 728 984 sixtus
747 956 817 991 Papa
836 957 856 985 V

383 1009 480 1038 Dilecti
493 1009 554 1042 filii,
570 1010 691 1038 salutem
706 1012 733 1039 et
745 1011 865 1046 apostol.
880 1011 1107 1041 benedictionem.

409 1067 552 1100 Eximiae
584 1068 764 1102 devotionis
789 1069 942 1107 affectus,
970 1080 1035 1112 quo
1064 1080 1122 1102 nos

366 1127 393 1153 et
407 1121 583 1154 Romanam
598 1123 832 1166 prosequimini
846 1123 1035 1163 Ecclesiam,
1048 1134 1122 1167 pro-

367 1180 510 1208 meretur
531 1181 565 1208 ut.
586 1175 799 1220 petitionibus
818 1176 941 1214 vestris,
962 1183 1120 1220 quantum

366 1240 439 1262 cum
460 1229 525 1262 Deo
546 1240 729 1273 possumus,
761 1230 901 1263 libenter
924 1241 1118 1263 annuamus.

410 1282 425 1324 ᾗ
450 1282 480 1315 1.
495 1283 641 1315 Exliibita
658 1283 816 1326 siquidem
833 1284 927 1316 nobis
944 1295 1050 1328 nuper
1063 1295 1122 1328 pro

367 1341 455 1380 parte
477 1343 578 1369 vestra
599 1337 712 1380 petitio
731 1337 919 1370 continebat
948 1338 1034 1380 quod
1064 1339 1121 1370 tri-

367 1390 521 1430 remibus,
535 1401 616 1433 quas
629 1391 667 1423 ad
684 1397 808 1423 vestrae
827 1397 923 1435 atque
938 1392 1018 1424 adeo
1036 1391 1123 1424 cliri-

367 1444 488 1476 stiauae
509 1443 709 1487 reipublicae
738 1444 960 1477 defensionem
987 1450 1014 1477 et
1044 1456 1122 1478 con-

367 1498 580 1530 servationem
597 1497 781 1539 ingentibus
797 1497 953 1542 impensis
966 1499 1077 1532 vestris
1091 1500 1121 1531 iu

369 1551 447 1583 mari
473 1551 628 1584 continuo
646 1557 858 1585 manutenere
872 1553 992 1593 soletis,
1016 1553 1122 1596 ipsum

369 1616 456 1638 mare
481 1605 760 1649 perrurreutibus,
785 1607 978 1650 plerumque
999 1609 1124 1639 contin-

369 1659 411 1699 git
433 1660 615 1701 generalem
638 1670 692 1692 seu
715 1659 903 1703 capitaneos
927 1666 958 1693 et
987 1660 1066 1693 alios
1092 1661 1123 1693 in

369 1713 488 1746 eisdem
511 1713 698 1747 triremibus
718 1714 899 1754 existentes,
923 1714 1073 1747 triremes
1094 1720 1123 1747 et

369 1778 425 1799 seu
446 1767 507 1800 alia
527 1768 704 1800 Turcarum
738 1768 862 1811 navigia
889 1779 1004 1812 capere
1033 1775 1123 1812 pote-

370 1821 507 1865 statique
528 1832 604 1854 suae
625 1821 808 1861 subiicere;
831 1821 862 1854 in
884 1822 929 1854 eis
949 1833 1024 1855 vero
1046 1833 1126 1855 non-

369 1875 450 1907 nulli
471 1876 668 1919 quandoque
690 1875 911 1918 reperiuntur,
934 1876 989 1919 qui
1010 1877 1049 1908 ab
1067 1877 1125 1909 eis-

369 1929 441 1960 ‹lem
452 1929 564 1961 Turris
578 1935 671 1962 antea
683 1929 780 1973 eapti,
801 1929 875 1962 etin
893 1929 1001 1962 adulta
1023 1936 1124 1963 aetate

370 1982 465 2014 tidem
496 1982 633 2023 Christi,
670 1994 768 2026 quam
800 1983 933 2027 professi
975 1984 1123 2023 fuerant,

369 2036 584 2079 abnegarunt,
604 2047 686 2080 quos
698 2037 914 2081 proptereaiu
932 2037 1054 2070 eisdem
1070 2038 1126 2070 tri-

372 2090 515 2123 remibus
534 2090 646 2123 vestris
663 2091 822 2134 remigare
844 2091 971 2133 cogitis;
994 2091 1050 2124 ubi
1068 2103 1125 2124 au-

372 2150 434 2175 tem
451 2143 554 2177 dictae
576 2144 723 2177 triremes
742 2149 865 2177 vestrae
887 2144 925 2177 ad
940 2145 1009 2177 loca
1030 2145 1125 2177 ditio-

372 2197 421 2228 nis
447 2197 639 2230 ‹tii-isiianae
661 2198 756 2230 etiam
783 2197 963 2230 dominium
985 2204 1124 2231 vestrum

373 2251 555 2294 appellunt,
583 2251 641 2294 ipsi
660 2262 676 2283 a
698 2252 751 2283 tali
773 2252 937 2292 servitute,
958 2258 1125 2296 praetextu

373 2304 459 2347 quod
474 2305 535 2337 sint
553 2305 717 2338 christiani
739 2312 767 2338 et
789 2306 1124 2349 aliasquoquomodo,

374 2357 468 2389 etiam
481 2358 569 2390 vobis
581 2358 698 2397 invitis,
714 2359 846 2392 liberari
858 2360 1036 2403 cupientes,
1059 2371 1127 2394 sese

376 2410 473 2443 iudici
500 2412 718 2445 ecclesiastico
744 2413 790 2445 vel
816 2413 999 2456 inquisitori
1030 2424 1128 2457 super

375 2463 538 2497 haeretica
558 2465 713 2508 pravitate
739 2466 890 2509 deputato
913 2467 992 2499 tradi
1015 2467 1127 2499 conni-

377 2523 490 2550 tuntur
509 2530 545 2551 ac
578 2526 767 2563 procurant,
802 2521 833 2552 in
864 2532 928 2554 non
962 2521 1126 2554 modicum

376 2572 529 2604 damnum
555 2572 755 2616 reipublicae
781 2580 902 2606 vestrae
931 2575 1127 2618 praedictae,

377 2631 472 2668 ¹itque
493 2626 590 2659 etiam
611 2626 755 2670 ipsarum
781 2627 961 2660 triremium
983 2629 1006 2660 si
1031 2628 1127 2660 remi-

412 2681 424 2706 t
448 2678 489 2707 Ex
504 2679 615 2714 Regest.
634 2680 661 2707 in
677 2679 782 2707 Sem-et.
804 2680 950 2708 Brevium,

957 278 1138 303 BULLARIUM
1165 279 1317 302 ROMANUM

1927 277 1981 304 An.
1997 276 2025 304 C.
2046 276 2114 304 ¹588

1161 330 1311 374 gantibus
1331 330 1547 363 destituantur
1571 330 1822 365 amittendarum
1847 332 1912 365 evi-

1162 384 1241 417 dens
1262 383 1457 426 periculum.

1205 437 1219 480 ἓ
1239 436 1270 469 ⁶2.
1302 436 1407 475 Quare
1427 448 1487 481 pro
1508 444 1598 481 parte
1618 443 1723 470 vestra
1743 439 1835 471 nobis
1855 439 1915 471 suit

1162 491 1329 524 humiliter
1345 492 1563 535 supplicatum
1578 498 1738 535 quatenus
1758 493 1914 536 praernis-

1163 545 1204 577 sis
1224 545 1355 578 obviare
1382 551 1412 578 et
1442 546 1521 578 alias
1541 552 1725 589 opportune
1746 545 1916 589 providere

1163 599 1201 631 de
1211 598 1411 641 benignitate
1423 599 1601 643 apostolica
1617 599 1840 642 dignaremur.
1854 599 1917 632 Nos

1163 652 1270 693 igitur,
1294 653 1438 685 volentes
1461 664 1515 686 vos
1542 653 1736 696 specialibus
1757 653 1919 686 favoribus

1163 713 1190 739 et
1214 707 1326 749 «gratiis
1350 706 1514 750 prosequi,
1541 706 1729 740 huiusmodi
1752 707 1918 751 supplica-

1163 760 1303 793 tionibus
1324 760 1482 800 inclinati,
1505 760 1593 793 vobis
1619 761 1707 804 quod
1733 761 1916 794 triremium

1164 814 1364 858 reipublicae
1384 820 1506 848 vestrae
1527 815 1686 858 capitanei
1704 814 1767 848 sive
1787 825 1920 858 genera-

1164 868 1201 900 lis
1222 874 1251 901 et
1272 868 1353 901 aliae
1382 879 1540 912 personae
1561 868 1594 900 in
1615 869 1660 901 eis
1685 868 1917 912 praesidente«,

1163 921 1250 961 alibi,
1276 933 1374 965 quam
1401 932 1509 955 coram
1535 922 1711 956 venerabili
1737 923 1834 956 fratre
1866 933 1918 955 ar-

1164 976 1372 1020 chiepiscopo
1406 976 1555 1009 Ianuensi
1595 975 1627 1008 in
1658 975 1785 1009 civitate.
1816 981 1918 1010 vestra

1163 1029 1326 1068 Ianuensi,
1366 1039 1471 1072 neque
1488 1035 1581 1062 antea
1602 1039 1701 1072 quam
1722 1029 1810 1073 ipsae
1827 1029 1920 1062 trire-

1165 1093 1231 1115 mes
1249 1083 1288 1115 ad
1311 1088 1439 1126 portum
1462 1089 1603 1116 vestrum
1625 1083 1815 1117 Ianuensem
1845 1094 1920 1127 per-

1164 1137 1320 1176 venerint,
1349 1148 1448 1177 super
1468 1137 1653 1180 praemissis
1674 1137 1917 1181 quomodolibet

1166 1191 1329 1223 molestari
1352 1191 1398 1223 vel
1422 1191 1572 1234 impediri
1594 1191 1781 1224 nullatenus
1796 1191 1921 1235 possint

1991 453 2117 474 concessio.

1928 485 1953 505 de
1974 491 2014 511 qun
2033 485 2052 503 iu
2073 490 2114 504 rn—

1928 516 1993 536 hri-n..

1142 1268 1144 1279 i
1164 1255 1222 1277 nec
1236 1244 1384 1283 debeant,
1400 1244 1590 1277 auctoritate
1602 1245 1791 1288 apostolica,
1808 1251 1919 1278 tenore

1165 1298 1396 1341 praesentium,
1426 1298 1465 1331 de
1495 1298 1626 1342 speciali
1648 1298 1749 1339 gratia
1773 1298 1920 1342 indulge-

1166 1362 1249 1384 mus.

1209 1406 1223 1449 ξ
1243 1405 1273 1438 3.
1292 1406 1329 1438 Et
1346 1405 1559 1439 nibilominus
1579 1406 1730 1439 omnibus
1751 1413 1781 1439 et
1806 1406 1918 1450 singu·
1935 1419 1987 1439 Aias
2015 1417 2120 1438 iudicibus

1165 1459 1203 1491 lis
1228 1460 1390 1492 iudicibus
1409 1460 1636 1493 ecclesiasticis
1656 1460 1856 1504 extraipsam
1874 1460 1919 1493 ci·
1935 1455 2034 1506 ζζζᾞῃη
2044 1450 2120 1499 Ίξῖζῗ]

1165 1513 1293 1546 ritatem
1313 1513 1504 1546 Ianuensem
1518 1514 1550 1546 iu
1562 1513 1824 1557 quibuscumque
1841 1513 1921 1547 locis
1936 1515 1975 1532 ¹³¹³-

1166 1566 1456 1607 existentibus,11e,
1470 1567 1529 1600 sub
1542 1567 1773 1610 indignationis
1792 1573 1921 1601 nostrae

1167 1631 1282 1665 poena,
1311 1620 1458 1654 triremes
1487 1626 1609 1653 vestras
1635 1621 1681 1654 vel
1707 1621 1836 1654 illarum
1868 1632 1921 1654 ca-

1167 1675 1314 1718 pitaneos
1334 1685 1391 1707 seu
1411 1675 1596 1717 generalem
1622 1680 1677 1707 aut
1697 1675 1777 1708 alios
1801 1675 1834 1707 in
1860 1674 1922 1706 illis

1167 1729 1398 1772 praesidentes,
1407 1739 1505 1771 super
1517 1728 1711 1771 praemissis,
1721 1728 1835 1772 quovis
1842 1738 1923 1771 pra>-

1168 1789 1254 1815 textu
1277 1783 1321 1815 vel
1340 1783 1484 1826 quaesito
1506 1783 1627 1821 colore,
1651 1782 1834 1823 molestare,
1848 1793 1922 1826 per-

1167 1837 1298 1869 turbare
1319 1837 1367 1869 vel
1389 1836 1573 1878 inquietare
1594 1846 1727 1879 quoquo
1748 1837 1844 1869 modo
1865 1847 1922 1869 au—

1168 1885 1260 1917 deant
1283 1886 1330 1917 vel
1352 1891 1573 1927 praesumant,
1596 1885 1771 1918 districtius
1796 1885 1922 1918 inhibe-

1169 1945 1251 1966 mus.
1271 1935 1426 1967 Volumus
1447 1940 1554 1967 autem
1577 1935 1662 1978 quod
1678 1934 1840 1978 capitanei
1858 1934 1922 1967 sive

1167 1984 1327 2026 generalis
1347 1984 1507 2016 dictarum
1530 1983 1712 2016 triremium
1743 1990 1922 2016 vostrarum

1167 2034 1213 2066 vel
1235 2034 1288 2066 alii
1310 2034 1342 2066 in
1365 2033 1410 2066 eis
1430 2033 1663 2077 praesidentes,
1691 2033 1716 2065 si
1745 2039 1775 2066 et
1798 2033 1924 2077 quoties

1169 2083 1199 2115 in
1222 2082 1350 2115 civitate
1375 2089 1477 2115 vestra
1507 2082 1670 2126 praedicta
1696 2082 1781 2115 circa
1796 2082 1924 2126 praedi-

1169 2137 1247 2168 vtos,
1277 2132 1332 2175 qui
1363 2132 1459 2164 tidem
1490 2131 1745 2174 abnegaverint,
1778 2131 1924 2176 requisiti

1168 2181 1298 2221 fuerint,
1321 2181 1478 2214 rationem
1500 2181 1647 2221 reddere,
1671 2187 1700 2214 et
1726 2181 1842 2214 iudicis
1871 2192 1924 2214 ec-

1169 2230 1338 2263 elesiastici
1365 2231 1523 2263 mandatis
1557 2230 1675 2263 ibidem
1709 2230 1740 2263 in
1775 2230 1925 2263 omnibus

1170 2286 1198 2313 et
1220 2291 1279 2324 per
1296 2280 1404 2313 omnia
1429 2280 1560 2313 obedire
1581 2286 1765 2313 teneantur.

1214 2332 1228 2372 ᾗ
1248 2330 1277 2362 si.
1306 2330 1375 2362 Non
1396 2329 1598 2362 obstantibus
1616 2329 1922 2368 constitutionibus,

1170 2385 1197 2411 et
1221 2378 1482 2412 ordinationilms
1502 2379 1699 2422 apostolicis,
1723 2389 1759 2411 ac
1780 2378 1922 2415 statutis,

1171 2429 1296 2471 legibus
1336 2434 1366 2461 et.
1395 2428 1703 2465 consuetudinibus,
1744 2428 1924 2471 ceterisque

1171 2478 1343 2511 contrariis
1364 2478 1638 2520 quibuscumque.

1214 2527 1327 2559 Datum
1349 2526 1469 2559 Romae
1497 2527 1583 2570 apud
1598 2527 1749 2560 Sanctum
1764 2526 1919 2561 Marcum,

1171 2576 1230 2608 sub
1259 2577 1356 2608 anulo
1380 2575 1570 2616 piscatoris,
1597 2575 1648 2608 die
1664 2585 1713 2608 xxl
1730 2574 1920 2618 septembris

1171 2635 1366 2662 MDLxxxvm,
1390 2625 1598 2668 pontificatus
1618 2624 1718 2657 nostri
1738 2633 1824 2656 anno
1845 2632 1886 2655 iv.

1213 2678 1274 2708 Dat.
1296 2678 1343 2708 «lie.
1359 2678 1392 2708 ‘21
1412 2682 1487 2718 sept.
1505 2678 1593 2715 1588,
1615 2677 1720 2717 pontis.
1741 2686 1818 2706 auno
1836 2685 1876 2706 iv.

2013 2338 2125 2365 netega-no

1940 2371 2101 2390 conti-arturum.
