2226 3070
101 238 152 268 An.
171 239 280 268 01589

123 465 280 487 Fructusutsu-

97 504 134 525 pra
153 504 220 525 penes
242 504 280 518 ca-

96 530 207 550 merarium
241 530 280 551 de-

96 561 157 587 positi
184 563 202 581 in
226 562 279 588 quod

97 592 189 619 impendi
212 593 280 614 ‹lebe-

96 627 131 644 an!

953 235 1056 259 SIXTUS
1075 235 1094 259 V
1113 234 1161 259 PP.

296 309 390 343 psum
407 299 595 332 comitatum
618 305 647 332 et
672 304 776 332 castra
793 297 893 331 teneri
916 304 947 330 et
971 298 1044 330 sub

297 353 364 385 iiri.

340 407 355 450 ἓ
375 406 406 440 8.
430 407 507 440 Item
529 407 678 439 volumus
698 406 783 449 quod
812 405 916 438 dictus
941 416 1046 437 rame-

297 460 400 493 rarius
421 471 457 493 ex
473 460 567 493 dictis
585 459 769 492 introitibus
788 458 999 501 pecuniisque
1016 458 1046 490 in

295 513 379 547 dicta
399 513 564 547 communi
581 513 679 545 bursa
700 511 884 554 redigendis
903 516 1048 544 teneatur

296 574 327 601 et
347 568 461 602 debeat
481 568 602 600 solvere
623 566 771 598 videlicet
791 565 823 597 in
844 565 958 608 primis
980 565 1045 596 sin-

295 621 386 661 gulas
406 630 561 664 expensas
581 619 779 652 necessarias
798 623 828 649 et
848 623 1046 661 opportunas

295 685 353 718 pro
384 672 641 711 manutentione,
669 671 844 704 resectione
866 676 893 703 et
921 676 1045 704 restau-

295 728 417 760 ratione
433 726 593 770 pontium,
608 725 744 765 viarum,
762 725 898 757 sontium
918 730 948 757 et
964 725 1045 757 cloa-

293 791 404 813 carum
432 785 493 812 tam
526 779 659 812 civitatis
680 789 777 822 quam
799 783 991 813 castrorum;
1016 783 1045 809 et

292 833 378 876 quod
413 832 507 866 liceat
537 832 735 876 magistratui
768 838 798 865 et
817 831 953 865 consilio
974 842 1044 863 ere-

291 887 421 919 ‹lentiae
437 887 573 920 civitatis
595 892 716 921 tantum
742 886 1043 930 praedictarestau-

292 951 373 980 rare,
402 951 438 973 ac
463 941 533 974 fieri
564 946 594 974 et
621 940 772 974 fabricari
793 940 898 973 facere
920 939 951 972 in
977 939 1045 983 ipsa

291 994 427 1035 civitate,
449 994 560 1037 burgis
591 1000 621 1027 et
651 993 812 1028 territorio
833 993 976 1026 eiusdem
999 993 1044 1025 ci-

291 1048 405 1088 vitatis,
429 1048 570 1092 exceptis
590 1053 697 1081 tamen
717 1053 815 1091 ponte
842 1047 984 1079 fluminis
1004 1047 1043 1079 E-

290 1102 350 1134 sini
372 1107 402 1135 ct
423 1103 524 1135 altero
555 1102 732 1145 vulgariter
753 1106 941 1144 nuncupato
962 1101 1044 1133 della

292 1155 445 1196 Granita,
477 1156 508 1188 in
529 1156 647 1199 quibus
672 1156 788 1189 debeat
807 1155 965 1199 provideri
988 1166 1046 1199 per

291 1209 462 1242 consilium
481 1210 631 1253 generale
658 1209 793 1242 civitatis
813 1215 844 1242 et
860 1209 1042 1245 comitatus:

290 1268 321 1296 et
349 1263 499 1296 similiter
523 1263 555 1296 in
585 1263 698 1296 castris
726 1263 822 1296 liceat
848 1262 983 1295 consilio
1015 1268 1045 1295 et

289 1322 431 1361 quatuor
450 1328 486 1350 ac
499 1317 668 1361 capitaneo
685 1317 856 1350 cuiuslibet
874 1315 936 1349 loci
953 1327 1045 1360 prac-

289 1371 374 1404 dicta
398 1376 593 1411 restaurare,
612 1370 769 1403 fabricam
790 1376 822 1403 et
839 1369 909 1403 fieri
926 1369 1041 1402 facere.

289 1425 380 1465 Item,
403 1435 461 1469 per
485 1424 637 1458 eumdem
664 1423 880 1457 camerarium
907 1423 1046 1456 debeant

289 1478 367 1511 solvi
388 1489 547 1522 expensae
565 1489 647 1521 quae
669 1478 749 1511 fiunt
768 1483 798 1511 et
816 1483 993 1511 occurrunt
1013 1478 1044 1510 in

289 1532 357 1576 ipsa
383 1532 521 1573 civitate,
548 1533 717 1573 videlicet,
746 1532 897 1564 salarium
924 1532 1044 1575 guber-

288 1587 410 1620 natoris
434 1592 465 1619 et
489 1586 569 1619 aliae
600 1596 769 1630 expensae,
795 1596 878 1629 quae
905 1597 963 1630 pro
990 1596 1044 1619 eo-

289 1640 362 1673 dem
380 1640 448 1674 fieri
470 1651 601 1674 neeesse
621 1645 679 1673 est.
701 1640 778 1673 Item
801 1651 959 1684 expensae
976 1652 1044 1673 ma-

286 1694 440 1737 gistratus
456 1699 486 1728 et
502 1694 571 1727 eius
588 1693 741 1734 familiae,
765 1704 893 1728 necnon
916 1694 1044 1736 iudicis,

288 1742 673 1786 medicorum,'cliirurgi,
690 1743 834 1786 magistri
847 1744 1044 1785 scholarum,

288 1793 473 1826 cancellarii
499 1798 530 1826 et
554 1793 692 1826 aliorum
709 1793 896 1826 officialium
913 1798 943 1826 et
963 1795 1044 1827 sala—

288 1843 445 1876 riatorum
472 1843 615 1876 eiusdem
643 1842 780 1876 civitatis
801 1848 831 1876 et
856 1843 1041 1885 comitatus,

288 1902 415 1925 necnon
441 1903 599 1936 expensae
616 1892 863 1936 praedicatoris,
887 1893 1044 1926 exactoris

288 1941 501 1975 collectarum
524 1942 628 1975 dictae
650 1941 797 1982 civitatis,
819 1943 1043 1986 pecuniaeque

286 1990 487 2024 necessariae
516 1996 547 2024 et
576 1997 779 2035 opportunae
813 2002 871 2035 pro
898 1991 1042 2024 celebra-

288 2039 374 2072 tione
401 2040 571 2073 missarum
597 2047 628 2074 et
658 2051 752 2073 cerac
772 2041 937 2073 oblatione
964 2041 1042 2073 solvi

287 2089 401 2123 solitae
428 2090 460 2122 in
489 2091 601 2123 eadem
633 2090 760 2123 civitate
786 2090 871 2123 iuxta
896 2091 1042 2124 laudabi-

288 2138 350 2172 lem
376 2139 462 2173 illius
487 2140 769 2173 consuetudinem.
799 2141 876 2173 Item
895 2141 1043 2173 volumus

287 2189 374 2231 quod
400 2199 438 2222 ex
457 2189 551 2222 dietis
577 2189 764 2222 introitibus
795 2190 960 2232 exigendis
986 2201 1043 2233 per

288 2237 410 2271 dictum
436 2238 665 2278 camerarium,
693 2243 723 2271 et
753 2250 787 2271 ex
820 2239 966 2282 pecuniis
993 2240 1041 2272 di-

289 2291 358 2320 ctae
388 2288 504 2320 bursae
530 2288 711 2320 communis
746 2288 883 2320 debeant
917 2287 986 2321 fieri
1013 2295 1043 2322 et,

289 2336 437 2370 fabricari
472 2337 619 2380 quolibet
651 2348 735 2370 anno
772 2348 894 2370 cannae
930 2338 1041 2380 viginti

289 2396 457 2419 murorum
483 2387 515 2418 in
542 2387 643 2430 burgo
668 2387 767 2431 ipsius
788 2387 922 2420 civitatis
943 2398 1042 2421 seua-

289 2435 338 2467 liis
370 2436 450 2468 locis
475 2436 634 2476 eiusdem,
668 2437 722 2469 ubi
754 2436 839 2469 muri
866 2436 1042 2470 deficerent

288 2485 335 2517 vel
366 2485 543 2518 debiliores
570 2486 686 2518 forent.
721 2486 912 2518 ordinantes
945 2487 1040 2519 etiam

287 2535 373 2578 quod
396 2535 584 2578 perficiatur
608 2535 793 2569 omnimode
815 2536 968 2580 palatium
986 2547 1042 2569 no-

286 2584 367 2617 viter
391 2590 614 2618 constructum
645 2585 677 2618 in
704 2585 832 2619 civitate
857 2596 915 2630 pro
942 2586 1042 2630 magi-

287 2637 401 2669 stratu.

1134 288 1148 331 ξ
1179 287 1209 319 9.
1239 286 1327 327 ltem,
1351 286 1435 330 quod
1463 285 1558 318 liceat
1584 286 1781 327 magistratui
1811 292 1841 318 et

1090 341 1225 374 consilio
1260 340 1441 373 credentiae
1468 339 1602 372 civitatis
1628 345 1751 372 tantum
1783 341 1839 373 do-

1090 406 1177 435 nare,
1191 394 1360 428 occasione
1377 394 1529 427 transitus
1547 394 1685 427 alicuius
1707 394 1841 436 insignis

1091 460 1245 491 personae
1271 454 1301 481 et
1320 447 1648 491 alterius'superioris
1674 458 1732 491 per
1756 459 1840 480 eam-

1856 231 1909 260 An.
1927 231 1954 259 C.
1974 232 2041 259 1589

1884 293 1979 313 Familia<
1995 300 2036 313 ma>

1856 326 1950 351 gistrum

1856 363 1907 377 conr
1918 364 1945 375 ms

1856 395 1900 408 rmn

1855 420 1942 439 cwiune
1959 423 2038 438 transm

1855 454 1887 470 tus
1904 450 1991 470 alieuius
2003 455 2038 473 uer

1816 501 1821 506 ,
1855 488 1945 501 iit-rosae
1963 487 2038 507 ..u-iso-

1089 503 1161 534 dem
1183 503 1344 535 (ivitatem
1360 502 1464 535 obiter
1486 501 1693 541 transeuntis,
1710 508 1839 545 quanti-

1091 561 1185 587 tatem
1218 567 1326 589 rerum
1356 555 1553 594 benerisam,
1576 556 1754 587 dummodo
1775 566 1838 587 non

1089 609 1261 642 &cedatur
1281 610 1318 641 :ul
1345 610 1416 653 plus
1441 609 1473 642 in
1493 609 1679 641 huiusmodi
1706 620 1840 642 munere

1088 674 1215 695 summa
1237 664 1365 707 triginta
1385 665 1431 696 rel
1454 663 1583 707 triginta
1604 663 1747 707 quinque
1768 674 1840 696 seu-

1089 722 1206 748 torma.

1131 770 1145 811 J<
1170 770 1223 803 lt).
1252 772 1339 811 ltem,
1369 772 1455 814 quod
1483 772 1573 804 liceat
1607 771 1710 804 eidem
1738 772 1839 815 magi-

1087 823 1199 857 stratui
1221 829 1252 856 et
1271 824 1407 857 consilio
1425 825 1607 857 credentiae
1625 825 1758 858 civitatis
1773 831 1841 858 tan-

1088 885 1153 910 tum
1181 877 1285 910 faeere
1319 879 1538 922 el‹,=‹2·mos3‘nas
1568 879 1839 912 extraordinarias

1086 943 1188 973 usque
1213 931 1253 964 ad
1275 942 1435 964 summam
1462 938 1627 964 scutorum
1654 932 1765 965 decem
1780 944 1839 977 pro

1087 985 1232 1028 quolibet
1248 985 1448 1028 magistratu,
1463 986 1606 1028 dareque
1619 986 1839 1030 eleemosynas

1086 1039 1194 1071 solitas
1209 1039 1361 1071 fratribus
1377 1039 1567 1083 cappucinis
1581 1045 1611 1072 et
1623 1040 1729 1073 Sancti
1742 1041 1839 1073 Fran-

1087 1093 1174 1134 risci,
1202 1093 1339 1137 aliisque
1360 1093 1438 1126 locis
1460 1093 1522 1137 piis
1547 1099 1575 1126 et
1603 1093 1839 1127 miserabilibus

1086 1147 1245 1190 personis

1131 1202 1145 1244 ξ
1169 1201 1223 1235 M.
1251 1202 1287 1235 Et
1307 1202 1352 1235 sic
1372 1202 1468 1235 etiam
1486 1213 1543 1246 per
1559 1203 1710 1235 cumdem
1732 1213 1838 1235 came-

1086 1256 1208 1288 rarium
1230 1261 1260 1289 ct
1285 1267 1321 1289 ex
1346 1256 1457 1289 cadem
1476 1257 1573 1289 bursa
1593 1256 1760 1289 communi
1782 1257 1838 1289 de-

1085 1309 1181 1342 beant
1207 1310 1283 1343 solvi
1306 1321 1364 1354 pro
1384 1310 1504 1343 eisdem
1527 1310 1651 1349 (eastris,
1673 1309 1704 1342 in
1726 1310 1840 1353 primis

1087 1363 1140 1395 illa
1162 1363 1278 1406 portio,
1292 1375 1389 1407 quam
1417 1363 1512 1396 bodie
1533 1363 1659 1407 singula
1679 1370 1783 1396 eastra
1802 1364 1839 1396 de

1088 1417 1241 1450 trimestri
1264 1417 1296 1449 in
1321 1417 1482 1450 trimestre
1503 1417 1711 1451 contribuere
1736 1418 1840 1450 solent

1086 1481 1145 1513 pro
1163 1471 1306 1504 subsidio
1333 1471 1495 1504 triennali.
1518 1471 1596 1503 Item
1622 1471 1737 1504 salaria
1759 1476 1789 1503 et,
1808 1482 1840 1502 a-

1086 1524 1118 1556 lii
1141 1524 1225 1557 soliti
1246 1530 1395 1568 sumptus
1415 1525 1576 1558 dictorum
1591 1530 1782 1565 castrorum,
1797 1525 1840 1557 vi-

1086 1577 1213 1618 delicet,
1237 1578 1492 1622 capitaneorum,
1513 1578 1710 1619 baiulorum,
1730 1578 1838 1623 syndi-

1087 1643 1213 1674 eorum‚
1228 1632 1388 1666 maleficia
1408 1632 1694 1673 denunciantium,
1712 1638 1838 1665 exacto-

1087 1698 1172 1724 rum,
1200 1687 1423 1727 collectarum,
1450 1687 1725 1732 praedicatorum,
1748 1687 1839 1719 baiu-

1086 1741 1191 1774 lorum
1218 1740 1322 1774 dictae
1352 1741 1592 1774 communitatis
1619 1740 1837 1773 intimantium

1087 1795 1221 1828 consilia
1233 1806 1269 1827 ac
1284 1795 1344 1828 alia
1363 1795 1585 1835 occurrentia,
1604 1794 1836 1833 visitationum,

1085 1849 1289 1893 superiorum
1323 1855 1354 1882 ct
1386 1849 1637 1891 barigellorum,
1668 1849 1836 1881 solitorum

1087 1903 1286 1935 modicorum
1302 1908 1333 1935 et
1349 1903 1577 1945 magistrorum
1593 1902 1834 1945 grammaticae.

1084 1956 1215 1990 Necnon
1246 1968 1304 2000 per
1328 1957 1479 1990 eumdem
1510 1956 1725 1989 camerarium
1760 1956 1836 1989 solvi

1085 2012 1224 2044 debeant
1249 2022 1362 2044 omnes
1386 2017 1413 2044 et
1437 2022 1663 2055 quaecumque
1684 2010 1766 2043 aliae
1784 2021 1837 2042 ex-

1085 2076 1204 2109 pensae
1229 2066 1354 2105 solitae,
1373 2076 1407 2097 ae
1426 2065 1520 2098 etiam
1543 2075 1625 2108 quae
1646 2064 1677 2096 in
1694 2064 1762 2097 dies
1779 2064 1839 2097 eis-

1085 2119 1156 2152 dem
1178 2120 1296 2153 civitati
1323 2125 1353 2153 et
1381 2119 1492 2152 castris
1517 2124 1548 2152 et
1568 2118 1701 2152 cuilibet
1721 2129 1834 2151 eorum

1084 2173 1340 2207 extraordinarie
1367 2173 1572 2207 occurrerint
1604 2178 1635 2205 et
1663 2182 1836 2205 occurrere

1084 2233 1224 2270 possent.

1129 2280 1211 2323 §12
1229 2281 1305 2313 Item
1329 2281 1518 2314 ordinamus
1541 2281 1629 2324 quod
1646 2280 1678 2313 in
1701 2279 1836 2324 singulis

1084 2334 1282 2379 castris,pro
1310 2335 1423 2368 maiori
1450 2346 1563 2368 eorum
1591 2335 1833 2374 commoditate,

1083 2388 1197 2421 debeat
1208 2389 1313 2422 dietus
1325 2389 1506 2422 communis
1523 2389 1720 2422 camerarius
1736 2389 1835 2432 depu-

1085 2444 1150 2470 tare
1172 2444 1201 2471 et
1218 2438 1413 2472 substituere
1430 2439 1672 2482 exactores,qni
1686 2438 1836 2471 introitus

1084 2487 1245 2520 dictorum
1272 2494 1452 2521 castrorum
1474 2489 1596 2531 exigant
1622 2494 1649 2521 et
1673 2498 1834 2521 eorumo-

1084 2545 1161 2568 nera
1186 2542 1217 2569 et
1241 2547 1407 2581 expensas,
1437 2543 1471 2571 ut
1495 2549 1593 2582 supra
1619 2537 1832 2582 praemissum

1082 2591 1140 2626 est,
1167 2587 1301 2620 solvant.

1125 2636 1141 2680 ἓ
1160 2636 1213 2672 13.
1241 2636 1444 2673 Declarantes
1455 2643 1563 2673 tamen
1578 2637 1665 2682 quod
1679 2646 1744 2672 non
1760 2646 1832 2680 ρος-Ξ

1854 519 1901 533 nath

1882 781 1946 801 nandi
1976 781 2038 801 elee-

1855 818 1909 839 11101)
1916 819 1958 833 tia-2

1873 1208 1932 1228 Aliar-
1949 1208 2026 1228 solutis)

1855 1245 1892 1259 nos
1909 1245 1946 1265 per
1966 1245 2038 1259 Punic*

1855 1272 1930 1291 ratium
1955 1270 2038 1290 [aei-*w

1855 1303 1900 1323 ‹lds‘v

1904 2285 1924 2307 ln
1946 2286 2034 2312 singulis

1850 2319 1926 2339 eastris
1955 2319 2031 2338 substi-

1850 2353 1906 2370 tutu<
1936 2356 2033 2370 ramma-

1851 2383 2031 2409 'insitepninintm

1849 2422 1860 2435 a
1875 2416 1978 2435 communi
1997 2421 2032 2433 ra*

1851 2446 1938 2465 meratio
