2226 3070
224 296 278 325 An.
295 295 324 324 C.
342 295 408 325 1587

250 1217 336 1237 Sublata
351 1218 407 1238 iudi-

225 1249 284 1269 cibus
331 1248 406 1269 Curiae

225 1279 329 1300 florii-mas
345 1279 408 1300 taeni-

225 1314 267 1331 tnte
288 1316 324 1331 vas
347 1312 406 1331 iudi-

225 1343 293 1361 randi.

467 286 531 321 272

423 349 550 382 stantiis
568 349 600 382 in
625 349 769 382 Romana
786 349 881 382 Curia
907 347 945 380 de
967 347 1036 379 iure
1055 353 1087 379 et
1112 357 1169 379 an-

426 403 516 446 tiqua
533 403 766 436 consuetudine
792 401 913 435 moveri
939 407 970 433 et
990 400 1103 443 agitari
1122 410 1171 433 so-

425 456 509 496 litas,
532 457 621 489 vobis
646 462 675 488 et
701 455 814 487 restris
839 454 1031 493 rectoribus,
1052 453 1172 497 praesi-

423 510 587 550 dentibus,
614 509 809 542 officialibus
829 518 888 551 pro
910 513 1056 551 tempore
1074 507 1173 551 depu-

424 563 499 596 tatis
525 562 716 602 audiendas,
736 561 990 604 cognoscendas,
1017 561 1171 594 deciden—

422 617 477 650 das
503 617 630 660 {ineque
656 616 763 649 debito
790 615 1009 648 terminandas
1025 614 1170 659 permisit

422 677 517 713 atque
541 670 721 703 concessit:
750 669 917 713 voluitque
942 675 969 703 et
998 669 1171 702 declaravit

422 724 508 767 quod
534 725 643 756 nullus
661 723 739 756 ciris
752 724 901 756 etincola
914 723 1052 756 civitatis
1070 729 1100 755 et
1119 733 1172 755 co-

424 777 556 809 mitatus
580 777 739 820 praedicti
754 783 806 810 aut
827 777 921 817 alius,
942 777 1172 821 undet->umque

422 830 476 870 sit,
503 830 740 874 cuiuscumque
761 836 876 870 status,
903 831 1020 873 gradus
1046 835 1076 863 et
1094 840 1171 862 con-

423 883 556 916 ditionis
582 883 708 921 existat,
729 884 871 927 aliquem
898 895 934 917 ex
959 884 1094 923 civibus,
1118 883 1173 916 ho-

423 937 566 970 minibus
591 943 621 970 et
648 938 765 970 incolis
795 938 983 971 huiusmodi
1011 938 1041 970 in
1067 938 1173 981 prima

423 997 451 1023 et
471 991 614 1024 secunda
637 991 812 1032 instantiis,
838 1002 898 1035 pro
923 992 1035 1035 quavis
1065 1002 1172 1032 causa,

422 1045 480 1077 lite
504 1050 533 1077 et
569 1045 803 1085 controversia,
831 1051 918 1078 extra
952 1045 1116 1078 civitatem
1142 1051 1171 1078 et

425 1098 626 1131 territorium
658 1099 706 1131 vel
732 1098 916 1131 districtum
942 1105 1084 1132 vestrum
1111 1099 1172 1131 hu—

422 1152 563 1185 iusmodi
595 1153 722 1186 trahere
750 1159 781 1186 et
810 1164 944 1186 avocare
974 1154 1089 1186 audeat
1116 1164 1172 1186 seu

422 1212 623 1250 praesumat3
643 1206 796 1240 omnibus
812 1213 843 1240 et
860 1207 995 1250 singulis
1016 1207 1174 1240 auditori-

421 1260 492 1300 bus,
520 1260 805 1300 riceauditoribns,
839 1261 1100 1294 locatenentibus
1119 1273 1171 1294 ce-

423 1313 566 1356 terisque
591 1313 684 1346 Urbis
708 1325 744 1346 ac
770 1314 933 1347 Romanae
958 1314 1071 1348 Curiae
1103 1315 1173 1348 ossi·

1016 294 1194 318 BULLARIUM
1215 294 1318 317 ROMAN
1323 294 1364 318 UM

1212 357 1270 391 per
1301 346 1383 379 viam
1409 346 1598 390 principalis
1625 346 1738 380 iudicii
1771 353 1828 381 aut
1853 347 1958 382 cuius-

1213 411 1353 444 cumque
1378 400 1607 444 appellationis
1636 410 1691 433 seu
1716 401 1874 434 nullitatis
1903 402 1961 435 ali-

1213 465 1309 497 quem
1335 453 1563 494 habitatorem,
1594 453 1814 486 eomitativurn
1836 465 1892 487 seu
1916 456 1963 488 di-

1213 508 1411 541 strictualem
1443 507 1603 547 civitatis,
1634 507 1879 541 communitatis
1914 510 1962 542 vel

1214 562 1382 595 districtus
1418 561 1589 605 praedicti,
1625 567 1681 594 aut
1717 561 1962 595 universitatem

1214 616 1262 648 vel
1288 622 1428 648 castrum
1455 615 1586 658 aliquod
1611 614 1715 648 dictae
1740 614 1859 648 civitati
1890 626 1964 660 sup-

1214 669 1369 712 positum,
1391 669 1438 701 vel
1464 668 1678 712 inposterum
1706 668 1964 712 quomodocum-

1214 733 1276 766 que
1289 723 1555 766 supponendum,
1575 722 1608 754 in
1625 722 1734 766 aliqua
1750 733 1847 755 cansa
1865 722 1963 763 civili,

1215 776 1375 810 criminali
1394 777 1440 809 vel
1453 776 1563 813 mixta,
1589 775 1650 809 nisi
1677 786 1786 808 coram
1812 776 1961 816 consilio,

1214 836 1387 874 potestate,
1407 835 1546 870 rectore,
1571 829 1732 863 iudicibus
1757 835 1787 862 et
1817 829 1964 863 officiali-

1214 884 1275 916 bus
1300 884 1438 917 ciritatis
1455 883 1640 927 praedictae
1665 893 1724 927 per
1751 883 1839 916 illius
1856 883 1963 916 consi-

1215 938 1294 970 lium
1307 937 1481 981 deputatis,
1493 937 1668 970 statuerint
1682 942 1713 969 et.
1730 937 1963 977 ordinaverint3

1215 991 1259 1024 ita
1284 997 1317 1024 ut
1344 991 1368 1023 si
1400 991 1471 1035 quis
1503 990 1742 1024 contrafaceret
1774 1001 1833 1034 per
1858 984 1892 1023 se
1915 990 1964 1023 vel

1215 1056 1274 1089 per
1300 1055 1395 1078 stium
1417 1050 1679 1088 procuratorem,
1699 1054 1830 1077 causam
1852 1043 1966 1087 perde-

1214 1104 1276 1139 ret,
1297 1104 1328 1132 et
1345 1109 1442 1131 omne
1459 1097 1521 1138 ius,
1548 1097 1635 1142 quod
1654 1097 1787 1130 haberet
1808 1097 1841 1129 in
1865 1107 1901 1130 re
1918 1097 1965 1130 rel

1214 1153 1409 1196 quantitate,
1441 1152 1480 1185 de
1506 1162 1570 1195 qua
1599 1157 1683 1184 esset
1706 1150 1866 1195 quaestio,
1896 1151 1966 1195 ipso

1215 1206 1299 1239 sacto
1320 1217 1377 1239 suo
1402 1205 1586 1239 adversario
1612 1205 1853 1249 applicaretur3
1878 1205 1967 1248 quod

1215 1266 1373 1293 statutum
1399 1271 1434 1292 ac
1460 1258 1595 1302 Eugenii
1614 1258 1875 1301 praedecessoris
1891 1268 1967 1291 con-

1215 1314 1317 1347 cessio
1343 1312 1528 1346 huiusmodi
1563 1312 1743 1355 apostolica
1770 1312 1967 1345 auctoritate

1978 295 2029 323 An.
2048 294 2158 323 (21587

422 1366 559 1399 cialibus
584 1378 711 1400 necnon
747 1368 859 1410 legatis
884 1374 971 1401 extra
995 1369 1172 1406 Romanam

421 1420 550 1453 Curiam
572 1421 610 1453 ad
632 1420 702 1453 iura
720 1422 883 1454 reddenda
902 1427 930 1454 et
958 1421 1174 1455 ministranda

422 1473 586 1516 deputatis
612 1479 640 1506 et
666 1474 874 1517 deputandis,
895 1474 977 1507 nein
995 1475 1090 1508 dictis
1106 1475 1173 1519 pri-

422 1537 474 1559 ma
499 1533 528 1559 et
555 1527 697 1560 secunda
723 1527 886 1560 instantiis
912 1539 944 1561 se
970 1528 1172 1562 intromitte-

423 1586 491 1613 rent
515 1580 694 1613 interdixit:
718 1592 753 1613 ar
775 1581 799 1614 si
817 1592 910 1614 secus
935 1582 1055 1615 sactum
1077 1584 1171 1624 soret,

1215 1368 1407 1400 confirmata
1433 1367 1566 1406 fuerint,
1589 1372 1620 1399 et
1645 1366 1732 1409 quod
1750 1365 1967 1398 nihilominus
2011 1373 2093 1408 Quihffn
2121 1379 2163 1415 rjon

1215 1421 1352 1454 dilectus
1377 1421 1461 1453 tilius
1486 1420 1601 1453 Curiae
1626 1430 1796 1452 causarum
1814 1419 1967 1452 Gamerae
1982 1405 2166 1456 ΞΒΞΞῘΣΓΙἸᾺᾎᾏἻ

1214 1474 1420 1518 Apostolicae
1438 1474 1598 1517 generalis
1624 1473 1764 1513 auditor,
1778 1473 1817 1505 ad
1835 1483 1968 1506 conces·
1982 1467 2165 1520 ζζζξιῇῗζζοξζῇῇξ

1216 1528 1338 1561 sionem
1358 1534 1386 1561 et
1403 1533 1563 1560 statutum
1584 1526 1773 1559 huiusmodi
1802 1526 1893 1559 nullo
1911 1526 1969 1559 ha-
1983 1530 2078 1550 ΜΗΘ-*85
2100 1530 2163 1550 ¹²¹³-

1983 1565 2061 1585 lasset,

259 2022 308 2043 Pius
334 2021 349 2041 V
367 2022 408 2042 En-

228 2055 284 2079 genii
327 2053 409 2073 litter-us

227 2087 411 2105 contii-mansuum

227 2116 285 2135 nulla
293 2118 370 2135 statuta
386 2115 410 2135 ab

227 2148 318 2167 annania
357 2146 410 2167 illius

227 2180 318 2199 civitatis
329 2178 366 2198 hac
375 2185 412 2199 su—

228 2215 265 2235 per
295 2215 316 2230 re
355 2210 411 2231 edita

228 2241 360 2267 approbavit.

425 1634 553 1666 irritum
579 1640 611 1667 et.
636 1634 731 1667 inane
757 1635 908 1675 decrevit,
931 1642 1028 1680 prout
1053 1636 1105 1669 hic
1125 1637 1173 1669 vel

423 1687 502 1721 alias
534 1688 566 1720 in
599 1688 677 1721 dicti
703 1689 961 1732 praedecessoris
992 1689 1108 1722 litteris
1141 1689 1173 1722 in

424 1742 526 1774 forma
550 1742 657 1774 brevis
681 1742 740 1774 sub
766 1743 877 1775 datum
910 1743 1028 1776 Romae
1058 1743 1174 1786 quinto

424 1805 525 1827 nonas
551 1795 634 1835 iulii,
660 1806 745 1828 anno
762 1796 889 1829 Domini
907 1806 1042 1836 iicnva,
1067 1797 1174 1840 ponti-

424 1848 538 1881 ficatus
558 1849 607 1881 sui
625 1859 710 1882 anno
735 1850 850 1893 quinto
879 1849 1018 1887 decimo,
1044 1850 1174 1894 expedi-

425 1908 482 1943 tas,
511 1902 639 1946 plenius
660 1903 858 1937 continetur.

467 1957 482 1999 ἕ
506 1956 537 1989 3.
561 1957 604 1989 Ac
626 1957 834 2001 postmodum
852 1957 956 1990 felicis
974 1957 1176 1991 recordatio-

425 2010 474 2043 nis
500 2010 573 2043 Pius
598 2011 684 2054 Papa
700 2011 735 2051 V,
760 2022 817 2054 per
832 2022 906 2044 suas
923 2011 1046 2044 litteras
1064 2011 1096 2043 in
1113 2012 1177 2044 sor-

426 2074 476 2095 ma
502 2063 620 2104 brevis,
647 2064 705 2096 sub
724 2063 833 2097 datum
859 2064 980 2097 Romae
999 2065 1085 2107 apud
1098 2064 1177 2097 San-

426 2122 512 2149 ctum
521 2117 662 2153 Petrum,
677 2117 729 2149 die
738 2127 808 2150 xxrl
821 2118 1014 2161 septembris
1022 2127 1174 2157 MDvant,

425 2180 511 2203 anno
546 2171 662 2211 tertio,
695 2171 815 2203 eisdem
851 2171 889 2204 de
922 2172 1027 2204 causis
1054 2177 1173 2209 motus.

426 2224 686 2267 permissionem,
709 2225 967 2265 concessionem,
986 2225 1178 2258 declaratio-

426 2288 522 2318 nem,
553 2278 764 2311 interdictum
798 2285 829 2312 et
865 2280 1065 2312 voluntatem
1100 2279 1176 2312 dicti

425 2331 561 2374 Eugenii
580 2332 839 2376 praedecessoris
859 2333 1046 2365 huiusmodi
1061 2344 1179 2376 appro-

426 2385 510 2417 bavit
528 2391 557 2418 et
574 2386 789 2426 confirmavit,
810 2392 840 2419 et
857 2392 1027 2430 praeterea
1043 2392 1175 2426 statuta,

426 2439 557 2472 decreta
583 2445 615 2471 et
639 2439 878 2472 ordinationem
898 2451 957 2483 per
981 2441 1117 2473 dilectos
1139 2440 1178 2472 fi-

1215 1582 1282 1615 bito
1301 1587 1463 1625 respectu,
1484 1581 1626 1614 diversas
1648 1580 1861 1613 inhibitiones
1886 1580 1970 1612 iudi—

1216 1636 1306 1668 cibus
1324 1642 1356 1669 et
1372 1635 1568 1668 officialibus
1581 1634 1685 1667 dietae
1701 1633 1839 1667 civitatis
1849 1633 1882 1667 in
1895 1644 1970 1667 can-

1216 1690 1259 1722 sis
1277 1689 1309 1722 in
1334 1689 1439 1733 prima
1462 1694 1493 1722 et
1517 1688 1660 1721 secunda
1682 1687 1835 1721 instantia
1854 1687 1969 1721 huius-

1217 1743 1303 1775 modi
1330 1742 1562 1786 pendentibus,
1582 1741 1613 1774 in
1638 1752 1704 1774 non
1722 1740 1888 1773 modicum
1924 1740 1971 1773 di—

1217 1802 1287 1829 ctae
1316 1796 1452 1828 civitatis
1470 1794 1707 1839 praeiudicium
1722 1821 1729 1834 ‚
1756 1794 1968 1833 relaxaverat;

1217 1856 1245 1883 et
1263 1850 1287 1882 si
1306 1856 1413 1893 partes
1426 1849 1515 1893 ipsae
1536 1849 1574 1881 ad
1593 1849 1722 1882 Curiam
1744 1848 1964 1886 accessissent,

1218 1904 1351 1936 minime
1377 1903 1593 1936 dubitandum
1615 1908 1696 1935 esset
1714 1902 1793 1945 quin
1811 1901 1898 1944 ipsae
1922 1900 1969 1933 di-

1218 1963 1286 1990 ctas
1305 1956 1516 1989 inhibitiones
1532 1955 1591 1988 sibi
1610 1955 1708 1988 factas
1724 1954 1858 1987 omnino
1876 1963 1968 1986 revo-

1218 2010 1283 2043 cari
1301 2010 1461 2044 fecissent:
1476 2009 1687 2042 causantibus
1705 2014 1814 2041 tamen
1829 2008 1968 2051 partium

1218 2064 1406 2097 earumdem
1440 2063 1703 2107 paupertatibus,
1732 2068 1838 2105 partes
1869 2061 1969 2105 ipsae,

1219 2119 1322 2150 multo
1334 2117 1393 2150 sibi
1410 2116 1651 2150 conducibilius
1671 2115 1879 2154 arbitrantes,
1902 2114 1972 2147 illas

1219 2177 1248 2204 et
1272 2182 1325 2204 eas
1349 2171 1493 2204 desertas
1522 2170 1707 2213 relinquere
1735 2179 1833 2213 quam
1852 2169 1892 2202 ad
1911 2167 1972 2202 Cu-

1220 2225 1301 2258 riam
1319 2224 1421 2268 ipsam
1440 2224 1595 2257 accedere
1618 2224 1804 2264 voluerunt3
1830 2221 1970 2266 partium

1220 2277 1446 2311 commoditati
1470 2283 1501 2310 et
1525 2277 1631 2309 dietae
1649 2275 1787 2309 civitatis
1812 2273 1972 2308 indemni-

1221 2331 1278 2364 tati
1302 2337 1334 2364 et
1360 2331 1481 2364 iurium
1504 2330 1633 2363 tuitioni
1651 2329 1822 2374 providere
1845 2329 1969 2368 volens,

1220 2385 1326 2418 dictus
1351 2385 1580 2429 praedecessor
1604 2383 1689 2416 dicta
1710 2388 1829 2415 statuta
1849 2386 1880 2414 et
1896 2391 1972 2414 con-

1221 2437 1604 2472 cessionemhuiusmodi
1626 2442 1654 2469 et
1687 2436 1719 2468 in
1748 2436 1793 2468 eis
1819 2440 1971 2468 contenta

428 2488 489 2521 lios
515 2488 663 2521 antianos
687 2488 870 2531 praedictae
898 2489 1048 2529 civitatis,
1073 2490 1177 2522 illius-

428 2548 491 2580 que
502 2538 771 2570 communitatem
786 2539 997 2581 praedictam,
1010 2540 1096 2582 quod
1108 2540 1180 2572 nul-

429 2587 478 2619 lus
496 2587 527 2619 in
545 2587 652 2629 aliqua
670 2587 841 2631 principali
863 2588 910 2620 vel
932 2588 994 2620 alia
1023 2598 1180 2631 quaeum-

428 2647 490 2678 que
508 2646 604 2668 eausa
625 2636 799 2679 supplicet,
814 2642 867 2668 aut
885 2637 1049 2679 impetret,
1065 2638 1111 2669 rel
1133 2637 1179 2669 ci—

430 2691 486 2726 tet,
506 2696 559 2718 seu
578 2685 755 2725 (cnveniri,
778 2684 870 2717 citari
889 2686 936 2718 vel
954 2696 1068 2718 rorare
1086 2686 1177 2719 faeiat

1222 2488 1425 2521 confirmavit
1444 2493 1475 2520 et
1495 2485 1697 2531 approbavit;
1716 2485 1889 2528 eidemque
1912 2484 1972 2517 Cu·
1999 2496 2121 2533 Hqiusntodt
2138 2496 2169 2516 in-

1222 2537 1287 2570 riae
1308 2547 1479 2570 causarum
1496 2535 1649 2569 Gamerae
1668 2533 1870 2578 Apostolicae
1881 2532 1972 2565 audi-
1986 2528 2169 2580 ἰ’ζῑζῗῑὶᾞὲῑζῗὲζζ

1223 2587 1286 2619 tori
1302 2592 1333 2619 et
1349 2586 1611 2629 quibuscumque
1629 2584 1699 2617 aliis
1717 2582 1890 2619 iudicibus,
1907 2587 1970 2614 tam
1985 2591 2035 2612 inex
2053 2592 2159 2618 pron-trun

1222 2635 1394 2667 ordinariis
1418 2645 1515 2677 quam
1541 2633 1708 2675 delegatis,
1736 2637 1764 2664 et
1785 2637 1847 2663 tam
1872 2630 1903 2662 in
1927 2630 1971 2662 al-

1223 2696 1274 2717 ma
1303 2684 1386 2717 Urbe
1415 2694 1511 2726 quain
1538 2688 1627 2715 extra
1650 2680 1870 2719 existentibus,
1892 2690 1970 2722 qua-
