2226 3070
263 281 312 307 An.
329 280 358 308 C.
377 280 439 307 1591

297 713 445 732 Auctoritatem

265 739 380 763 impertitur
410 743 445 757 nu-

264 765 329 784 tari-1<
342 764 438 784 creandi,

308 1084 392 1104 Statuta
409 1089 446 1108 pro

264 1111 345 1135 collegii
373 1110 446 1135 guber·

264 1143 298 1157 nto
310 1137 424 1159 sanctonum

288 1725 376 1751 Sibiqne
386 1730 449 1746 unuin

269 1758 293 1772 ex
309 1752 450 1772 cardinalibus

268 1779 288 1799 in
311 1781 450 1804 protectorem

269 1806 365 1831 eligendi⁴

303 2311 453 2338 indulgentiam

272 2344 309 2364 pro
329 2339 362 2359 die
378 2339 454 2359 admis—

272 2365 336 2385 sionis
365 2367 454 2386 aticum<

272 2391 364 2413 doctoris
382 2398 455 2413 conce—

273 2419 310 2439 dii.

460 329 627 373 potiuntur
657 335 687 362 et
715 329 865 371 gaudent,
889 339 924 359 ac
954 326 1009 363 uti.
1045 325 1140 369 potiri
1170 331 1197 358 et

461 384 600 425 gaudere
618 388 767 426 poterunt
789 379 1028 424 quomodolibet
1051 379 1081 411 in
1110 379 1196 411 futu-

462 447 544 473 rum,
569 437 647 469 citra
667 442 770 468 tamen
789 434 951 466 facultates
969 439 996 465 ct
1019 433 1196 476 exemptio—

462 500 516 523 nes
534 501 551 522 a
568 489 708 523 Concilio
729 487 914 520 Tridentino
932 487 1086 523 sublatas„
1108 486 1196 529 pari-

462 543 607 576 formitcr
624 548 651 574 ct
671 542 789 583 absque
811 541 875 572 ulla
895 550 1026 583 prorsus
1044 539 1196 572 differen-

464 596 516 631 tia,
541 596 596 631 uti„
622 594 716 637 potiri
735 599 761 626 et
782 594 932 635 gaudere.

507 650 522 690 ξ
544 648 573 680 4.
592 650 634 680 Ac
653 658 872 690 quoscumque
890 648 1031 680 notarios·
1049 653 1077 680 et
1101 648 1199 680 tabel-

461 702 562 734 liones
582 701 727 744 publicos
747 706 833 733 extra
859 701 1035 733 Romanam
1060 701 1196 739 Curiam,
1216 723 1218 750 3

462 755 499 788 de
517 754 643 787 lieentia
662 755 813 798 episcopi,
838 761 966 798 recepto
987 754 1075 798 prius
1092 755 1130 787 ab
1157 755 1218 797 eis*¹

462 808 555 841 solito
574 808 766 848 iuramento,
788 819 897 841 creare
915 814 942 841 et
964 808 1148 845 instituere:
1165 820 1201 841 ac

462 862 590 895 eosdem
613 862 651 894 de
672 862 847 894 notariatus
865 868 893 894 et
913 862 1136 895 tabellionatus
1152 864 1200 895 of-

462 914 541 947 ficiis
562 915 744 948 huiusmodi
759 926 816 959 per
834 926 971 959 pennam
985 921 1011 948 et
1028 916 1197 952 calamarc,

463 975 495 1001 ut,
514 969 612 1001 moris
630 975 690 1005 est.
716 969 874 1001 investire.

507 1024 522 1064 οξ
544 1021 574 1055 5,
596 1023 708 1065 Atque,
729 1033 788 1065 pro
806 1022 887 1055 felici
908 1023 996 1056 istius
1014 1024 1138 1066 collegii
1155 1036 1203 1057 re-

462 1076 580 1118 gimine
598 1081 628 1109 et
647 1076 934 1117 administratione,
959 1083 1085 1114 statuta,
1110 1078 1199 1111 ordi-

462 1130 607 1162 nationes
639 1135 665 1162 et
701 1131 827 1163 decreta
856 1141 1078 1174 quaecumque
1106 1132 1202 1164 sacris

463 1183 638 1216 canonibus
668 1189 695 1216 et
719 1184 849 1217 Concilii
869 1184 1045 1217 Tridentini
1069 1185 1220 1218 decretis

463 1247 526 1269 non
548 1237 759 1280 repugnantia
786 1237 925 1270 condere
954 1244 980 1270 et
1004 1238 1131 1271 condita
1152 1239 1200 1271 al-

463 1296 578 1329 terare,
600 1301 748 1323 revocare
767 1296 794 1323 et
817 1291 994 1327 annullare,
1018 1292 1143 1335 aliaque
1165 1294 1203 1325 de

463 1354 545 1378 novo
564 1350 591 1377 et
606 1345 871 1388 quotiescumque
884 1345 973 1377 vobis
985 1352 1202 1388 opportunum

463 1398 632 1436 videbitur,
657 1399 762 1438 edere,
784 1409 864 1442 quae
882 1405 1051 1442 postquam
1073 1400 1156 1432 edita
1174 1406 1200 1433 ct

464 1452 590 1485 condita
621 1453 749 1490 fuerint,
774 1459 805 1485 ut
835 1454 1025 1496 praefertur,
1056 1465 1090 1486 cx
1120 1465 1204 1487 nuuc

464 1511 558 1548 prout
573 1517 609 1538 ex
627 1511 701 1538 tuuc
715 1512 741 1539 et
756 1517 772 1538 e
790 1513 911 1544 contra,
928 1507 1116 1539 auctoritate
1128 1518 1204 1550 apo-

463 1559 574 1592 stolica
612 1560 788 1603 praedicta,
829 1566 938 1592 tenore
974 1561 1200 1604 praesentium,

464 1619 620 1657 perpetuo
639 1615 868 1646 confirmamus
882 1620 909 1647 et
929 1615 1156 1658 approbamus.

511 1669 525 1709 ξ
545 1666 574 1699 6.
596 1668 698 1710 Atque
717 1673 763 1708 ut,
784 1678 842 1710 pro
862 1667 950 1700 istius
969 1667 1094 1710 collegii
1115 1668 1200 1701 eius-

466 1732 527 1764 que
540 1731 763 1764 personarum,
774 1721 946 1762 bonorum,
962 1722 1203 1765 privilegiorum

467 1780 494 1807 et
532 1774 650 1807 iurium
687 1785 966 1819 quorumcumque
1003 1776 1201 1814 defensione„

466 1838 565 1861 unum
584 1829 630 1861 vel
649 1828 756 1871 plures
777 1839 812 1861 ex
830 1828 860 1861 S.
882 1829 917 1861 R.
938 1829 971 1861 E.
990 1829 1206 1863 cardinalibus

467 1882 497 1914 in
519 1882 660 1915 eiusdem
682 1882 807 1924 collegii
828 1888 1045 1926 protectorem
1064 1884 1111 1916 vel
1130 1895 1205 1927 pro-

467 1942 601 1969 tectores
622 1936 739 1978 eligere
761 1941 792 1968 et
813 1937 967 1979 deputare
984 1937 1128 1973 valeatis,
1153 1938 1205 1981 qui

466 1990 510 2023 sic
529 1991 647 2023 electus
665 2001 719 2023 seu
738 1990 840 2028 electi,
865 1990 890 2023 si
908 2001 1024 2023 munus
1044 1997 1206 2034 protecto-

468 2043 510 2076 ris
540 2043 723 2076 huiusmodi
760 2049 925 2087 acceptare
959 2044 1134 2082 voluerint,
1171 2056 1206 2078 ex

467 2103 542 2130 tunc.
553 2097 727 2141 apostolica
738 2097 927 2130 auctoritate
939 2097 1120 2130 confirmati
1135 2110 1208 2132 cen-

468 2157 619 2189 seantur,
629 2151 810 2184 facultatem
831 2151 1035 2184 concedimus
1054 2157 1081 2184 et
1104 2151 1209 2185 indul-

469 2214 589 2245 gemus.

515 2259 530 2297 ξ
557 2257 585 2290 7.
617 2259 659 2291 Ac
689 2258 818 2302 insuper
846 2257 995 2291 omnibus
1024 2264 1052 2291 et
1078 2259 1209 2301 singulis

470 2311 665 2349 doctoribus,
677 2312 729 2355 qui
742 2312 772 2344 in
787 2318 926 2345 vestrum
940 2312 1107 2355 collegium
1119 2313 1208 2345 dein-

470 2376 543 2408 ceps
563 2365 782 2406 admittentur,
807 2366 856 2399 die
885 2377 948 2409 quo
981 2366 1013 2398 in
1038 2366 1207 2409 collegium

471 2419 574 2463 ipsum
600 2419 823 2460 admittentur,
854 2421 879 2453 si
908 2431 982 2453 vere
1008 2421 1208 2464 poenitentes

471 2478 499 2506 et
522 2473 654 2506 confessi
673 2473 911 2506 sanctissimum
924 2474 1139 2507 Eucharistiae
1153 2475 1208 2509 Sa-

471 2531 670 2559 cramentum
706 2526 911 2569 sumpserint,
954 2527 1147 2570 plenariam;
1179 2534 1207 2562 ct

471 2579 559 2612 vobis
579 2579 653 2612 item
671 2579 826 2612 universis
847 2585 877 2612 et
893 2580 1025 2623 singulis
1039 2581 1086 2614 bis
1106 2581 1208 2625 quoli-

472 2633 525 2666 bet
543 2643 626 2666 anno
647 2633 679 2665 in
704 2638 894 2676 perpetuum
916 2633 953 2666 iis
973 2634 1096 2673 diebus,
1129 2645 1208 2678 quos

472 2688 639 2731 episcopus
656 2686 877 2720 Cremonensis
896 2697 955 2730 pro
973 2693 1117 2731 tempore
1133 2688 1209 2721 assi-

1039 278 1221 302 BULLARIUM
1240 278 1392 302 ROMANUM

1234 326 1388 367 gnaverit,
1403 326 1427 358 si
1449 325 1656 368 collegialiter
1669 326 1854 368 congregati
1874 325 1972 369 ipsius

1233 379 1373 422 episcopi
1389 379 1502 412 missae
1520 378 1739 415 interfueritis.
1754 384 1782 411 et
1803 389 1877 411 vere
1897 389 1972 422 poe-

1233 433 1369 465 nitentes
1390 437 1420 465 et
1438 432 1570 465 confessi
1588 431 1829 466 Sanctissimum
1849 432 1971 464 Eucha-

1234 486 1339 519 ristiae
1365 487 1605 519 Sacramentum
1636 487 1674 519 de
1699 485 1846 518 manibus
1877 485 1973 528 ipsius

1234 539 1374 583 episcopi
1392 540 1601 583 sumpseritis,
1625 539 1801 583 plenariam
1829 538 1972 571 omnium

1216 608 1218 613 ¹
1234 600 1439 636 pcccatorum
1459 593 1689 635 indulgentiam
1708 598 1736 625 et
1750 592 1972 626 remissionem

1234 647 1439 680 com-edimus
1457 653 1486 680 ct
1508 647 1690 687 elargimur.
1739 657 1742 660 ⁴

1279 707 1294 738 ξ
1316 700 1345 733 8.
1371 701 1624 735 Comessationcs
1648 706 1774 736 autem.
1811 711 1892 744 quae
1924 700 1974 733 die

1234 755 1435 788 admissionis
1466 755 1599 788 alicuius
1624 754 1763 788 doctoris
1794 754 1826 786 in
1854 754 1974 787 dictum

1235 809 1404 850 collegium
1426 808 1495 841 fieri
1514 814 1754 849 consueverant,
1772 807 1904 841 omnino
1917 809 1975 840 im-

1235 862 1419 905 probamus,
1441 868 1469 895 et
1488 862 1546 895 sub
1570 872 1672 905 poena
1694 861 1849 894 nullitatis
1876 871 1972 904 prae-

1234 915 1371 948 sentium
1400 915 1592 957 gratiarum,
1623 915 1748 958 penitus
1780 915 1921 948 tollimus
1946 920 1973 947 et

1235 969 1463 1012 probibenms:
1488 979 1621 1002 munera
1653 980 1728 1002 vero
1757 980 1812 1002 scu
1837 968 1972 1008 xeniola,

1235 1034 1316 1067 quae
1335 1023 1518 1056 doctoribus
1532 1023 1600 1056 dari
1616 1023 1729 1063 solent,
1747 1022 1972 1066 permittimus.

1281 1085 1296 1116 ξ
1318 1078 1347 1110 9,
1372 1078 1440 1111 Non
1462 1078 1662 1110 obstantibus
1682 1076 1863 1121 apostolicis
1891 1076 1976 1109 acin

1236 1131 1483 1174 provincialibus
1525 1131 1795 1175 synodalibusque
1834 1129 1977 1163 conciliis

1236 1185 1339 1225 editis,
1361 1185 1563 1227 generalibus
1580 1184 1627 1218 vel
1640 1184 1843 1228 specialibus,
1860 1183 1977 1217 consti-

1238 1238 1426 1275 tutionibus2
1442 1250 1476 1270 ac
1491 1238 1566 1271 dicti
1581 1238 1707 1280 collegii
1721 1237 1844 1271 statutis
1858 1243 1888 1270 et
1901 1247 1977 1271 con-

1237 1292 1469 1332 suetiuliuibus,
1492 1292 1586 1325 etiam
1608 1291 1788 1324 iuramento
1811 1296 1838 1324 et
1861 1291 1979 1324 confir-

1238 1345 1377 1378 matione
1398 1345 1571 1389 apostolica
1589 1346 1637 1377 vel
1663 1345 1724 1378 alia
1741 1344 1893 1378 firmitate
1920 1355 1974 1377 ro-

1238 1399 1373 1439 boratisss,
1405 1399 1603 1442 caeterisque
1636 1398 1805 1431 contrariis
1839 1398 1975 1441 quihus-

1238 1465 1386 1497 cumque.

1281 1508 1394 1540 Datum
1426 1507 1546 1540 Romae
1567 1507 1599 1539 in
1620 1507 1723 1540 Monte.
1743 1505 1900 1545 Quirinali
1920 1506 1979 1540 sub

1238 1561 1356 1593 annulo
1385 1560 1566 1600 Piscatoris,
1598 1560 1648 1593 die
1665 1570 1730 1593 xxn
1760 1559 1839 1592 iunii
1866 1569 1976 1600 mxci,

1238 1614 1443 1658 pontificatus
1460 1613 1560 1647 nostri
1579 1623 1662 1646 anno
1684 1624 1705 1646 Ι.

1272 1676 1332 1704 Dat.
1350 1676 1392 1704 die
1403 1676 1437 1704 ⁶2⁶2
1451 1676 1518 1704 iunii
1534 1677 1612 1709 1591,
1622 1675 1717 1712 pontif.
1728 1684 1770 1703 an.
1783 1683 1802 1703 ¹.

1562 1840 1651 1873 XXV.

1240 1938 1395 1971 Prohibet
1414 1938 1590 1981 quominus
1607 1939 1643 1970 in
1663 1937 1821 1981 hospitali
1839 1937 1980 1970 Annun-

1284 1992 1387 2024 ciatae
1406 1991 1559 2034 Neapolis
1576 1991 1706 2034 puellae
1736 2001 1801 2024 non>
1820 1991 1981 2034 emposilae

1284 2048 1474 2088 eaetraneaeq
1481 2055 1517 2077 ne
1532 2056 1559 2077 m
1567 2044 1682 2077 ulferes
1698 2045 1901 2088 recipiantur
1913 2044 1932 2077 ¹.

1454 2134 1610 2168 Gregorius
1622 2134 1700 2168 Papa
1710 2134 1783 2165 xlv,

1371 2187 1407 2214 ad
1422 2191 1597 2221 perpetuam
1612 2187 1656 2215 rei
1671 2187 1852 2215 memoriam.

1287 2258 1473 2293 Sollicitudo
1506 2258 1673 2291 ministerii
1702 2258 1886 2302 pastoralis,
1918 2267 1982 2302 quo

1243 2312 1387 2345 omnium
1401 2312 1556 2351 fidelium,
1571 2311 1760 2355 praesertim
1778 2311 1890 2345 Christi
1902 2321 1982 2355 pau-

1243 2377 1367 2409 perum,
1391 2376 1499 2398 curam
1521 2365 1673 2407 gerimus,
1706 2376 1763 2398 nos
1795 2364 1919 2398 inducit
1948 2370 1982 2397 ut

1243 2430 1290 2457 ea,
1319 2430 1400 2463 quae
1418 2419 1449 2452 in
1467 2419 1545 2452 loeis
1565 2419 1625 2462 piis
1652 2418 1907 2462 quibuscumque
1923 2428 1983 2462 pro

1243 2473 1438 2517 pauperibus
1449 2484 1467 2505 a
1476 2472 1614 2516 propriis
1627 2472 1813 2516 parentibus
1824 2471 1984 2505 derelictis

1243 2527 1420 2561 nutriendis
1447 2533 1476 2560 et
1504 2527 1628 2560 alendis
1648 2527 1698 2570 pie
1724 2526 1888 2565 institutis,
1911 2535 1983 2559 curn

1242 2582 1427 2615 eorumdem
1440 2591 1618 2625 pauperum
1629 2580 1820 2614 detrimento
1832 2584 1862 2612 et
1872 2578 1984 2611 sunda-

1244 2635 1366 2669 tionum
1387 2634 1577 2668 alteratione
1603 2634 1810 2668 incommoda
1830 2632 1981 2672 inserunt,

1282 2698 1289 2723 1
1310 2697 1347 2724 Ex
1361 2698 1469 2733 Regest.
1488 2696 1514 2723 in
1529 2696 1631 2724 Secret.
1647 2695 1777 2723 Brevium.

1984 276 2033 302 An.
2051 275 2078 303 C.
2099 275 2168 304 1591

2036 705 2174 730 Comes'sauo-

1990 742 2027 757 nes
2041 738 2112 757 autem
2128 737 2173 757 fleri

1991 765 2054 783 vetat.

1993 1082 2129 1103 obstantibus
2140 1082 2175 1102 de-

1992 1111 2057 1135 rogat.

2024 2261 2143 2283 Exordium.
