2226 3070
215 293 264 319 An.
283 293 310 319 C.
332 293 397 321 1587

239 1188 352 1208 Exoidium

225 1622 340 1648 Gregorius
350 1621 395 1642 xut

212 1654 348 1675 baudolenus
360 1659 396 1675 seu

213 1686 332 1705 inimicitias
361 1692 397 1705 ar·

213 1720 266 1737 mata
336 1723 397 1737 mauu

212 1751 340 1768 exercentes
361 1754 398 1768 ox-

213 1779 397 1799 communicationt

212 1813 322 1835 supposuit
356 1815 397 1830 re·

213 1844 298 1861 servata
314 1840 395 1861 Roma-

214 1878 240 1891 no
251 1871 346 1893 Pontifici
363 1873 396 1893 ab*

214 1902 330 1924 solutione.

455 282 520 317 262

456 345 568 378 Datum
591 347 710 379 Romae
734 346 818 389 apud
843 348 995 378 §anetum
1018 344 1162 383 Petrum,

412 399 471 431 sub
491 401 612 432 annulo
634 400 819 434 Piscatoris,
853 398 903 430 die
930 408 987 429 xxv
1010 397 1162 429 tebruarii

413 462 605 491 ntanxxvii.
633 453 841 497 pontificatus
875 451 974 484 nostri
1009 462 1094 484 anno
1115 463 1163 484 se-

412 506 531 539 eunde.

469 563 532 593 Dat.
553 563 599 593 die
617 564 656 593 ⁶25
674 563 833 599 t'ot›.t:187,
856 563 960 602 potuis.
979 572 1056 592 anno
1075 572 1106 592 u.

750 727 824 760 xlv.

412 805 581 838 Rcfvocatio
602 805 790 837 onerarunt
812 804 959 847 Gregloriess
978 804 1067 837 XIII
1089 815 1164 837 eon-

457 863 506 890 tra
526 858 727 890 enudato-ios
749 858 840 900 myrti
856 857 1045 900 Arayomtm
1067 859 1102 890 in
1124 859 1165 891 its

455 926 535 959 quae
568 916 746 958 respitiant
772 926 891 958 poenas
918 916 1103 959 spirituales
1130 917 1165 949 in

453 969 676 1012 praelmtdatis
696 970 814 1002 litteris
834 970 1026 1002 enunciatas
1049 969 1073 1002 ¹.

428 1059 525 1087 Sixtus
543 1058 614 1094 Papa
628 1059 656 1090 V.
679 1059 712 1086 ad
732 1059 895 1094 perpetuam
916 1059 956 1087 rei
976 1059 1146 1087 memoriam.

456 1129 589 1162 Provida
611 1130 745 1162 Romani
777 1129 942 1162 Pontificis
968 1130 1165 1173 circumspe-

411 1183 487 1221 ctio,
510 1194 546 1215 ea
566 1193 649 1226 quae
670 1183 831 1215 interdum
849 1195 866 1215 a
884 1183 965 1216 Sede
981 1184 1163 1226 apostolica

411 1236 590 1269 secundum
606 1236 761 1280 temporis
774 1236 1050 1279 opportunitatem
1068 1249 1104 1270 ac
1120 1238 1163 1269 rei

411 1289 602 1332 exigentiam
629 1289 775 1322 ordinata
807 1291 950 1327 suerunt,
979 1290 1070 1322 iustis
1090 1301 1161 1323 sua-

411 1343 563 1375 dentibus
601 1342 727 1379 causis,
763 1343 895 1383 abrogat
936 1349 965 1375 et
1001 1343 1162 1382 immutat,

412 1396 708 1439 prout,animarum
723 1396 818 1428 saluti
832 1396 1035 1439 potissimum
1049 1408 1164 1430 consu·

412 1451 524 1489 leudo,
547 1450 577 1482 in
599 1450 736 1483 Domino
753 1450 911 1493 conspicit
925 1451 1099 1484 salubriter
1111 1463 1164 1484 ex-

412 1504 533 1547 ptr-dire.

456 1558 470 1599 ᾖ
497 1557 525 1590 l.
554 1557 679 1590 Dudum
702 1557 862 1600 siquidem
891 1558 991 1591 [clivis
1013 1560 1164 1592 recorda·
1186 1558 1187 1563 ’

413 1612 508 1644 tionis
528 1611 702 1653 Gregorius
731 1611 815 1654 Papa
836 1612 913 1652 XIII,
938 1613 1166 1655 praedeeessor

412 1670 533 1703 noster,
556 1676 629 1697 cum
653 1664 855 1698 intellexisset
890 1666 976 1708 quod
1003 1666 1033 1698 in
1067 1678 1165 1710 regno

412 1719 596 1761 Aragoninn
625 1718 757 1750 liumani
789 1719 916 1760 generis
937 1719 1035 1752 bostis
1058 1720 1164 1753 bomi-

413 1783 489 1804 num
513 1776 635 1804 mentes
666 1772 707 1804 ita
740 1773 942 1812 excaecabat,
966 1778 1000 1805 ut
1020 1774 1059 1806 ab
1084 1775 1166 1807 odiis

412 1824 632 1859 etinimicitiis
648 1825 685 1857 ad
704 1825 819 1858 caedes
839 1831 865 1857 et
889 1826 1065 1860 homicidia
1079 1838 1165 1860 eom—
1186 1828 1187 1833 ’

414 1878 566 1911 mittenda
602 1879 720 1911 multos
737 1878 929 1921 impelleret,
965 1885 1165 1924 cruentaque

413 1942 588 1975 corporum
612 1937 726 1970 morte,
759 1933 894 1964 salutem
927 1933 1109 1965 animarum
1134 1934 1165 1966 in

413 1991 589 2017 extremam
613 1985 788 2028 perniciem
807 1997 862 2018 seu
879 1986 1053 2019 discrimen
1069 1988 1167 2020 addu-

413 2044 512 2074 eei·et;
541 2039 698 2082 multique
720 2039 863 2072 eiusdem
887 2041 977 2080 regni
994 2041 1118 2073 incolae
1129 2052 1166 2073 ac

414 2091 549 2131 nobiles,
574 2092 759 2125 inimicitias
789 2098 817 2125 et
849 2093 1004 2126 sactiones
1026 2094 1109 2127 inter
1134 2107 1166 2127 sc
1187 2117 1189 2130 2
1210 2104 1362 2147 psissent;
1397 2105 1518 2148 qujquc
1544 2115 1643 2149 supel-
1670 2104 1721 2137 his
1742 2106 1839 2138 rebus
1870 2106 1960 2139 anesi

414 2151 441 2178 et
462 2146 691 2185 banslositates,
714 2152 746 2179 ut
771 2147 829 2189 ipsi
845 2147 987 2187 aiebant,
1005 2159 1165 2187 exercere,

414 2199 565 2232 satellites
585 2205 613 2231 ct
641 2200 716 2232 rarii
738 2200 865 2242 generis
886 2207 1027 2234 arnmtos
1048 2202 1166 2235 ducere

413 2258 442 2284 et
470 2252 615 2295 privatim
644 2253 774 2293 babere,
799 2253 921 2286 amicos
942 2259 969 2286 et
996 2254 1107 2287 aflines
1127 2255 1166 2287 ad

414 2316 501 2337 arma
523 2305 674 2345 excitare,
698 2307 814 2338 damna
844 2307 980 2340 vicissim
1010 2307 1168 2341 hostiliter

413 2369 545 2402 quoquo
559 2359 654 2392 modo
668 2360 786 2391 int'erre
798 2360 882 2392 soliti
895 2366 1013 2398 essent,
1028 2361 1058 2393 in
1073 2372 1167 2404 grave

413 2411 595 2444 animarum
617 2423 749 2444 suarum
772 2413 967 2456 perieulum,
988 2420 1017 2446 et
1038 2414 1166 2457 praeiu-

414 2465 536 2498 dicium
559 2465 799 2508 plurimorum;
823 2467 976 2511 quodque
1001 2468 1099 2500 huius
1121 2468 1167 2500 rei

413 2519 583 2552 occasione
604 2524 634 2552 et
659 2519 712 2551 alii
744 2521 978 2563 quamplurimi
1004 2521 1110 2554 sicarii
1138 2526 1168 2554 et

453 2587 460 2612 t
480 2586 523 2613 Ex
544 2586 654 2621 Regest.
680 2585 707 2613 1'n
738 2587 845 2614 secret.
876 2588 1020 2615 Breviuin.
1042 2604 1069 2608 —
1090 2588 1167 2616 Hanc

414 2637 530 2665 quoque
547 2629 674 2665 Gregorii
700 2631 932 2660 constitutionem
950 2632 1005 2660 vid.
1023 2636 1090 2660 tom.
1120 2640 1168 2660 vni

415 2674 502 2709 citat„
518 2682 583 2710 pag.
601 2675 646 2709 115,
666 2682 747 2703 num.
768 2680 847 2703 xvnt.

1030 291 1210 315 BULLAI'HUM
1230 291 1381 314 Romnum

1208 343 1387 386 praedones
1407 343 1596 382 evadebant,
1619 343 1686 385 qul,
1709 345 1785 377 dum
1811 355 1828 376 a
1850 350 1960 387 poten-

1208 395 1345 428 tioribus
1367 395 1540 428 factionum
1563 395 1734 438 capitibus,
1752 407 1816 439 qua
1836 401 1961 439 poterat.

1206 449 1343 492 quisque
1364 449 1479 481 maiori
1516 459 1613 481 manu
1635 453 1665 482 et
1685 460 1835 489 numero,
1858 450 1961 493 priva-

1207 503 1245 535 tis
1270 503 1353 535 odiis
1365 508 1392 535 et
1415 502 1593 535 inimicitiis
1619 503 1764 536 fovendis
1778 502 1959 544 alebantur,

1208 556 1282 589 inde
1306 556 1336 588 in
1353 556 1494 588 diversas
1515 556 1593 588 alias
1626 556 1751 596 caedes,
1773 556 1958 595 latrocinia,

1207 610 1375 653 sacrilegia
1411 610 1539 653 aliaque
1578 609 1715 643 erimina
1745 617 1961 654 prorumpere

1208 668 1462 697 consueverunt:
1493 663 1532 696 iis
1567 663 1659 696 malis
1687 674 1724 696 ae
1749 670 1813 696 tam
1844 663 1962 708 apertis

1207 716 1377 750 diabolicis
1391 716 1559 749 fraudibus
1575 716 1712 760 cupiens
1732 717 1841 761 aliqua
1862 717 1961 750 ratio-

1207 781 1247 803 ne
1277 780 1462 810 occurrere,
1498 780 1557 813 per
1582 780 1655 802 suas
1681 770 1712 802 in
1733 769 1836 803 soi-ma
1857 769 1961 803 brevis

1207 823 1330 856 litteras
1354 834 1477 866 suaque
1503 828 1660 867 perpetua
1684 823 1820 856 valitura
1841 823 1961 856 eonsti-

1185 888 1187 892 ·
1210 877 1344 916 tutione,
1381 886 1621 918 quamcumque
1655 887 1753 920 super
1777 876 1962 920 praemissis

1208 929 1491 969 consuetudinem,
1514 940 1572 972 pro
1592 929 1663 971 lege
1684 930 1789 962 forsan
1812 930 1961 963 observa—

1184 975 1187 1007 ἶ
1208 989 1290 1023 tam,
1320 989 1481 1026 tamquam
1509 993 1524 1014 a
1556 980 1712 1025 religione
1737 988 1765 1015 et
1788 983 1962 1016 christiana

1185 1048 1186 1053 ¹
1208 1037 1324 1080 pietate
1345 1037 1479 1069 omnino
1500 1037 1652 1076 alienam,
1680 1036 1845 1069 damnavit
1869 1037 1962 1081 peni-

1185 1112 1186 1116 =
1208 1096 1257 1123 tus
1283 1096 1314 1123 et
1334 1090 1482 1130 abolevit,
1505 1101 1542 1123 ac
1563 1102 1578 1122 a
1605 1090 1692 1123 dicto
1714 1100 1812 1133 regno
1833 1090 1963 1133 penitus

1208 1144 1337 1177 exulare
1359 1144 1472 1181 voluit3
1495 1143 1693 1187 sancivitque
1714 1154 1826 1176 omnes
1847 1149 1877 1176 et
1896 1143 1961 1177 sin-

1207 1197 1312 1238 gulos,
1341 1196 1436 1229 etiam
1458 1197 1569 1235 duces,
1592 1196 1769 1240 principes,
1798 1197 1962 1231 marchio-

1209 1261 1276 1289 nes,
1304 1250 1456 1290 comites,
1484 1250 1622 1283 barones
1651 1255 1682 1282 et
1707 1249 1787 1283 alios
1813 1250 1963 1283 dominos

1208 1303 1414 1346 temporales,
1438 1308 1467 1335 et
1485 1314 1709 1346 quoscumque
1729 1303 1809 1336 alios
1825 1303 1902 1336 dicti
1914 1315 1963 1337 re-

1206 1357 1273 1399 gni,
1295 1356 1350 1399 qui
1372 1368 1431 1399 pro
1452 1367 1508 1389 sua
1529 1357 1575 1388 vel
1597 1356 1692 1389 amici
1713 1357 1760 1389 vel
1778 1357 1962 1401 propinqui,

1207 1409 1453 1452 consanguinei,
1477 1409 1581 1441 allinis
1602 1410 1649 1442 rel
1671 1409 1811 1442 cuiusvis
1831 1411 1964 1444 alterius

1208 1462 1326 1495 iniuria
1344 1462 1752 1503 vindicanda,inimicitias,
1770 1463 1961 1505 simultates,

1208 1516 1423 1548 bantlositates
1462 1521 1684 1560 nuncupatas,
1725 1527 1893 1558 exercere,
1933 1523 1964 1551 et

1209 1570 1460 1613 praemissorum
1489 1570 1661 1603 occasione
1681 1570 1836 1603 satellites
1855 1577 1883 1604 et
1910 1584 1961 1605 ar-

1209 1629 1310 1656 matos
1330 1623 1479 1656 homines
1505 1634 1651 1663 evocare,
1674 1629 1729 1656 aut
1753 1625 1838 1668 apud
1860 1636 1894 1658 se
1913 1626 1961 1658 vel

1209 1678 1239 1709 in
1261 1676 1354 1709 terris
1375 1681 1405 1709 et
1418 1677 1569 1710 dominiis
1590 1677 1637 1710 vel
1659 1677 1810 1710 domibus
1821 1678 1889 1712 suis
1908 1684 1964 1712 aut

1207 1730 1293 1769 alibi,
1317 1730 1445 1773 publice
1466 1731 1512 1762 vel
1528 1731 1667 1771 occulte,
1695 1731 1792 1771 alere,
1818 1731 1963 1776 recipere

1207 1790 1258 1816 ant
1294 1784 1435 1816 retinere
1463 1784 1509 1816 vel
1543 1785 1650 1817 fovere
1670 1785 1738 1817 ausi
1760 1785 1878 1825 sorent3
1905 1787 1960 1829 qui

1209 1837 1418 1874 necessarios,
1442 1837 1555 1870 affines
1584 1843 1615 1870 et
1641 1838 1762 1871 amicos
1792 1837 1823 1871 in
1849 1840 1961 1873 factio-

1208 1902 1280 1923 nem
1314 1896 1340 1923 et
1375 1896 1482 1934 partes
1502 1902 1576 1923 suas
1606 1896 1718 1924 contra
1747 1892 1887 1935 aliquem
1915 1893 1962 1925 vel

1186 1975 1187 1979 ,
1207 1944 1333 1987 aliquos
1350 1944 1524 1977 <excitarent
1542 1956 1549 1984 ·,
1574 1955 1752 1987 omnesque
1773 1947 1826 1988 qui
1848 1946 1960 1979 eadem

1208 1997 1355 2030 fecissent
1379 2003 1432 2030 aut
1456 1998 1518 2030 illis
1535 2009 1665 2031 eausam
1678 1998 1961 2042 dedissent,etqui

1209 2061 1298 2083 arma
1319 2062 1378 2094 pro
1400 2051 1583 2094 praemissis
1605 2052 1851 2094 quomodolibet
1872 2063 1962 2086 sum-

1209 2157 1394 2197 consilium,
1417 2158 1573 2190 auxilium
1595 2158 1642 2190 rel
1664 2158 1804 2191 savorem
1826 2159 1963 2202 praesti-

1209 2210 1331 2251 tissent,
1350 2217 1565 2254 auctoresque
1581 2216 1636 2244 aut
1651 2222 1800 2245 suasores
1815 2212 1961 2249 fuissent:

1210 2274 1335 2296 necnon
1357 2275 1411 2297 eos
1431 2264 1500 2307 qui,
1516 2264 1575 2297 sub
1592 2270 1758 2308 praetextu
1770 2265 1889 2298 abusus
1905 2266 1963 2298 bu-

1211 2317 1362 2356 insmodi,
1386 2316 1525 2360 aliquem
1556 2323 1806 2360 provocassent,
1835 2324 1889 2351 ant
1918 2319 1963 2351 illi

1209 2370 1453 2413 quomodolibet
1494 2371 1555 2403 vim
1597 2371 1799 2411 intulissent,
1839 2372 1963 2416 quique

1210 2435 1279 2456 eam
1302 2429 1504 2467 praetensam
1537 2425 1640 2467 legem
1669 2430 1720 2456 aut
1751 2426 1963 2458 eonsuetudi-

1210 2484 1283 2506 nem
1306 2473 1427 2505 licitam
1457 2478 1486 2505 et
1515 2483 1579 2505 non
1610 2474 1744 2506 omnino
1776 2474 1961 2507 damnatam

1210 2532 1277 2554 esse
1296 2521 1573 2558 asseveravissene
1598 2532 1636 2554 ae
1655 2532 1709 2555 eos
1730 2533 1854 2563 omnes,
1881 2533 1963 2565 quos

1212 2570 1241 2602 in
1263 2570 1358 2602 dietis
1375 2570 1522 2613 partibus
1543 2570 1718 2604 homicidia
1744 2576 1774 2604 et
1793 2571 1963 2604 latrocinia

1210 2625 1240 2652 et
1261 2619 1324 2652 alia
1351 2619 1473 2652 scelera
1494 2619 1727 2652 committendo
1748 2630 1804 2653 seu
1826 2619 1891 2652 vias
1912 2620 1962 2652 in-

1211 2667 1356 2702 testando
1377 2669 1483 2711 vagari
1509 2668 1707 2712 contigisset,
1739 2669 1962 2707 exeommuni-

1975 290 2026 316 An.
2044 289 2073 316 C*
2093 290 2158 317 1587
