<?xml version="1.0" encoding="UTF-8"?>
<!DOCTYPE html PUBLIC "-//W3C//DTD XHTML 1.0 Transitional//EN"
    "http://www.w3.org/TR/xhtml1/DTD/xhtml1-transitional.dtd">
<html xmlns="http://www.w3.org/1999/xhtml" xml:lang="en" lang="en">
 <head>
  <title>
</title>
<meta http-equiv="Content-Type" content="text/html;charset=utf-8" />
  <meta name='ocr-system' content='tesseract 3.04.00' />
  <meta name='ocr-capabilities' content='ocr_page ocr_carea ocr_par ocr_line ocrx_word'/>
</head>
<body>
  <div class='ocr_page' id='page_1' title='image "./bullarumdiplomat09cath/bullarumdiplomat09cath_0252.png"; bbox 0 0 2226 3070; ppageno 0'>
   <div class='ocr_carea' id='block_1_1' title="bbox 255 261 436 291">
    <p class='ocr_par' dir='ltr' id='par_1_1' title="bbox 255 261 436 291">
     <span class='ocr_line' id='line_1_1' title="bbox 255 261 436 291; baseline 0.006 -1"><span class='ocrx_word' id='word_1_1' title='bbox 255 262 308 290; x_wconf 80' lang='lat' dir='ltr'>An.</span> <span class='ocrx_word' id='word_1_2' title='bbox 326 261 355 290; x_wconf 91' lang='lat' dir='ltr'>C.</span> <span class='ocrx_word' id='word_1_3' title='bbox 367 263 436 291; x_wconf 72' lang='lat'>1590</span> 
     </span>
    </p>
   </div>
   <div class='ocr_carea' id='block_1_2' title="bbox 450 247 1993 378">
    <p class='ocr_par' dir='ltr' id='par_1_2' title="bbox 450 247 1993 378">
     <span class='ocr_line' id='line_1_2' title="bbox 495 247 1397 281; baseline -0.004 0"><span class='ocrx_word' id='word_1_4' title='bbox 495 247 561 281; x_wconf 68' lang='lat'><strong>0226·</strong></span> <span class='ocrx_word' id='word_1_5' title='bbox 967 249 974 256; x_wconf 75' lang='lat'><strong>⁹</strong></span> <span class='ocrx_word' id='word_1_6' title='bbox 1047 254 1226 279; x_wconf 71' lang='lat' dir='ltr'>BULLARIUM</span> <span class='ocrx_word' id='word_1_7' title='bbox 1245 247 1397 278; x_wconf 70' lang='lat' dir='ltr'>Romnum</span> 
     </span>
     <span class='ocr_line' id='line_1_3' title="bbox 450 306 1993 378; baseline -0.002 -35"><span class='ocrx_word' id='word_1_8' title='bbox 450 320 518 343; x_wconf 83' lang='lat' dir='ltr'>esse</span> <span class='ocrx_word' id='word_1_9' title='bbox 542 310 575 342; x_wconf 89' lang='lat' dir='ltr'>in</span> <span class='ocrx_word' id='word_1_10' title='bbox 600 309 668 342; x_wconf 86' lang='lat' dir='ltr'>eius</span> <span class='ocrx_word' id='word_1_11' title='bbox 688 309 776 342; x_wconf 89' lang='lat' dir='ltr'>obitu</span> <span class='ocrx_word' id='word_1_12' title='bbox 796 309 1071 352; x_wconf 78' lang='lat' dir='ltr'>deprehendatur,</span> <span class='ocrx_word' id='word_1_13' title='bbox 1094 309 1198 340; x_wconf 85' lang='lat' dir='ltr'>eccle·</span> <span class='ocrx_word' id='word_1_14' title='bbox 1219 320 1224 378; x_wconf 59' lang='lat' dir='ltr'>J</span> <span class='ocrx_word' id='word_1_15' title='bbox 1241 306 1352 346; x_wconf 87' lang='lat' dir='ltr'>rissac,</span> <span class='ocrx_word' id='word_1_16' title='bbox 1379 316 1438 350; x_wconf 88' lang='lat' dir='ltr'>per</span> <span class='ocrx_word' id='word_1_17' title='bbox 1457 306 1612 339; x_wconf 82' lang='lat' dir='ltr'>vicarium</span> <span class='ocrx_word' id='word_1_18' title='bbox 1634 306 1818 349; x_wconf 81' lang='lat' dir='ltr'>generalem</span> <span class='ocrx_word' id='word_1_19' title='bbox 1839 307 1887 340; x_wconf 90' lang='lat' dir='ltr'>vel</span> <span class='ocrx_word' id='word_1_20' title='bbox 1905 317 1993 340; x_wconf 91' lang='lat' dir='ltr'>com-</span> 
     </span>
    </p>
   </div>
   <div class='ocr_carea' id='block_1_3' title="bbox 450 359 1994 512">
    <p class='ocr_par' dir='ltr' id='par_1_3' title="bbox 450 359 1994 512">
     <span class='ocr_line' id='line_1_4' title="bbox 450 359 1994 406; baseline -0.001 -10"><span class='ocrx_word' id='word_1_21' title='bbox 450 363 576 396; x_wconf 87' lang='lat' dir='ltr'>siastica</span> <span class='ocrx_word' id='word_1_22' title='bbox 593 368 701 396; x_wconf 86' lang='lat' dir='ltr'>careat</span> <span class='ocrx_word' id='word_1_23' title='bbox 724 363 903 406; x_wconf 76' lang='lat' dir='ltr'>sepultura.</span> <span class='ocrx_word' id='word_1_24' title='bbox 1241 360 1425 393; x_wconf 68' lang='lat' dir='ltr'>missal-inm</span> <span class='ocrx_word' id='word_1_25' title='bbox 1445 359 1577 394; x_wconf 90' lang='lat' dir='ltr'>liberari</span> <span class='ocrx_word' id='word_1_26' title='bbox 1588 364 1644 392; x_wconf 85' lang='lat' dir='ltr'>aut</span> <span class='ocrx_word' id='word_1_27' title='bbox 1662 360 1824 392; x_wconf 81' lang='lat' dir='ltr'>liabilitari</span> <span class='ocrx_word' id='word_1_28' title='bbox 1845 371 1994 394; x_wconf 83' lang='lat' dir='ltr'>merean-</span> 
     </span>
     <span class='ocr_line' id='line_1_5' title="bbox 494 410 1339 460; baseline -0.004 -10"><span class='ocrx_word' id='word_1_29' title='bbox 494 416 525 450; x_wconf 89' lang='lat' dir='ltr'>Si</span> <span class='ocrx_word' id='word_1_30' title='bbox 545 428 608 460; x_wconf 88' lang='lat' dir='ltr'>qua</span> <span class='ocrx_word' id='word_1_31' title='bbox 628 417 660 449; x_wconf 92' lang='lat' dir='ltr'>in</span> <span class='ocrx_word' id='word_1_32' title='bbox 681 415 866 460; x_wconf 74' lang='lat' dir='ltr'>priorissam</span> <span class='ocrx_word' id='word_1_33' title='bbox 887 416 935 448; x_wconf 80' lang='lat' dir='ltr'>vel</span> <span class='ocrx_word' id='word_1_34' title='bbox 952 415 984 447; x_wconf 93' lang='lat' dir='ltr'>in</span> <span class='ocrx_word' id='word_1_35' title='bbox 1010 415 1150 458; x_wconf 77' lang='lat' dir='ltr'>aliquam</span> <span class='ocrx_word' id='word_1_36' title='bbox 1164 425 1197 447; x_wconf 85' lang='lat' dir='ltr'>a—</span> <span class='ocrx_word' id='word_1_37' title='bbox 1240 420 1306 448; x_wconf 85' lang='lat' dir='ltr'>tur.</span> <span class='ocrx_word' id='word_1_38' title='bbox 1337 410 1339 412; x_wconf 52' lang='grc'>’</span> 
     </span>
     <span class='ocr_line' id='line_1_6' title="bbox 451 467 1994 512; baseline -0.001 -10"><span class='ocrx_word' id='word_1_39' title='bbox 451 470 525 504; x_wconf 84' lang='lat' dir='ltr'>liam</span> <span class='ocrx_word' id='word_1_40' title='bbox 545 481 688 504; x_wconf 89' lang='lat' dir='ltr'>sororem</span> <span class='ocrx_word' id='word_1_41' title='bbox 708 470 863 503; x_wconf 77' lang='lat' dir='ltr'>violentas</span> <span class='ocrx_word' id='word_1_42' title='bbox 879 479 994 502; x_wconf 87' lang='lat' dir='ltr'>manus</span> <span class='ocrx_word' id='word_1_43' title='bbox 1013 468 1172 502; x_wconf 86' lang='lat' dir='ltr'>iniecerit.</span> <span class='ocrx_word' id='word_1_44' title='bbox 1284 468 1516 512; x_wconf 77' lang='lat' dir='ltr'>Quaecumque</span> <span class='ocrx_word' id='word_1_45' title='bbox 1537 473 1648 501; x_wconf 88' lang='lat' dir='ltr'>autem</span> <span class='ocrx_word' id='word_1_46' title='bbox 1669 468 1701 500; x_wconf 91' lang='lat' dir='ltr'>in</span> <span class='ocrx_word' id='word_1_47' title='bbox 1719 467 1908 500; x_wconf 87' lang='lat' dir='ltr'>huiusmodi</span> <span class='ocrx_word' id='word_1_48' title='bbox 1925 478 1994 501; x_wconf 86' lang='lat' dir='ltr'>car-</span> 
     </span>
    </p>
   </div>
   <div class='ocr_carea' id='block_1_4' title="bbox 445 520 1993 1476">
    <p class='ocr_par' dir='ltr' id='par_1_4' title="bbox 1239 520 1993 1208">
     <span class='ocr_line' id='line_1_7' title="bbox 1240 520 1992 562; baseline -0.001 -7"><span class='ocrx_word' id='word_1_49' title='bbox 1240 532 1314 555; x_wconf 85' lang='lat' dir='ltr'>cere</span> <span class='ocrx_word' id='word_1_50' title='bbox 1334 522 1461 555; x_wconf 89' lang='lat' dir='ltr'>detenta</span> <span class='ocrx_word' id='word_1_51' title='bbox 1486 520 1596 562; x_wconf 86' lang='lat' dir='ltr'>fuerit,</span> <span class='ocrx_word' id='word_1_52' title='bbox 1624 521 1748 554; x_wconf 79' lang='lat' dir='ltr'>noverit</span> <span class='ocrx_word' id='word_1_53' title='bbox 1769 532 1801 554; x_wconf 89' lang='lat' dir='ltr'>se</span> <span class='ocrx_word' id='word_1_54' title='bbox 1829 532 1907 554; x_wconf 79' lang='lat' dir='ltr'>voce</span> <span class='ocrx_word' id='word_1_55' title='bbox 1926 527 1992 554; x_wconf 86' lang='lat' dir='ltr'>tam</span> 
     </span>
     <span class='ocr_line' id='line_1_8' title="bbox 1240 575 1993 619; baseline 0.001 -12"><span class='ocrx_word' id='word_1_56' title='bbox 1240 575 1340 608; x_wconf 83' lang='lat' dir='ltr'>activa</span> <span class='ocrx_word' id='word_1_57' title='bbox 1360 586 1457 618; x_wconf 89' lang='lat' dir='ltr'>quam</span> <span class='ocrx_word' id='word_1_58' title='bbox 1482 575 1614 619; x_wconf 82' lang='lat' dir='ltr'>passiva,</span> <span class='ocrx_word' id='word_1_59' title='bbox 1628 586 1665 608; x_wconf 86' lang='lat' dir='ltr'>ac</span> <span class='ocrx_word' id='word_1_60' title='bbox 1685 575 1779 608; x_wconf 90' lang='lat' dir='ltr'>etiam</span> <span class='ocrx_word' id='word_1_61' title='bbox 1796 575 1869 608; x_wconf 87' lang='lat' dir='ltr'>loco</span> <span class='ocrx_word' id='word_1_62' title='bbox 1889 575 1993 608; x_wconf 91' lang='lat' dir='ltr'>omni-</span> 
     </span>
     <span class='ocr_line' id='line_1_9' title="bbox 1240 628 1991 672; baseline -0.001 -11"><span class='ocrx_word' id='word_1_63' title='bbox 1240 639 1303 671; x_wconf 85' lang='lat' dir='ltr'>que</span> <span class='ocrx_word' id='word_1_64' title='bbox 1324 634 1398 661; x_wconf 88' lang='lat' dir='ltr'>aetu</span> <span class='ocrx_word' id='word_1_65' title='bbox 1417 628 1563 671; x_wconf 79' lang='lat' dir='ltr'>legitimo</span> <span class='ocrx_word' id='word_1_66' title='bbox 1576 633 1606 661; x_wconf 88' lang='lat' dir='ltr'>ct</span> <span class='ocrx_word' id='word_1_67' title='bbox 1626 628 1734 661; x_wconf 83' lang='lat' dir='ltr'>officio</span> <span class='ocrx_word' id='word_1_68' title='bbox 1752 633 1911 672; x_wconf 87' lang='lat' dir='ltr'>perpetuo</span> <span class='ocrx_word' id='word_1_69' title='bbox 1927 628 1991 672; x_wconf 90' lang='lat' dir='ltr'>pri-</span> 
     </span>
     <span class='ocr_line' id='line_1_10' title="bbox 1239 681 1991 726; baseline -0.001 -11"><span class='ocrx_word' id='word_1_70' title='bbox 1239 688 1344 715; x_wconf 72' lang='lat' dir='ltr'>vatam</span> <span class='ocrx_word' id='word_1_71' title='bbox 1368 693 1456 715; x_wconf 86' lang='lat' dir='ltr'>esse:</span> <span class='ocrx_word' id='word_1_72' title='bbox 1485 693 1598 726; x_wconf 86' lang='lat' dir='ltr'>quare,</span> <span class='ocrx_word' id='word_1_73' title='bbox 1625 688 1656 715; x_wconf 90' lang='lat' dir='ltr'>et</span> <span class='ocrx_word' id='word_1_74' title='bbox 1679 681 1705 714; x_wconf 72' lang='lat' dir='ltr'>si</span> <span class='ocrx_word' id='word_1_75' title='bbox 1727 692 1744 714; x_wconf 90' lang='lat' dir='ltr'>a</span> <span class='ocrx_word' id='word_1_76' title='bbox 1765 692 1895 714; x_wconf 88' lang='lat' dir='ltr'>carcere</span> <span class='ocrx_word' id='word_1_77' title='bbox 1914 681 1991 714; x_wconf 91' lang='lat' dir='ltr'>libe-</span> 
     </span>
     <span class='ocr_line' id='line_1_11' title="bbox 1240 735 1993 779; baseline 0.001 -12"><span class='ocrx_word' id='word_1_78' title='bbox 1240 741 1341 777; x_wconf 89' lang='lat' dir='ltr'>retur,</span> <span class='ocrx_word' id='word_1_79' title='bbox 1364 746 1429 768; x_wconf 87' lang='lat' dir='ltr'>non</span> <span class='ocrx_word' id='word_1_80' title='bbox 1449 741 1620 779; x_wconf 85' lang='lat' dir='ltr'>propterea</span> <span class='ocrx_word' id='word_1_81' title='bbox 1649 735 1688 767; x_wconf 90' lang='lat' dir='ltr'>ad</span> <span class='ocrx_word' id='word_1_82' title='bbox 1714 735 1878 778; x_wconf 81' lang='lat' dir='ltr'>praedicta</span> <span class='ocrx_word' id='word_1_83' title='bbox 1903 735 1993 768; x_wconf 87' lang='lat' dir='ltr'>resti—</span> 
     </span>
     <span class='ocr_line' id='line_1_12' title="bbox 1241 788 1990 832; baseline -0.001 -10"><span class='ocrx_word' id='word_1_84' title='bbox 1241 794 1309 822; x_wconf 88' lang='lat' dir='ltr'>tuta</span> <span class='ocrx_word' id='word_1_85' title='bbox 1330 790 1403 829; x_wconf 89' lang='lat' dir='ltr'>erit,</span> <span class='ocrx_word' id='word_1_86' title='bbox 1420 789 1480 821; x_wconf 89' lang='lat' dir='ltr'>nisi</span> <span class='ocrx_word' id='word_1_87' title='bbox 1501 788 1650 832; x_wconf 80' lang='lat' dir='ltr'>specifice</span> <span class='ocrx_word' id='word_1_88' title='bbox 1671 794 1698 821; x_wconf 85' lang='lat' dir='ltr'>ct</span> <span class='ocrx_word' id='word_1_89' title='bbox 1717 799 1865 832; x_wconf 77' lang='lat' dir='ltr'>expresse</span> <span class='ocrx_word' id='word_1_90' title='bbox 1885 789 1947 821; x_wconf 86' lang='lat' dir='ltr'>hoc</span> <span class='ocrx_word' id='word_1_91' title='bbox 1962 788 1990 821; x_wconf 90' lang='lat' dir='ltr'>ei</span> 
     </span>
     <span class='ocr_line' id='line_1_13' title="bbox 1240 842 1991 885; baseline 0.001 -10"><span class='ocrx_word' id='word_1_92' title='bbox 1240 842 1435 875; x_wconf 86' lang='lat' dir='ltr'>beneficium</span> <span class='ocrx_word' id='word_1_93' title='bbox 1448 842 1658 883; x_wconf 78' lang='lat' dir='ltr'>concedatur,</span> <span class='ocrx_word' id='word_1_94' title='bbox 1673 848 1703 875; x_wconf 90' lang='lat' dir='ltr'>et</span> <span class='ocrx_word' id='word_1_95' title='bbox 1722 842 1868 885; x_wconf 83' lang='lat' dir='ltr'>quamvis</span> <span class='ocrx_word' id='word_1_96' title='bbox 1888 842 1927 875; x_wconf 93' lang='lat' dir='ltr'>ad</span> <span class='ocrx_word' id='word_1_97' title='bbox 1943 842 1991 876; x_wconf 92' lang='lat' dir='ltr'>lo—</span> 
     </span>
     <span class='ocr_line' id='line_1_14' title="bbox 1240 896 1990 937; baseline 0 -8"><span class='ocrx_word' id='word_1_98' title='bbox 1240 907 1315 929; x_wconf 85' lang='lat' dir='ltr'>cum</span> <span class='ocrx_word' id='word_1_99' title='bbox 1336 897 1536 937; x_wconf 65' lang='lat' dir='ltr'>restituatur,</span> <span class='ocrx_word' id='word_1_100' title='bbox 1556 906 1621 929; x_wconf 87' lang='lat' dir='ltr'>non</span> <span class='ocrx_word' id='word_1_101' title='bbox 1639 902 1746 929; x_wconf 89' lang='lat' dir='ltr'>tamen</span> <span class='ocrx_word' id='word_1_102' title='bbox 1768 896 1808 929; x_wconf 90' lang='lat' dir='ltr'>ad</span> <span class='ocrx_word' id='word_1_103' title='bbox 1827 907 1938 929; x_wconf 84' lang='lat' dir='ltr'>vocem</span> <span class='ocrx_word' id='word_1_104' title='bbox 1958 896 1990 929; x_wconf 90' lang='lat' dir='ltr'>in</span> 
     </span>
     <span class='ocr_line' id='line_1_15' title="bbox 1240 950 1992 993; baseline 0 -10"><span class='ocrx_word' id='word_1_105' title='bbox 1240 950 1382 993; x_wconf 88' lang='lat' dir='ltr'>capitulo</span> <span class='ocrx_word' id='word_1_106' title='bbox 1406 950 1553 983; x_wconf 83' lang='lat' dir='ltr'>restituta</span> <span class='ocrx_word' id='word_1_107' title='bbox 1583 955 1766 988; x_wconf 88' lang='lat' dir='ltr'>censeatur;</span> <span class='ocrx_word' id='word_1_108' title='bbox 1793 950 1881 992; x_wconf 89' lang='lat' dir='ltr'>quod</span> <span class='ocrx_word' id='word_1_109' title='bbox 1911 950 1935 983; x_wconf 89' lang='lat' dir='ltr'>si</span> <span class='ocrx_word' id='word_1_110' title='bbox 1961 961 1992 983; x_wconf 86' lang='lat' dir='ltr'>c-</span> 
     </span>
     <span class='ocr_line' id='line_1_16' title="bbox 1241 1003 1989 1044; baseline 0.001 -8"><span class='ocrx_word' id='word_1_111' title='bbox 1241 1004 1316 1037; x_wconf 89' lang='lat' dir='ltr'>tiam</span> <span class='ocrx_word' id='word_1_112' title='bbox 1342 1004 1382 1036; x_wconf 87' lang='lat' dir='ltr'>ad</span> <span class='ocrx_word' id='word_1_113' title='bbox 1414 1014 1527 1037; x_wconf 64' lang='lat' dir='ltr'>rocem</span> <span class='ocrx_word' id='word_1_114' title='bbox 1552 1003 1686 1036; x_wconf 65' lang='lat' dir='ltr'>activam</span> <span class='ocrx_word' id='word_1_115' title='bbox 1715 1003 1862 1036; x_wconf 83' lang='lat' dir='ltr'>restituta</span> <span class='ocrx_word' id='word_1_116' title='bbox 1881 1004 1989 1044; x_wconf 83' lang='lat' dir='ltr'>fuerit,</span> 
     </span>
     <span class='ocr_line' id='line_1_17' title="bbox 1239 1056 1990 1100; baseline 0 -10"><span class='ocrx_word' id='word_1_117' title='bbox 1239 1067 1303 1090; x_wconf 87' lang='lat' dir='ltr'>non</span> <span class='ocrx_word' id='word_1_118' title='bbox 1323 1063 1431 1090; x_wconf 87' lang='lat' dir='ltr'>tamen</span> <span class='ocrx_word' id='word_1_119' title='bbox 1455 1058 1495 1090; x_wconf 90' lang='lat' dir='ltr'>ad</span> <span class='ocrx_word' id='word_1_120' title='bbox 1516 1057 1673 1100; x_wconf 69' lang='lat' dir='ltr'>passivam</span> <span class='ocrx_word' id='word_1_121' title='bbox 1703 1056 1850 1090; x_wconf 84' lang='lat' dir='ltr'>restituta</span> <span class='ocrx_word' id='word_1_122' title='bbox 1871 1057 1990 1091; x_wconf 86' lang='lat' dir='ltr'>intelli-</span> 
     </span>
     <span class='ocr_line' id='line_1_18' title="bbox 1239 1110 1989 1153; baseline 0 -9"><span class='ocrx_word' id='word_1_123' title='bbox 1239 1117 1344 1153; x_wconf 77' lang='lat' dir='ltr'>gatur,</span> <span class='ocrx_word' id='word_1_124' title='bbox 1367 1111 1427 1143; x_wconf 87' lang='lat' dir='ltr'>nisi</span> <span class='ocrx_word' id='word_1_125' title='bbox 1451 1117 1557 1144; x_wconf 85' lang='lat' dir='ltr'>tamen</span> <span class='ocrx_word' id='word_1_126' title='bbox 1579 1110 1608 1143; x_wconf 92' lang='lat' dir='ltr'>id</span> <span class='ocrx_word' id='word_1_127' title='bbox 1640 1111 1681 1150; x_wconf 86' lang='lat' dir='ltr'>ei,</span> <span class='ocrx_word' id='word_1_128' title='bbox 1708 1116 1745 1143; x_wconf 91' lang='lat' dir='ltr'>ut</span> <span class='ocrx_word' id='word_1_129' title='bbox 1771 1110 1894 1143; x_wconf 87' lang='lat' dir='ltr'>dictum</span> <span class='ocrx_word' id='word_1_130' title='bbox 1929 1116 1989 1152; x_wconf 89' lang='lat' dir='ltr'>est,</span> 
     </span>
     <span class='ocr_line' id='line_1_19' title="bbox 1239 1163 1988 1208; baseline 0.001 -11"><span class='ocrx_word' id='word_1_131' title='bbox 1239 1164 1421 1208; x_wconf 78' lang='lat' dir='ltr'>specialiter</span> <span class='ocrx_word' id='word_1_132' title='bbox 1441 1170 1472 1197; x_wconf 89' lang='lat' dir='ltr'>et</span> <span class='ocrx_word' id='word_1_133' title='bbox 1504 1174 1652 1207; x_wconf 80' lang='lat' dir='ltr'>expresse</span> <span class='ocrx_word' id='word_1_134' title='bbox 1677 1163 1774 1197; x_wconf 83' lang='lat' dir='ltr'>fuerit</span> <span class='ocrx_word' id='word_1_135' title='bbox 1785 1174 1988 1198; x_wconf 86' lang='lat' dir='ltr'>concessum.</span> 
     </span>
    </p>

    <p class='ocr_par' dir='ltr' id='par_1_5' title="bbox 445 1217 1990 1476">
     <span class='ocr_line' id='line_1_20' title="bbox 1282 1217 1990 1261; baseline 0.001 -11"><span class='ocrx_word' id='word_1_136' title='bbox 1282 1218 1319 1250; x_wconf 89' lang='lat' dir='ltr'>Et</span> <span class='ocrx_word' id='word_1_137' title='bbox 1338 1218 1552 1251; x_wconf 84' lang='lat' dir='ltr'>nihilominus</span> <span class='ocrx_word' id='word_1_138' title='bbox 1573 1228 1655 1261; x_wconf 85' lang='lat' dir='ltr'>quae</span> <span class='ocrx_word' id='word_1_139' title='bbox 1675 1218 1708 1250; x_wconf 93' lang='lat' dir='ltr'>in</span> <span class='ocrx_word' id='word_1_140' title='bbox 1728 1217 1912 1261; x_wconf 89' lang='lat' dir='ltr'>praedictos</span> <span class='ocrx_word' id='word_1_141' title='bbox 1936 1228 1990 1251; x_wconf 87' lang='lat' dir='ltr'>ca-</span> 
     </span>
     <span class='ocr_line' id='line_1_21' title="bbox 1239 1270 1989 1315; baseline 0.001 -12"><span class='ocrx_word' id='word_1_142' title='bbox 1239 1281 1292 1303; x_wconf 88' lang='lat' dir='ltr'>sus</span> <span class='ocrx_word' id='word_1_143' title='bbox 1312 1271 1674 1314; x_wconf 81' lang='lat' dir='ltr'>incurre1·it,nunquani</span> <span class='ocrx_word' id='word_1_144' title='bbox 1695 1270 1857 1303; x_wconf 85' lang='lat' dir='ltr'>habilitari</span> <span class='ocrx_word' id='word_1_145' title='bbox 1877 1271 1989 1315; x_wconf 80' lang='lat' dir='ltr'>possit,</span> 
     </span>
     <span class='ocr_line' id='line_1_22' title="bbox 1238 1323 1989 1367; baseline 0.003 -11"><span class='ocrx_word' id='word_1_146' title='bbox 1238 1329 1273 1357; x_wconf 88' lang='lat' dir='ltr'>ut</span> <span class='ocrx_word' id='word_1_147' title='bbox 1293 1324 1333 1357; x_wconf 89' lang='lat' dir='ltr'>ad</span> <span class='ocrx_word' id='word_1_148' title='bbox 1353 1324 1483 1367; x_wconf 89' lang='lat' dir='ltr'>aliquod</span> <span class='ocrx_word' id='word_1_149' title='bbox 1513 1324 1658 1357; x_wconf 76' lang='lat' dir='ltr'>osticium</span> <span class='ocrx_word' id='word_1_150' title='bbox 1687 1323 1761 1367; x_wconf 84' lang='lat' dir='ltr'>eligi</span> <span class='ocrx_word' id='word_1_151' title='bbox 1783 1324 1900 1364; x_wconf 84' lang='lat' dir='ltr'>valeat,</span> <span class='ocrx_word' id='word_1_152' title='bbox 1932 1335 1989 1358; x_wconf 87' lang='lat' dir='ltr'>nc-</span> 
     </span>
     <span class='ocr_line' id='line_1_23' title="bbox 447 1378 1990 1422; baseline 0.001 -12"><span class='ocrx_word' id='word_1_153' title='bbox 447 1378 541 1411; x_wconf 90' lang='lat' dir='ltr'>lionis</span> <span class='ocrx_word' id='word_1_154' title='bbox 558 1389 672 1422; x_wconf 89' lang='lat' dir='ltr'>poena,</span> <span class='ocrx_word' id='word_1_155' title='bbox 690 1379 723 1412; x_wconf 93' lang='lat' dir='ltr'>in</span> <span class='ocrx_word' id='word_1_156' title='bbox 744 1390 907 1413; x_wconf 80' lang='lat' dir='ltr'>carcerem</span> <span class='ocrx_word' id='word_1_157' title='bbox 928 1379 1047 1412; x_wconf 88' lang='lat' dir='ltr'>ducere</span> <span class='ocrx_word' id='word_1_158' title='bbox 1067 1384 1197 1413; x_wconf 91' lang='lat' dir='ltr'>tenean-</span> <span class='ocrx_word' id='word_1_159' title='bbox 1238 1389 1301 1422; x_wconf 88' lang='lat' dir='ltr'>quc</span> <span class='ocrx_word' id='word_1_160' title='bbox 1322 1388 1381 1422; x_wconf 90' lang='lat' dir='ltr'>pro</span> <span class='ocrx_word' id='word_1_161' title='bbox 1402 1379 1489 1411; x_wconf 87' lang='lat' dir='ltr'>socia</span> <span class='ocrx_word' id='word_1_162' title='bbox 1509 1378 1573 1411; x_wconf 76' lang='lat' dir='ltr'>sive</span> <span class='ocrx_word' id='word_1_163' title='bbox 1601 1378 1834 1411; x_wconf 85' lang='lat' dir='ltr'>auscultatrice</span> <span class='ocrx_word' id='word_1_164' title='bbox 1854 1379 1894 1412; x_wconf 88' lang='lat' dir='ltr'>ad</span> <span class='ocrx_word' id='word_1_165' title='bbox 1924 1383 1990 1412; x_wconf 87' lang='lat' dir='ltr'>tor-</span> 
     </span>
     <span class='ocr_line' id='line_1_24' title="bbox 445 1431 1986 1476; baseline 0.001 -13"><span class='ocrx_word' id='word_1_166' title='bbox 445 1436 509 1471; x_wconf 88' lang='lat' dir='ltr'>tur‚</span> <span class='ocrx_word' id='word_1_167' title='bbox 532 1442 679 1475; x_wconf 88' lang='lat' dir='ltr'>eamque,</span> <span class='ocrx_word' id='word_1_168' title='bbox 700 1432 841 1476; x_wconf 83' lang='lat' dir='ltr'>exceptis</span> <span class='ocrx_word' id='word_1_169' title='bbox 862 1433 1136 1473; x_wconf 85' lang='lat' dir='ltr'>custodibus‚non</span> <span class='ocrx_word' id='word_1_170' title='bbox 1154 1433 1197 1465; x_wconf 90' lang='lat' dir='ltr'>al-</span> <span class='ocrx_word' id='word_1_171' title='bbox 1239 1442 1317 1465; x_wconf 91' lang='lat' dir='ltr'>num</span> <span class='ocrx_word' id='word_1_172' title='bbox 1337 1436 1393 1464; x_wconf 85' lang='lat' dir='ltr'>aut</span> <span class='ocrx_word' id='word_1_173' title='bbox 1411 1431 1609 1465; x_wconf 88' lang='lat' dir='ltr'>locutorium</span> <span class='ocrx_word' id='word_1_174' title='bbox 1631 1432 1741 1465; x_wconf 88' lang='lat' dir='ltr'>autad</span> <span class='ocrx_word' id='word_1_175' title='bbox 1754 1431 1850 1464; x_wconf 84' lang='lat' dir='ltr'>aliam</span> <span class='ocrx_word' id='word_1_176' title='bbox 1862 1437 1986 1475; x_wconf 87' lang='lat' dir='ltr'>partem</span> 
     </span>
    </p>
   </div>
   <div class='ocr_carea' id='block_1_5' title="bbox 445 521 1400 1530">
    <p class='ocr_par' dir='ltr' id='par_1_6' title="bbox 445 503 1400 2365">
     <span class='ocr_line' id='line_1_25' title="bbox 493 521 1158 567; baseline -0.004 -10"><span class='ocrx_word' id='word_1_177' title='bbox 493 524 524 557; x_wconf 84' lang='lat' dir='ltr'>Si</span> <span class='ocrx_word' id='word_1_178' title='bbox 551 535 615 567; x_wconf 88' lang='lat' dir='ltr'>qua</span> <span class='ocrx_word' id='word_1_179' title='bbox 639 524 763 557; x_wconf 81' lang='lat' dir='ltr'>crimen</span> <span class='ocrx_word' id='word_1_180' title='bbox 796 523 933 556; x_wconf 88' lang='lat' dir='ltr'>alicuius</span> <span class='ocrx_word' id='word_1_181' title='bbox 968 533 1004 555; x_wconf 79' lang='lat' dir='ltr'>ex</span> <span class='ocrx_word' id='word_1_182' title='bbox 1049 521 1158 555; x_wconf 71' lang='lat' dir='ltr'>ool]</span> 
     </span>
     <span class='ocr_line' id='line_1_26' title="bbox 445 1484 1400 1530; baseline 0 -13"><span class='ocrx_word' id='word_1_183' title='bbox 445 1485 635 1528; x_wconf 78' lang='lat' dir='ltr'>loquantur,</span> <span class='ocrx_word' id='word_1_184' title='bbox 655 1496 714 1519; x_wconf 88' lang='lat' dir='ltr'>nec</span> <span class='ocrx_word' id='word_1_185' title='bbox 729 1487 796 1520; x_wconf 89' lang='lat' dir='ltr'>ulla</span> <span class='ocrx_word' id='word_1_186' title='bbox 811 1487 851 1519; x_wconf 88' lang='lat' dir='ltr'>ad</span> <span class='ocrx_word' id='word_1_187' title='bbox 872 1497 942 1520; x_wconf 86' lang='lat' dir='ltr'>eam</span> <span class='ocrx_word' id='word_1_188' title='bbox 962 1497 1055 1519; x_wconf 85' lang='lat' dir='ltr'>soror</span> <span class='ocrx_word' id='word_1_189' title='bbox 1074 1486 1195 1530; x_wconf 86' lang='lat' dir='ltr'>aliquid</span> <span class='ocrx_word' id='word_1_190' title='bbox 1239 1484 1400 1528; x_wconf 85' lang='lat' dir='ltr'>deputari.</span> 
     </span>
    </p>
   </div>
   <div class='ocr_carea' id='block_1_6' title="bbox 445 576 1199 1369">
    <p class='ocr_par' dir='ltr' id='par_1_7' title="bbox 449 576 1199 770">
     <span class='ocr_line' id='line_1_27' title="bbox 450 576 1199 620; baseline -0.003 -10"><span class='ocrx_word' id='word_1_191' title='bbox 450 578 497 610; x_wconf 77' lang='lat' dir='ltr'>vel</span> <span class='ocrx_word' id='word_1_192' title='bbox 513 583 688 610; x_wconf 81' lang='lat' dir='ltr'>conventus</span> <span class='ocrx_word' id='word_1_193' title='bbox 700 577 811 620; x_wconf 83' lang='lat' dir='ltr'>quovis</span> <span class='ocrx_word' id='word_1_194' title='bbox 826 576 922 609; x_wconf 90' lang='lat' dir='ltr'>modo</span> <span class='ocrx_word' id='word_1_195' title='bbox 935 576 1082 620; x_wconf 88' lang='lat' dir='ltr'>personis</span> <span class='ocrx_word' id='word_1_196' title='bbox 1095 581 1199 608; x_wconf 79' lang='lat' dir='ltr'>extra-</span> 
     </span>
     <span class='ocr_line' id='line_1_28' title="bbox 450 629 1197 674; baseline -0.001 -11"><span class='ocrx_word' id='word_1_197' title='bbox 450 631 529 671; x_wconf 84' lang='lat' dir='ltr'>neis,</span> <span class='ocrx_word' id='word_1_198' title='bbox 553 641 589 663; x_wconf 82' lang='lat' dir='ltr'>ex</span> <span class='ocrx_word' id='word_1_199' title='bbox 609 641 673 674; x_wconf 90' lang='lat' dir='ltr'>quo</span> <span class='ocrx_word' id='word_1_200' title='bbox 694 641 787 663; x_wconf 87' lang='lat' dir='ltr'>soror</span> <span class='ocrx_word' id='word_1_201' title='bbox 806 631 854 663; x_wconf 85' lang='lat' dir='ltr'>vel</span> <span class='ocrx_word' id='word_1_202' title='bbox 871 630 938 674; x_wconf 88' lang='lat' dir='ltr'>ipse</span> <span class='ocrx_word' id='word_1_203' title='bbox 959 629 1197 663; x_wconf 75' lang='lat' dir='ltr'>conventusin-</span> 
     </span>
     <span class='ocr_line' id='line_1_29' title="bbox 451 683 1199 727; baseline 0 -11"><span class='ocrx_word' id='word_1_204' title='bbox 451 684 561 716; x_wconf 76' lang='lat' dir='ltr'>tamari</span> <span class='ocrx_word' id='word_1_205' title='bbox 582 684 692 727; x_wconf 87' lang='lat' dir='ltr'>possit,</span> <span class='ocrx_word' id='word_1_206' title='bbox 716 683 834 716; x_wconf 72' lang='lat' dir='ltr'>aliosve</span> <span class='ocrx_word' id='word_1_207' title='bbox 854 689 945 716; x_wconf 83' lang='lat' dir='ltr'>actus</span> <span class='ocrx_word' id='word_1_208' title='bbox 965 689 1106 717; x_wconf 85' lang='lat' dir='ltr'>secretos</span> <span class='ocrx_word' id='word_1_209' title='bbox 1122 694 1199 716; x_wconf 80' lang='lat' dir='ltr'>con-</span> 
     </span>
     <span class='ocr_line' id='line_1_30' title="bbox 449 736 746 770; baseline 0 -1"><span class='ocrx_word' id='word_1_210' title='bbox 449 742 562 770; x_wconf 76' lang='lat' dir='ltr'>ventus</span> <span class='ocrx_word' id='word_1_211' title='bbox 579 736 746 770; x_wconf 76' lang='lat' dir='ltr'>detexerit.</span> 
     </span>
    </p>

    <p class='ocr_par' dir='ltr' id='par_1_8' title="bbox 445 790 1198 1369">
     <span class='ocr_line' id='line_1_31' title="bbox 492 790 1197 834; baseline 0.001 -11"><span class='ocrx_word' id='word_1_212' title='bbox 492 790 602 833; x_wconf 86' lang='lat' dir='ltr'>Siqua</span> <span class='ocrx_word' id='word_1_213' title='bbox 622 801 681 833; x_wconf 86' lang='lat' dir='ltr'>pro</span> <span class='ocrx_word' id='word_1_214' title='bbox 701 800 734 822; x_wconf 89' lang='lat' dir='ltr'>se</span> <span class='ocrx_word' id='word_1_215' title='bbox 754 790 803 823; x_wconf 79' lang='lat' dir='ltr'>vel</span> <span class='ocrx_word' id='word_1_216' title='bbox 823 790 895 823; x_wconf 90' lang='lat' dir='ltr'>aliis</span> <span class='ocrx_word' id='word_1_217' title='bbox 906 790 1027 834; x_wconf 89' lang='lat' dir='ltr'>aliquid</span> <span class='ocrx_word' id='word_1_218' title='bbox 1047 790 1197 824; x_wconf 87' lang='lat' dir='ltr'>ambitio-</span> 
     </span>
     <span class='ocr_line' id='line_1_32' title="bbox 448 844 1197 888; baseline 0 -13"><span class='ocrx_word' id='word_1_219' title='bbox 448 854 531 884; x_wconf 83' lang='lat' dir='ltr'>sum,</span> <span class='ocrx_word' id='word_1_220' title='bbox 554 849 609 876; x_wconf 88' lang='lat' dir='ltr'>aut</span> <span class='ocrx_word' id='word_1_221' title='bbox 628 844 736 876; x_wconf 81' lang='lat' dir='ltr'>officia</span> <span class='ocrx_word' id='word_1_222' title='bbox 756 849 811 876; x_wconf 88' lang='lat' dir='ltr'>aut</span> <span class='ocrx_word' id='word_1_223' title='bbox 831 844 919 877; x_wconf 89' lang='lat' dir='ltr'>aliud</span> <span class='ocrx_word' id='word_1_224' title='bbox 936 844 1102 888; x_wconf 85' lang='lat' dir='ltr'>quidpiam</span> <span class='ocrx_word' id='word_1_225' title='bbox 1120 854 1197 877; x_wconf 86' lang='lat' dir='ltr'>con-</span> 
     </span>
     <span class='ocr_line' id='line_1_33' title="bbox 448 897 1195 942; baseline 0 -13"><span class='ocrx_word' id='word_1_226' title='bbox 448 903 494 930; x_wconf 91' lang='lat' dir='ltr'>tra</span> <span class='ocrx_word' id='word_1_227' title='bbox 523 897 648 930; x_wconf 85' lang='lat' dir='ltr'>Ordinis</span> <span class='ocrx_word' id='word_1_228' title='bbox 676 898 923 931; x_wconf 78' lang='lat' dir='ltr'>constitutiones</span> <span class='ocrx_word' id='word_1_229' title='bbox 953 897 1195 942; x_wconf 81' lang='lat' dir='ltr'>procuraveri13</span> 
     </span>
     <span class='ocr_line' id='line_1_34' title="bbox 447 951 1198 993; baseline 0 -10"><span class='ocrx_word' id='word_1_230' title='bbox 447 951 507 984; x_wconf 83' lang='lat' dir='ltr'>bae</span> <span class='ocrx_word' id='word_1_231' title='bbox 526 951 656 993; x_wconf 84' lang='lat' dir='ltr'>quidem</span> <span class='ocrx_word' id='word_1_232' title='bbox 678 962 806 985; x_wconf 83' lang='lat' dir='ltr'>sorores</span> <span class='ocrx_word' id='word_1_233' title='bbox 825 952 858 984; x_wconf 88' lang='lat' dir='ltr'>in</span> <span class='ocrx_word' id='word_1_234' title='bbox 883 962 1047 985; x_wconf 78' lang='lat' dir='ltr'>carcerem</span> <span class='ocrx_word' id='word_1_235' title='bbox 1069 951 1198 983; x_wconf 82' lang='lat' dir='ltr'>mittan-</span> 
     </span>
     <span class='ocr_line' id='line_1_35' title="bbox 448 1004 1196 1048; baseline 0 -12"><span class='ocrx_word' id='word_1_236' title='bbox 448 1010 511 1045; x_wconf 90' lang='lat' dir='ltr'>tur,</span> <span class='ocrx_word' id='word_1_237' title='bbox 530 1004 638 1048; x_wconf 78' lang='lat' dir='ltr'>ibique</span> <span class='ocrx_word' id='word_1_238' title='bbox 656 1005 785 1038; x_wconf 85' lang='lat' dir='ltr'>ieiuniis</span> <span class='ocrx_word' id='word_1_239' title='bbox 803 1010 833 1038; x_wconf 86' lang='lat' dir='ltr'>et</span> <span class='ocrx_word' id='word_1_240' title='bbox 846 1005 1050 1038; x_wconf 77' lang='lat' dir='ltr'>abstinentiis</span> <span class='ocrx_word' id='word_1_241' title='bbox 1065 1005 1196 1048; x_wconf 84' lang='lat' dir='ltr'>plusvcl</span> 
     </span>
     <span class='ocr_line' id='line_1_36' title="bbox 447 1057 1195 1102; baseline 0.001 -13"><span class='ocrx_word' id='word_1_242' title='bbox 447 1057 566 1098; x_wconf 90' lang='lat' dir='ltr'>minus,</span> <span class='ocrx_word' id='word_1_243' title='bbox 587 1058 674 1091; x_wconf 82' lang='lat' dir='ltr'>iuxta</span> <span class='ocrx_word' id='word_1_244' title='bbox 694 1059 907 1102; x_wconf 79' lang='lat' dir='ltr'>quantitatem</span> <span class='ocrx_word' id='word_1_245' title='bbox 929 1064 984 1091; x_wconf 84' lang='lat' dir='ltr'>aut</span> <span class='ocrx_word' id='word_1_246' title='bbox 1008 1059 1195 1102; x_wconf 75' lang='lat' dir='ltr'>qualitatem</span> 
     </span>
     <span class='ocr_line' id='line_1_37' title="bbox 447 1110 1196 1156; baseline 0 -13"><span class='ocrx_word' id='word_1_247' title='bbox 447 1110 566 1151; x_wconf 84' lang='lat' dir='ltr'>delicti,</span> <span class='ocrx_word' id='word_1_248' title='bbox 584 1118 798 1145; x_wconf 88' lang='lat' dir='ltr'>coerceantur</span> <span class='ocrx_word' id='word_1_249' title='bbox 812 1123 871 1156; x_wconf 92' lang='lat' dir='ltr'>pro</span> <span class='ocrx_word' id='word_1_250' title='bbox 888 1112 1063 1156; x_wconf 89' lang='lat' dir='ltr'>prudentia</span> <span class='ocrx_word' id='word_1_251' title='bbox 1083 1123 1139 1145; x_wconf 87' lang='lat' dir='ltr'>seu</span> <span class='ocrx_word' id='word_1_252' title='bbox 1152 1111 1196 1143; x_wconf 92' lang='lat' dir='ltr'>di-</span> 
     </span>
     <span class='ocr_line' id='line_1_38' title="bbox 445 1165 1196 1209; baseline 0.001 -12"><span class='ocrx_word' id='word_1_253' title='bbox 445 1165 605 1198; x_wconf 81' lang='lat' dir='ltr'>scretione</span> <span class='ocrx_word' id='word_1_254' title='bbox 630 1165 815 1209; x_wconf 75' lang='lat' dir='ltr'>priorissae,</span> <span class='ocrx_word' id='word_1_255' title='bbox 838 1171 891 1198; x_wconf 88' lang='lat' dir='ltr'>aut</span> <span class='ocrx_word' id='word_1_256' title='bbox 911 1165 1022 1198; x_wconf 78' lang='lat' dir='ltr'>vicarii</span> <span class='ocrx_word' id='word_1_257' title='bbox 1042 1165 1090 1198; x_wconf 81' lang='lat' dir='ltr'>vel</span> <span class='ocrx_word' id='word_1_258' title='bbox 1107 1176 1196 1198; x_wconf 93' lang='lat' dir='ltr'>com-</span> 
     </span>
     <span class='ocr_line' id='line_1_39' title="bbox 447 1218 1197 1263; baseline 0.003 -13"><span class='ocrx_word' id='word_1_259' title='bbox 447 1218 583 1251; x_wconf 82' lang='lat' dir='ltr'>missarii</span> <span class='ocrx_word' id='word_1_260' title='bbox 611 1219 790 1261; x_wconf 71' lang='lat' dir='ltr'>generalis;</span> <span class='ocrx_word' id='word_1_261' title='bbox 818 1219 997 1263; x_wconf 73' lang='lat' dir='ltr'>quamlibet</span> <span class='ocrx_word' id='word_1_262' title='bbox 1008 1219 1197 1252; x_wconf 86' lang='lat' dir='ltr'>autemista—</span> 
     </span>
     <span class='ocr_line' id='line_1_40' title="bbox 446 1272 1196 1315; baseline 0 -11"><span class='ocrx_word' id='word_1_263' title='bbox 446 1282 518 1304; x_wconf 89' lang='lat' dir='ltr'>rum</span> <span class='ocrx_word' id='word_1_264' title='bbox 539 1272 799 1315; x_wconf 85' lang='lat' dir='ltr'>delinquentium</span> <span class='ocrx_word' id='word_1_265' title='bbox 825 1283 952 1306; x_wconf 82' lang='lat' dir='ltr'>sorores</span> <span class='ocrx_word' id='word_1_266' title='bbox 983 1278 1109 1306; x_wconf 86' lang='lat' dir='ltr'>ceterae</span> <span class='ocrx_word' id='word_1_267' title='bbox 1134 1278 1196 1305; x_wconf 84' lang='lat' dir='ltr'>sta-</span> 
     </span>
     <span class='ocr_line' id='line_1_41' title="bbox 447 1325 1197 1369; baseline 0 -11"><span class='ocrx_word' id='word_1_268' title='bbox 447 1325 504 1358; x_wconf 86' lang='lat' dir='ltr'>tim</span> <span class='ocrx_word' id='word_1_269' title='bbox 522 1331 618 1368; x_wconf 87' lang='lat' dir='ltr'>atque</span> <span class='ocrx_word' id='word_1_270' title='bbox 635 1325 788 1369; x_wconf 86' lang='lat' dir='ltr'>priorissa</span> <span class='ocrx_word' id='word_1_271' title='bbox 797 1325 1005 1366; x_wconf 83' lang='lat' dir='ltr'>mandaverit,</span> <span class='ocrx_word' id='word_1_272' title='bbox 1023 1326 1082 1359; x_wconf 85' lang='lat' dir='ltr'>sub</span> <span class='ocrx_word' id='word_1_273' title='bbox 1094 1326 1197 1359; x_wconf 88' lang='lat' dir='ltr'>rebel-</span> 
     </span>
    </p>
   </div>
   <div class='ocr_carea' id='block_1_7' title="bbox 438 1538 1990 2686">
    <p class='ocr_par' dir='ltr' id='par_1_9' title="bbox 438 1538 1990 2686">
     <span class='ocr_line' id='line_1_42' title="bbox 446 1538 1990 1584; baseline 0.001 -14"><span class='ocrx_word' id='word_1_274' title='bbox 446 1538 548 1571; x_wconf 87' lang='lat' dir='ltr'>mittat</span> <span class='ocrx_word' id='word_1_275' title='bbox 576 1540 636 1572; x_wconf 87' lang='lat' dir='ltr'>sub</span> <span class='ocrx_word' id='word_1_276' title='bbox 668 1540 781 1573; x_wconf 88' lang='lat' dir='ltr'>eadem</span> <span class='ocrx_word' id='word_1_277' title='bbox 816 1550 932 1584; x_wconf 79' lang='lat' dir='ltr'>poena.</span> <span class='ocrx_word' id='word_1_278' title='bbox 958 1540 1049 1578; x_wconf 85' lang='lat' dir='ltr'>Quod</span> <span class='ocrx_word' id='word_1_279' title='bbox 1076 1540 1100 1572; x_wconf 86' lang='lat' dir='ltr'>si</span> <span class='ocrx_word' id='word_1_280' title='bbox 1128 1540 1196 1584; x_wconf 85' lang='lat' dir='ltr'>ipsa</span> <span class='ocrx_word' id='word_1_281' title='bbox 1281 1538 1368 1578; x_wconf 86' lang='lat' dir='ltr'>Quae</span> <span class='ocrx_word' id='word_1_282' title='bbox 1397 1549 1471 1572; x_wconf 87' lang='lat' dir='ltr'>vero</span> <span class='ocrx_word' id='word_1_283' title='bbox 1497 1540 1530 1571; x_wconf 91' lang='lat' dir='ltr'>in</span> <span class='ocrx_word' id='word_1_284' title='bbox 1562 1539 1667 1572; x_wconf 84' lang='lat' dir='ltr'>carnis</span> <span class='ocrx_word' id='word_1_285' title='bbox 1696 1544 1865 1583; x_wconf 86' lang='lat' dir='ltr'>peccatum</span> <span class='ocrx_word' id='word_1_286' title='bbox 1900 1539 1990 1584; x_wconf 85' lang='lat' dir='ltr'>lapsa</span> 
     </span>
     <span class='ocr_line' id='line_1_43' title="bbox 446 1592 1986 1636; baseline 0.001 -11"><span class='ocrx_word' id='word_1_287' title='bbox 446 1598 608 1625; x_wconf 81' lang='lat' dir='ltr'>carcerata</span> <span class='ocrx_word' id='word_1_288' title='bbox 628 1604 645 1626; x_wconf 90' lang='lat' dir='ltr'>a</span> <span class='ocrx_word' id='word_1_289' title='bbox 666 1604 795 1627; x_wconf 85' lang='lat' dir='ltr'>carcere</span> <span class='ocrx_word' id='word_1_290' title='bbox 816 1594 988 1636; x_wconf 72' lang='lat' dir='ltr'>aufugerit,</span> <span class='ocrx_word' id='word_1_291' title='bbox 1021 1604 1113 1627; x_wconf 87' lang='lat' dir='ltr'>soror</span> <span class='ocrx_word' id='word_1_292' title='bbox 1139 1605 1195 1626; x_wconf 88' lang='lat' dir='ltr'>cu-</span> <span class='ocrx_word' id='word_1_293' title='bbox 1238 1592 1350 1632; x_wconf 75' lang='lat' dir='ltr'>suerit,</span> <span class='ocrx_word' id='word_1_294' title='bbox 1385 1592 1531 1636; x_wconf 86' lang='lat' dir='ltr'>quamvis</span> <span class='ocrx_word' id='word_1_295' title='bbox 1568 1598 1763 1636; x_wconf 87' lang='lat' dir='ltr'>compuncta</span> <span class='ocrx_word' id='word_1_296' title='bbox 1803 1598 1833 1626; x_wconf 88' lang='lat' dir='ltr'>et</span> <span class='ocrx_word' id='word_1_297' title='bbox 1861 1593 1986 1634; x_wconf 88' lang='lat' dir='ltr'>dolens,</span> 
     </span>
     <span class='ocr_line' id='line_1_44' title="bbox 446 1645 1988 1691; baseline 0.001 -14"><span class='ocrx_word' id='word_1_298' title='bbox 446 1645 495 1678; x_wconf 88' lang='lat' dir='ltr'>ius</span> <span class='ocrx_word' id='word_1_299' title='bbox 526 1646 671 1680; x_wconf 83' lang='lat' dir='ltr'>custodia</span> <span class='ocrx_word' id='word_1_300' title='bbox 703 1647 875 1680; x_wconf 85' lang='lat' dir='ltr'>commissa</span> <span class='ocrx_word' id='word_1_301' title='bbox 906 1647 1015 1687; x_wconf 85' lang='lat' dir='ltr'>fuerit,</span> <span class='ocrx_word' id='word_1_302' title='bbox 1045 1648 1094 1680; x_wconf 82' lang='lat' dir='ltr'>vel</span> <span class='ocrx_word' id='word_1_303' title='bbox 1114 1658 1196 1691; x_wconf 86' lang='lat' dir='ltr'>quae</span> <span class='ocrx_word' id='word_1_304' title='bbox 1238 1656 1295 1678; x_wconf 86' lang='lat' dir='ltr'>sua</span> <span class='ocrx_word' id='word_1_305' title='bbox 1315 1652 1441 1689; x_wconf 79' lang='lat' dir='ltr'>sponte,</span> <span class='ocrx_word' id='word_1_306' title='bbox 1460 1647 1499 1679; x_wconf 89' lang='lat' dir='ltr'>ad</span> <span class='ocrx_word' id='word_1_307' title='bbox 1519 1646 1756 1690; x_wconf 86' lang='lat' dir='ltr'>poenitentiam</span> <span class='ocrx_word' id='word_1_308' title='bbox 1776 1656 1913 1687; x_wconf 87' lang='lat' dir='ltr'>reversa,</span> <span class='ocrx_word' id='word_1_309' title='bbox 1927 1646 1988 1679; x_wconf 90' lang='lat' dir='ltr'>mi-</span> 
     </span>
     <span class='ocr_line' id='line_1_45' title="bbox 445 1698 1988 1744; baseline 0.001 -13"><span class='ocrx_word' id='word_1_310' title='bbox 445 1698 589 1741; x_wconf 76' lang='lat' dir='ltr'>fugiendi</span> <span class='ocrx_word' id='word_1_311' title='bbox 625 1710 754 1733; x_wconf 88' lang='lat' dir='ltr'>causam</span> <span class='ocrx_word' id='word_1_312' title='bbox 788 1700 989 1744; x_wconf 84' lang='lat' dir='ltr'>praebuerit,</span> <span class='ocrx_word' id='word_1_313' title='bbox 1016 1701 1042 1734; x_wconf 87' lang='lat' dir='ltr'>si</span> <span class='ocrx_word' id='word_1_314' title='bbox 1068 1701 1106 1734; x_wconf 87' lang='lat' dir='ltr'>de</span> <span class='ocrx_word' id='word_1_315' title='bbox 1135 1701 1195 1734; x_wconf 86' lang='lat' dir='ltr'>hoc</span> <span class='ocrx_word' id='word_1_316' title='bbox 1238 1699 1446 1732; x_wconf 73' lang='lat' dir='ltr'>sericordiam</span> <span class='ocrx_word' id='word_1_317' title='bbox 1475 1705 1504 1732; x_wconf 89' lang='lat' dir='ltr'>et</span> <span class='ocrx_word' id='word_1_318' title='bbox 1534 1700 1661 1733; x_wconf 75' lang='lat' dir='ltr'>veniam</span> <span class='ocrx_word' id='word_1_319' title='bbox 1681 1705 1782 1743; x_wconf 85' lang='lat' dir='ltr'>petat,</span> <span class='ocrx_word' id='word_1_320' title='bbox 1804 1699 1895 1733; x_wconf 89' lang='lat' dir='ltr'>nullo</span> <span class='ocrx_word' id='word_1_321' title='bbox 1919 1710 1988 1733; x_wconf 90' lang='lat' dir='ltr'>mo-</span> 
     </span>
     <span class='ocr_line' id='line_1_46' title="bbox 445 1751 1988 1796; baseline 0.002 -12"><span class='ocrx_word' id='word_1_322' title='bbox 445 1752 590 1785; x_wconf 82' lang='lat' dir='ltr'>convicta</span> <span class='ocrx_word' id='word_1_323' title='bbox 621 1753 730 1792; x_wconf 85' lang='lat' dir='ltr'>suerit,</span> <span class='ocrx_word' id='word_1_324' title='bbox 763 1753 796 1786; x_wconf 91' lang='lat' dir='ltr'>in</span> <span class='ocrx_word' id='word_1_325' title='bbox 824 1754 936 1787; x_wconf 84' lang='lat' dir='ltr'>eodem</span> <span class='ocrx_word' id='word_1_326' title='bbox 959 1765 1087 1787; x_wconf 88' lang='lat' dir='ltr'>earcere</span> <span class='ocrx_word' id='word_1_327' title='bbox 1109 1755 1196 1788; x_wconf 85' lang='lat' dir='ltr'>iuxta</span> <span class='ocrx_word' id='word_1_328' title='bbox 1238 1751 1278 1784; x_wconf 91' lang='lat' dir='ltr'>do</span> <span class='ocrx_word' id='word_1_329' title='bbox 1303 1752 1493 1796; x_wconf 82' lang='lat' dir='ltr'>recipiatur,</span> <span class='ocrx_word' id='word_1_330' title='bbox 1515 1753 1576 1786; x_wconf 89' lang='lat' dir='ltr'>nisi</span> <span class='ocrx_word' id='word_1_331' title='bbox 1596 1754 1635 1786; x_wconf 87' lang='lat' dir='ltr'>de</span> <span class='ocrx_word' id='word_1_332' title='bbox 1651 1753 1786 1786; x_wconf 86' lang='lat' dir='ltr'>consilio</span> <span class='ocrx_word' id='word_1_333' title='bbox 1807 1759 1839 1786; x_wconf 88' lang='lat' dir='ltr'>et</span> <span class='ocrx_word' id='word_1_334' title='bbox 1857 1753 1988 1787; x_wconf 88' lang='lat' dir='ltr'>licentia</span> 
     </span>
     <span class='ocr_line' id='line_1_47' title="bbox 445 1805 1988 1849; baseline 0.002 -12"><span class='ocrx_word' id='word_1_335' title='bbox 445 1805 561 1838; x_wconf 85' lang='lat' dir='ltr'>delicta</span> <span class='ocrx_word' id='word_1_336' title='bbox 581 1817 644 1840; x_wconf 80' lang='lat' dir='ltr'>reae</span> <span class='ocrx_word' id='word_1_337' title='bbox 665 1807 825 1849; x_wconf 75' lang='lat' dir='ltr'>fugientis,</span> <span class='ocrx_word' id='word_1_338' title='bbox 850 1808 1046 1841; x_wconf 87' lang='lat' dir='ltr'>detineatur.</span> <span class='ocrx_word' id='word_1_339' title='bbox 1237 1805 1346 1838; x_wconf 87' lang='lat' dir='ltr'>vicarii</span> <span class='ocrx_word' id='word_1_340' title='bbox 1367 1806 1526 1848; x_wconf 77' lang='lat' dir='ltr'>generalis</span> <span class='ocrx_word' id='word_1_341' title='bbox 1545 1807 1593 1839; x_wconf 86' lang='lat' dir='ltr'>vel</span> <span class='ocrx_word' id='word_1_342' title='bbox 1614 1806 1837 1847; x_wconf 86' lang='lat' dir='ltr'>commissarii,</span> <span class='ocrx_word' id='word_1_343' title='bbox 1857 1812 1913 1839; x_wconf 86' lang='lat' dir='ltr'>aut</span> <span class='ocrx_word' id='word_1_344' title='bbox 1928 1806 1988 1840; x_wconf 89' lang='lat' dir='ltr'>ali-</span> 
     </span>
     <span class='ocr_line' id='line_1_48' title="bbox 488 1859 1886 1904; baseline 0.003 -14"><span class='ocrx_word' id='word_1_345' title='bbox 488 1859 577 1892; x_wconf 78' lang='lat' dir='ltr'>Adsit</span> <span class='ocrx_word' id='word_1_346' title='bbox 602 1870 713 1893; x_wconf 90' lang='lat' dir='ltr'>carcer</span> <span class='ocrx_word' id='word_1_347' title='bbox 736 1860 914 1893; x_wconf 83' lang='lat' dir='ltr'>destinatus</span> <span class='ocrx_word' id='word_1_348' title='bbox 944 1871 1002 1904; x_wconf 89' lang='lat' dir='ltr'>pro</span> <span class='ocrx_word' id='word_1_349' title='bbox 1025 1861 1070 1894; x_wconf 89' lang='lat' dir='ltr'>sic</span> <span class='ocrx_word' id='word_1_350' title='bbox 1090 1861 1194 1893; x_wconf 87' lang='lat' dir='ltr'>delin-</span> <span class='ocrx_word' id='word_1_351' title='bbox 1237 1870 1301 1903; x_wconf 90' lang='lat' dir='ltr'>qua</span> <span class='ocrx_word' id='word_1_352' title='bbox 1321 1859 1504 1893; x_wconf 88' lang='lat' dir='ltr'>rationabili</span> <span class='ocrx_word' id='word_1_353' title='bbox 1525 1871 1621 1893; x_wconf 89' lang='lat' dir='ltr'>causa</span> <span class='ocrx_word' id='word_1_354' title='bbox 1641 1860 1886 1894; x_wconf 81' lang='lat' dir='ltr'>interveniente.</span> 
     </span>
     <span class='ocr_line' id='line_1_49' title="bbox 444 1912 1986 1957; baseline 0.003 -13"><span class='ocrx_word' id='word_1_355' title='bbox 444 1912 630 1956; x_wconf 82' lang='lat' dir='ltr'>quentibus,</span> <span class='ocrx_word' id='word_1_356' title='bbox 653 1924 670 1945; x_wconf 89' lang='lat' dir='ltr'>a</span> <span class='ocrx_word' id='word_1_357' title='bbox 690 1924 755 1956; x_wconf 86' lang='lat' dir='ltr'>quo</span> <span class='ocrx_word' id='word_1_358' title='bbox 775 1914 922 1947; x_wconf 81' lang='lat' dir='ltr'>detentae</span> <span class='ocrx_word' id='word_1_359' title='bbox 943 1915 983 1947; x_wconf 89' lang='lat' dir='ltr'>ob</span> <span class='ocrx_word' id='word_1_360' title='bbox 1007 1914 1194 1947; x_wconf 80' lang='lat' dir='ltr'>huiusmodi</span> <span class='ocrx_word' id='word_1_361' title='bbox 1281 1913 1313 1946; x_wconf 85' lang='lat' dir='ltr'>Si</span> <span class='ocrx_word' id='word_1_362' title='bbox 1338 1925 1402 1957; x_wconf 90' lang='lat' dir='ltr'>qua</span> <span class='ocrx_word' id='word_1_363' title='bbox 1422 1925 1567 1957; x_wconf 85' lang='lat' dir='ltr'>unquam</span> <span class='ocrx_word' id='word_1_364' title='bbox 1594 1915 1739 1948; x_wconf 78' lang='lat' dir='ltr'>convicta</span> <span class='ocrx_word' id='word_1_365' title='bbox 1759 1915 1856 1948; x_wconf 83' lang='lat' dir='ltr'>fuerit</span> <span class='ocrx_word' id='word_1_366' title='bbox 1877 1924 1986 1948; x_wconf 82' lang='lat' dir='ltr'>coram</span> 
     </span>
     <span class='ocr_line' id='line_1_50' title="bbox 444 1966 1988 2011; baseline 0.002 -13"><span class='ocrx_word' id='word_1_367' title='bbox 444 1966 556 2009; x_wconf 85' lang='lat' dir='ltr'>culpas</span> <span class='ocrx_word' id='word_1_368' title='bbox 580 1966 783 1999; x_wconf 84' lang='lat' dir='ltr'>scandalosas</span> <span class='ocrx_word' id='word_1_369' title='bbox 803 1977 867 2000; x_wconf 87' lang='lat' dir='ltr'>non</span> <span class='ocrx_word' id='word_1_370' title='bbox 888 1967 948 2000; x_wconf 87' lang='lat' dir='ltr'>nisi</span> <span class='ocrx_word' id='word_1_371' title='bbox 967 1978 1025 2011; x_wconf 89' lang='lat' dir='ltr'>per</span> <span class='ocrx_word' id='word_1_372' title='bbox 1040 1968 1193 2000; x_wconf 72' lang='lat' dir='ltr'>vicarium</span> <span class='ocrx_word' id='word_1_373' title='bbox 1238 1967 1392 2010; x_wconf 89' lang='lat' dir='ltr'>priorissa</span> <span class='ocrx_word' id='word_1_374' title='bbox 1407 1968 1522 2000; x_wconf 86' lang='lat' dir='ltr'>salsum</span> <span class='ocrx_word' id='word_1_375' title='bbox 1545 1967 1660 2001; x_wconf 80' lang='lat' dir='ltr'>dixisse</span> <span class='ocrx_word' id='word_1_376' title='bbox 1680 1968 1912 2009; x_wconf 83' lang='lat' dir='ltr'>testimonium,</span> <span class='ocrx_word' id='word_1_377' title='bbox 1931 1974 1988 2002; x_wconf 82' lang='lat' dir='ltr'>aut</span> 
     </span>
     <span class='ocr_line' id='line_1_51' title="bbox 444 2020 1986 2066; baseline 0.003 -15"><span class='ocrx_word' id='word_1_378' title='bbox 444 2024 499 2051; x_wconf 91' lang='lat' dir='ltr'>aut</span> <span class='ocrx_word' id='word_1_379' title='bbox 516 2020 773 2053; x_wconf 85' lang='lat' dir='ltr'>commissarium</span> <span class='ocrx_word' id='word_1_380' title='bbox 785 2022 969 2064; x_wconf 78' lang='lat' dir='ltr'>generalem</span> <span class='ocrx_word' id='word_1_381' title='bbox 982 2022 1113 2054; x_wconf 89' lang='lat' dir='ltr'>liberari</span> <span class='ocrx_word' id='word_1_382' title='bbox 1124 2033 1194 2065; x_wconf 86' lang='lat' dir='ltr'>pos·</span> <span class='ocrx_word' id='word_1_383' title='bbox 1237 2021 1441 2054; x_wconf 83' lang='lat' dir='ltr'>consueverit</span> <span class='ocrx_word' id='word_1_384' title='bbox 1459 2021 1538 2054; x_wconf 87' lang='lat' dir='ltr'>alias</span> <span class='ocrx_word' id='word_1_385' title='bbox 1562 2021 1731 2061; x_wconf 83' lang='lat' dir='ltr'>infamare,</span> <span class='ocrx_word' id='word_1_386' title='bbox 1754 2021 1986 2066; x_wconf 85' lang='lat' dir='ltr'>poenitentiam</span> 
     </span>
     <span class='ocr_line' id='line_1_52' title="bbox 444 2071 1986 2119; baseline 0.003 -15"><span class='ocrx_word' id='word_1_387' title='bbox 444 2071 520 2105; x_wconf 83' lang='lat' dir='ltr'>sint.</span> <span class='ocrx_word' id='word_1_388' title='bbox 1236 2080 1307 2116; x_wconf 77' lang='lat' dir='ltr'>agat</span> <span class='ocrx_word' id='word_1_389' title='bbox 1328 2075 1406 2108; x_wconf 87' lang='lat' dir='ltr'>bora</span> <span class='ocrx_word' id='word_1_390' title='bbox 1428 2075 1631 2115; x_wconf 86' lang='lat' dir='ltr'>comedendi,</span> <span class='ocrx_word' id='word_1_391' title='bbox 1653 2075 1774 2119; x_wconf 86' lang='lat' dir='ltr'>absque</span> <span class='ocrx_word' id='word_1_392' title='bbox 1793 2080 1914 2116; x_wconf 83' lang='lat' dir='ltr'>mant0,</span> <span class='ocrx_word' id='word_1_393' title='bbox 1929 2075 1986 2109; x_wconf 85' lang='lat' dir='ltr'>sed</span> 
     </span>
     <span class='ocr_line' id='line_1_53' title="bbox 487 2126 1987 2172; baseline 0.003 -14"><span class='ocrx_word' id='word_1_394' title='bbox 487 2126 639 2169; x_wconf 84' lang='lat' dir='ltr'>Apostata</span> <span class='ocrx_word' id='word_1_395' title='bbox 661 2132 690 2160; x_wconf 84' lang='lat' dir='ltr'>et</span> <span class='ocrx_word' id='word_1_396' title='bbox 709 2138 791 2170; x_wconf 84' lang='lat' dir='ltr'>quac</span> <span class='ocrx_word' id='word_1_397' title='bbox 813 2128 918 2161; x_wconf 88' lang='lat' dir='ltr'>carnis</span> <span class='ocrx_word' id='word_1_398' title='bbox 938 2128 986 2161; x_wconf 89' lang='lat' dir='ltr'>vel</span> <span class='ocrx_word' id='word_1_399' title='bbox 1004 2128 1091 2161; x_wconf 86' lang='lat' dir='ltr'>aliud</span> <span class='ocrx_word' id='word_1_400' title='bbox 1118 2140 1192 2172; x_wconf 85' lang='lat' dir='ltr'>pec·</span> <span class='ocrx_word' id='word_1_401' title='bbox 1235 2127 1349 2161; x_wconf 87' lang='lat' dir='ltr'>induta</span> <span class='ocrx_word' id='word_1_402' title='bbox 1381 2128 1576 2172; x_wconf 87' lang='lat' dir='ltr'>scapulario,</span> <span class='ocrx_word' id='word_1_403' title='bbox 1603 2140 1701 2172; x_wconf 87' lang='lat' dir='ltr'>super</span> <span class='ocrx_word' id='word_1_404' title='bbox 1724 2140 1788 2172; x_wconf 89' lang='lat' dir='ltr'>quo</span> <span class='ocrx_word' id='word_1_405' title='bbox 1813 2129 1898 2163; x_wconf 88' lang='lat' dir='ltr'>duae</span> <span class='ocrx_word' id='word_1_406' title='bbox 1925 2129 1987 2162; x_wconf 89' lang='lat' dir='ltr'>lin-</span> 
     </span>
     <span class='ocr_line' id='line_1_54' title="bbox 444 2180 1980 2226; baseline 0.003 -15"><span class='ocrx_word' id='word_1_407' title='bbox 444 2180 658 2223; x_wconf 88' lang='lat' dir='ltr'>catum,quod</span> <span class='ocrx_word' id='word_1_408' title='bbox 678 2181 711 2213; x_wconf 92' lang='lat' dir='ltr'>in</span> <span class='ocrx_word' id='word_1_409' title='bbox 731 2182 850 2214; x_wconf 65' lang='lat' dir='ltr'>szeculo</span> <span class='ocrx_word' id='word_1_410' title='bbox 866 2192 1003 2225; x_wconf 88' lang='lat' dir='ltr'>poenam</span> <span class='ocrx_word' id='word_1_411' title='bbox 1022 2182 1191 2226; x_wconf 84' lang='lat' dir='ltr'>capitalem</span> <span class='ocrx_word' id='word_1_412' title='bbox 1233 2192 1315 2224; x_wconf 80' lang='lat' dir='ltr'>guae</span> <span class='ocrx_word' id='word_1_413' title='bbox 1335 2182 1434 2225; x_wconf 88' lang='lat' dir='ltr'>panni</span> <span class='ocrx_word' id='word_1_414' title='bbox 1455 2182 1518 2214; x_wconf 87' lang='lat' dir='ltr'>albi</span> <span class='ocrx_word' id='word_1_415' title='bbox 1539 2182 1682 2215; x_wconf 84' lang='lat' dir='ltr'>anterius</span> <span class='ocrx_word' id='word_1_416' title='bbox 1702 2189 1733 2216; x_wconf 87' lang='lat' dir='ltr'>et</span> <span class='ocrx_word' id='word_1_417' title='bbox 1752 2182 1912 2226; x_wconf 88' lang='lat' dir='ltr'>posterius</span> <span class='ocrx_word' id='word_1_418' title='bbox 1931 2193 1980 2225; x_wconf 84' lang='lat' dir='ltr'>ap·</span> 
     </span>
     <span class='ocr_line' id='line_1_55' title="bbox 444 2234 1985 2278; baseline 0.004 -14"><span class='ocrx_word' id='word_1_419' title='bbox 444 2238 618 2272; x_wconf 87' lang='lat' dir='ltr'>mereatur,</span> <span class='ocrx_word' id='word_1_420' title='bbox 642 2234 876 2274; x_wconf 88' lang='lat' dir='ltr'>commiserint,</span> <span class='ocrx_word' id='word_1_421' title='bbox 888 2236 937 2268; x_wconf 89' lang='lat' dir='ltr'>vel</span> <span class='ocrx_word' id='word_1_422' title='bbox 949 2246 1032 2278; x_wconf 87' lang='lat' dir='ltr'>quae</span> <span class='ocrx_word' id='word_1_423' title='bbox 1052 2235 1191 2268; x_wconf 82' lang='lat' dir='ltr'>humiles</span> <span class='ocrx_word' id='word_1_424' title='bbox 1233 2241 1366 2278; x_wconf 82' lang='lat' dir='ltr'>pareant</span> <span class='ocrx_word' id='word_1_425' title='bbox 1386 2235 1473 2269; x_wconf 76' lang='lat' dir='ltr'>vario</span> <span class='ocrx_word' id='word_1_426' title='bbox 1495 2236 1590 2269; x_wconf 90' lang='lat' dir='ltr'>modo</span> <span class='ocrx_word' id='word_1_427' title='bbox 1611 2241 1780 2276; x_wconf 79' lang='lat' dir='ltr'>consutae3</span> <span class='ocrx_word' id='word_1_428' title='bbox 1805 2247 1843 2270; x_wconf 85' lang='lat' dir='ltr'>ac</span> <span class='ocrx_word' id='word_1_429' title='bbox 1863 2236 1895 2269; x_wconf 92' lang='lat' dir='ltr'>in</span> <span class='ocrx_word' id='word_1_430' title='bbox 1921 2246 1985 2270; x_wconf 85' lang='lat' dir='ltr'>rne-</span> 
     </span>
     <span class='ocr_line' id='line_1_56' title="bbox 443 2288 1982 2333; baseline 0.003 -15"><span class='ocrx_word' id='word_1_431' title='bbox 443 2296 510 2318; x_wconf 89' lang='lat' dir='ltr'>esse</span> <span class='ocrx_word' id='word_1_432' title='bbox 530 2296 668 2329; x_wconf 87' lang='lat' dir='ltr'>suasque</span> <span class='ocrx_word' id='word_1_433' title='bbox 697 2288 808 2331; x_wconf 87' lang='lat' dir='ltr'>culpas</span> <span class='ocrx_word' id='word_1_434' title='bbox 828 2299 1004 2331; x_wconf 72' lang='lat' dir='ltr'>agnoscere</span> <span class='ocrx_word' id='word_1_435' title='bbox 1024 2300 1191 2322; x_wconf 67' lang='lat' dir='ltr'>recusave-</span> <span class='ocrx_word' id='word_1_436' title='bbox 1233 2288 1285 2321; x_wconf 88' lang='lat' dir='ltr'>dio</span> <span class='ocrx_word' id='word_1_437' title='bbox 1306 2289 1470 2322; x_wconf 88' lang='lat' dir='ltr'>refectorii</span> <span class='ocrx_word' id='word_1_438' title='bbox 1491 2289 1582 2322; x_wconf 88' lang='lat' dir='ltr'>humi</span> <span class='ocrx_word' id='word_1_439' title='bbox 1603 2300 1687 2333; x_wconf 89' lang='lat' dir='ltr'>pane</span> <span class='ocrx_word' id='word_1_440' title='bbox 1713 2295 1744 2323; x_wconf 88' lang='lat' dir='ltr'>et</span> <span class='ocrx_word' id='word_1_441' title='bbox 1771 2300 1854 2333; x_wconf 84' lang='lat' dir='ltr'>aqua</span> <span class='ocrx_word' id='word_1_442' title='bbox 1873 2300 1982 2323; x_wconf 81' lang='lat' dir='ltr'>vesca-</span> 
     </span>
     <span class='ocr_line' id='line_1_57' title="bbox 442 2339 1982 2387; baseline 0.003 -16"><span class='ocrx_word' id='word_1_443' title='bbox 442 2339 518 2379; x_wconf 89' lang='lat' dir='ltr'>rint,</span> <span class='ocrx_word' id='word_1_444' title='bbox 534 2350 589 2372; x_wconf 83' lang='lat' dir='ltr'>seu</span> <span class='ocrx_word' id='word_1_445' title='bbox 611 2340 846 2383; x_wconf 77' lang='lat' dir='ltr'>incorrigibiles</span> <span class='ocrx_word' id='word_1_446' title='bbox 866 2352 898 2374; x_wconf 89' lang='lat' dir='ltr'>se</span> <span class='ocrx_word' id='word_1_447' title='bbox 919 2343 1134 2383; x_wconf 87' lang='lat' dir='ltr'>ostenderint,</span> <span class='ocrx_word' id='word_1_448' title='bbox 1158 2342 1189 2375; x_wconf 92' lang='lat' dir='ltr'>in</span> <span class='ocrx_word' id='word_1_449' title='bbox 1233 2349 1296 2381; x_wconf 89' lang='lat' dir='ltr'>tur,</span> <span class='ocrx_word' id='word_1_450' title='bbox 1324 2348 1359 2375; x_wconf 92' lang='lat' dir='ltr'>ut</span> <span class='ocrx_word' id='word_1_451' title='bbox 1379 2343 1424 2375; x_wconf 85' lang='lat' dir='ltr'>vel</span> <span class='ocrx_word' id='word_1_452' title='bbox 1447 2353 1482 2375; x_wconf 84' lang='lat' dir='ltr'>ex</span> <span class='ocrx_word' id='word_1_453' title='bbox 1503 2343 1565 2376; x_wconf 85' lang='lat' dir='ltr'>hoc</span> <span class='ocrx_word' id='word_1_454' title='bbox 1585 2349 1800 2386; x_wconf 81' lang='lat' dir='ltr'>cognoscatur</span> <span class='ocrx_word' id='word_1_455' title='bbox 1823 2343 1925 2387; x_wconf 88' lang='lat' dir='ltr'>ipsam</span> <span class='ocrx_word' id='word_1_456' title='bbox 1941 2341 1982 2376; x_wconf 92' lang='lat' dir='ltr'>ob</span> 
     </span>
     <span class='ocr_line' id='line_1_58' title="bbox 441 2394 1983 2441; baseline 0.003 -16"><span class='ocrx_word' id='word_1_457' title='bbox 441 2403 603 2425; x_wconf 80' lang='lat' dir='ltr'>carcerem</span> <span class='ocrx_word' id='word_1_458' title='bbox 652 2394 884 2433; x_wconf 81' lang='lat' dir='ltr'>detrudantur,</span> <span class='ocrx_word' id='word_1_459' title='bbox 922 2407 981 2428; x_wconf 87' lang='lat' dir='ltr'>nec</span> <span class='ocrx_word' id='word_1_460' title='bbox 1016 2396 1090 2429; x_wconf 90' lang='lat' dir='ltr'>inde</span> <span class='ocrx_word' id='word_1_461' title='bbox 1128 2407 1188 2428; x_wconf 90' lang='lat' dir='ltr'>un-</span> <span class='ocrx_word' id='word_1_462' title='bbox 1209 2407 1214 2439; x_wconf 71' lang='lat'>1</span> <span class='ocrx_word' id='word_1_463' title='bbox 1232 2406 1326 2437; x_wconf 75' lang='lat' dir='ltr'>grave</span> <span class='ocrx_word' id='word_1_464' title='bbox 1353 2396 1483 2439; x_wconf 83' lang='lat' dir='ltr'>linguae</span> <span class='ocrx_word' id='word_1_465' title='bbox 1518 2396 1628 2429; x_wconf 82' lang='lat' dir='ltr'>vitium</span> <span class='ocrx_word' id='word_1_466' title='bbox 1662 2397 1768 2430; x_wconf 90' lang='lat' dir='ltr'>taliter</span> <span class='ocrx_word' id='word_1_467' title='bbox 1795 2396 1916 2441; x_wconf 89' lang='lat' dir='ltr'>puniri,</span> <span class='ocrx_word' id='word_1_468' title='bbox 1945 2407 1983 2430; x_wconf 84' lang='lat' dir='ltr'>ac</span> 
     </span>
     <span class='ocr_line' id='line_1_59' title="bbox 440 2441 1981 2486; baseline 0.004 -13"><span class='ocrx_word' id='word_1_469' title='bbox 440 2451 537 2485; x_wconf 86' lang='lat' dir='ltr'>quam</span> <span class='ocrx_word' id='word_1_470' title='bbox 572 2441 761 2482; x_wconf 86' lang='lat' dir='ltr'>liberentur,</span> <span class='ocrx_word' id='word_1_471' title='bbox 795 2443 855 2475; x_wconf 81' lang='lat' dir='ltr'>nisi</span> <span class='ocrx_word' id='word_1_472' title='bbox 892 2454 1004 2477; x_wconf 87' lang='lat' dir='ltr'>earum</span> <span class='ocrx_word' id='word_1_473' title='bbox 1039 2445 1190 2478; x_wconf 85' lang='lat' dir='ltr'>emenda·</span> <span class='ocrx_word' id='word_1_474' title='bbox 1209 2462 1214 2468; x_wconf 80' lang='lat'>,</span> <span class='ocrx_word' id='word_1_475' title='bbox 1232 2444 1305 2478; x_wconf 86' lang='lat' dir='ltr'>inde</span> <span class='ocrx_word' id='word_1_476' title='bbox 1345 2445 1377 2477; x_wconf 91' lang='lat' dir='ltr'>in</span> <span class='ocrx_word' id='word_1_477' title='bbox 1416 2456 1579 2479; x_wconf 77' lang='lat' dir='ltr'>carcerem</span> <span class='ocrx_word' id='word_1_478' title='bbox 1628 2445 1841 2486; x_wconf 69' lang='lat' dir='ltr'>conficiatur,</span> <span class='ocrx_word' id='word_1_479' title='bbox 1886 2451 1917 2479; x_wconf 89' lang='lat' dir='ltr'>et</span> <span class='ocrx_word' id='word_1_480' title='bbox 1955 2446 1981 2479; x_wconf 88' lang='lat' dir='ltr'>si</span> 
     </span>
     <span class='ocr_line' id='line_1_60' title="bbox 441 2489 1982 2536; baseline 0.003 -14"><span class='ocrx_word' id='word_1_481' title='bbox 441 2489 485 2523; x_wconf 92' lang='lat' dir='ltr'>tio</span> <span class='ocrx_word' id='word_1_482' title='bbox 505 2496 536 2523; x_wconf 88' lang='lat' dir='ltr'>et</span> <span class='ocrx_word' id='word_1_483' title='bbox 560 2490 717 2533; x_wconf 83' lang='lat' dir='ltr'>patientia</span> <span class='ocrx_word' id='word_1_484' title='bbox 734 2491 765 2523; x_wconf 91' lang='lat' dir='ltr'>in</span> <span class='ocrx_word' id='word_1_485' title='bbox 786 2491 848 2524; x_wconf 91' lang='lat' dir='ltr'>hoc</span> <span class='ocrx_word' id='word_1_486' title='bbox 868 2493 1086 2535; x_wconf 85' lang='lat' dir='ltr'>poenitentiae</span> <span class='ocrx_word' id='word_1_487' title='bbox 1106 2499 1187 2527; x_wconf 87' lang='lat' dir='ltr'>tem-</span> <span class='ocrx_word' id='word_1_488' title='bbox 1231 2494 1359 2536; x_wconf 88' lang='lat' dir='ltr'>quando</span> <span class='ocrx_word' id='word_1_489' title='bbox 1385 2504 1402 2526; x_wconf 89' lang='lat' dir='ltr'>a</span> <span class='ocrx_word' id='word_1_490' title='bbox 1426 2504 1556 2527; x_wconf 84' lang='lat' dir='ltr'>earcere</span> <span class='ocrx_word' id='word_1_491' title='bbox 1585 2494 1755 2534; x_wconf 80' lang='lat' dir='ltr'>liberetur,</span> <span class='ocrx_word' id='word_1_492' title='bbox 1776 2505 1854 2527; x_wconf 87' lang='lat' dir='ltr'>voce</span> <span class='ocrx_word' id='word_1_493' title='bbox 1873 2499 1982 2528; x_wconf 87' lang='lat' dir='ltr'>careat</span> 
     </span>
     <span class='ocr_line' id='line_1_61' title="bbox 439 2540 1359 2586; baseline 0.005 -15"><span class='ocrx_word' id='word_1_494' title='bbox 439 2549 518 2582; x_wconf 92' lang='lat' dir='ltr'>pore</span> <span class='ocrx_word' id='word_1_495' title='bbox 542 2540 708 2583; x_wconf 88' lang='lat' dir='ltr'>praeclare</span> <span class='ocrx_word' id='word_1_496' title='bbox 732 2546 900 2583; x_wconf 83' lang='lat' dir='ltr'>perspecta</span> <span class='ocrx_word' id='word_1_497' title='bbox 930 2547 959 2574; x_wconf 88' lang='lat' dir='ltr'>et</span> <span class='ocrx_word' id='word_1_498' title='bbox 979 2543 1188 2586; x_wconf 85' lang='lat' dir='ltr'>comprobata</span> <span class='ocrx_word' id='word_1_499' title='bbox 1231 2548 1261 2575; x_wconf 86' lang='lat' dir='ltr'>et</span> <span class='ocrx_word' id='word_1_500' title='bbox 1277 2544 1359 2576; x_wconf 87' lang='lat' dir='ltr'>loco.</span> 
     </span>
     <span class='ocr_line' id='line_1_62' title="bbox 439 2588 1978 2637; baseline 0.003 -17"><span class='ocrx_word' id='word_1_501' title='bbox 439 2588 550 2629; x_wconf 79' lang='lat' dir='ltr'>fuerit3</span> <span class='ocrx_word' id='word_1_502' title='bbox 569 2589 648 2621; x_wconf 89' lang='lat' dir='ltr'>adeo</span> <span class='ocrx_word' id='word_1_503' title='bbox 661 2594 693 2621; x_wconf 91' lang='lat' dir='ltr'>ut</span> <span class='ocrx_word' id='word_1_504' title='bbox 715 2599 749 2621; x_wconf 70' lang='lat' dir='ltr'>ex</span> <span class='ocrx_word' id='word_1_505' title='bbox 771 2590 906 2622; x_wconf 86' lang='lat' dir='ltr'>consilio</span> <span class='ocrx_word' id='word_1_506' title='bbox 928 2596 956 2623; x_wconf 90' lang='lat' dir='ltr'>et</span> <span class='ocrx_word' id='word_1_507' title='bbox 982 2591 1186 2625; x_wconf 73' lang='lat' dir='ltr'>intercessio-</span> <span class='ocrx_word' id='word_1_508' title='bbox 1273 2592 1304 2625; x_wconf 83' lang='lat' dir='ltr'>Si</span> <span class='ocrx_word' id='word_1_509' title='bbox 1326 2597 1432 2625; x_wconf 86' lang='lat' dir='ltr'>autem</span> <span class='ocrx_word' id='word_1_510' title='bbox 1448 2591 1601 2635; x_wconf 75' lang='lat' dir='ltr'>priorissa</span> <span class='ocrx_word' id='word_1_511' title='bbox 1621 2593 1722 2637; x_wconf 89' lang='lat' dir='ltr'>(quod</span> <span class='ocrx_word' id='word_1_512' title='bbox 1740 2593 1824 2625; x_wconf 90' lang='lat' dir='ltr'>Deus</span> <span class='ocrx_word' id='word_1_513' title='bbox 1844 2593 1978 2635; x_wconf 88' lang='lat' dir='ltr'>avertat)</span> 
     </span>
     <span class='ocr_line' id='line_1_63' title="bbox 438 2637 1980 2686; baseline 0.003 -16"><span class='ocrx_word' id='word_1_514' title='bbox 438 2648 479 2671; x_wconf 87' lang='lat' dir='ltr'>ne</span> <span class='ocrx_word' id='word_1_515' title='bbox 498 2637 644 2671; x_wconf 88' lang='lat' dir='ltr'>omnium</span> <span class='ocrx_word' id='word_1_516' title='bbox 660 2648 822 2679; x_wconf 89' lang='lat' dir='ltr'>sororum,</span> <span class='ocrx_word' id='word_1_517' title='bbox 840 2649 913 2672; x_wconf 90' lang='lat' dir='ltr'>cum</span> <span class='ocrx_word' id='word_1_518' title='bbox 926 2650 1085 2674; x_wconf 85' lang='lat' dir='ltr'>consensu</span> <span class='ocrx_word' id='word_1_519' title='bbox 1102 2641 1188 2684; x_wconf 86' lang='lat' dir='ltr'>prio·</span> <span class='ocrx_word' id='word_1_520' title='bbox 1231 2641 1262 2674; x_wconf 92' lang='lat' dir='ltr'>in</span> <span class='ocrx_word' id='word_1_521' title='bbox 1282 2641 1426 2684; x_wconf 81' lang='lat' dir='ltr'>linguam</span> <span class='ocrx_word' id='word_1_522' title='bbox 1448 2651 1484 2674; x_wconf 85' lang='lat' dir='ltr'>cx</span> <span class='ocrx_word' id='word_1_523' title='bbox 1505 2641 1598 2674; x_wconf 87' lang='lat' dir='ltr'>dictis</span> <span class='ocrx_word' id='word_1_524' title='bbox 1613 2641 1717 2686; x_wconf 90' lang='lat' dir='ltr'>culpis</span> <span class='ocrx_word' id='word_1_525' title='bbox 1738 2641 1895 2683; x_wconf 87' lang='lat' dir='ltr'>incurrat,</span> <span class='ocrx_word' id='word_1_526' title='bbox 1917 2646 1980 2675; x_wconf 84' lang='lat' dir='ltr'>sta-</span> 
     </span>
    </p>
   </div>
   <div class='ocr_carea' id='block_1_8' title="bbox 2001 0 2226 3070">
    <p class='ocr_par' dir='ltr' id='par_1_10' title="bbox 2001 0 2226 3070">
     <span class='ocr_line' id='line_1_64' title="bbox 2001 0 2226 3070; baseline 0 0"><span class='ocrx_word' id='word_1_527' title='bbox 2001 0 2226 3070; x_wconf 95' lang='lat' dir='ltr'> </span> 
     </span>
    </p>
   </div>
  </div>
 </body>
</html>
