2226 3070
845 311 942 334 ixnnx
967 309 1084 334 aarum.
1630 297 1693 327 tittss

187 376 344 410 Farfensis
365 375 512 409 abbatiae.
534 379 635 407 castra
665 373 703 406 ab
726 373 792 405 eius
813 372 1003 405 Monasterio
1035 369 1348 404 Benedictinensium
1375 367 1591 412 dependentia
1617 368 1733 400 (laine-

276 441 330 463 rae
355 428 555 473 Apostolicae
576 426 711 460 asseruit
731 426 836 459 Sixtus
856 426 890 463 V,
916 425 1110 467 illorumque
1131 422 1289 467 possessio
1310 422 1349 454 ab
1379 420 1568 453 officialibus
1594 420 1736 453 ciusdem

275 484 425 516 Gamerae
443 487 546 525 capta,
567 479 631 512 513
644 491 662 512 ιι
683 485 709 512 et
724 479 750 512 b.
774 478 947 521 Gregorius
964 478 1028 511 xlv
1047 488 1083 510 ea
1103 476 1272 510 abbatibus
1290 473 1573 508 commendatariis
1594 474 1741 505 restitue—

276 543 334 577 rat,
359 535 435 568 ibid.
459 533 663 568 Innocentius
683 533 722 566 lx
742 532 862 565 litteras
875 531 950 565 Sixti
977 530 1147 567 innovavit,
1173 530 1354 572 iterumque
1375 528 1458 561 dicta
1479 532 1580 560 castra
1594 527 1629 559 H.
1653 527 1682 559 (j.
1702 528 1734 558 A.

275 590 386 629 univit,
410 595 439 621 et
462 587 617 620 revocavit
637 585 781 629 Gregorii
803 585 1098 627 reintegrationem,
1122 589 1149 616 et
1182 583 1258 616 Sixii
1279 582 1451 626 quamdam
1489 579 1737 613 declarationem

275 653 371 686 super
407 641 475 674 iure
507 641 660 673 abbatum
692 638 906 681 cognoscendi
937 648 1046 671 causas
1066 636 1319 681 appellationum
1344 641 1373 668 et
1394 645 1593 669 recursuum,
1622 632 1687 664 514
1707 644 1734 664 (ι.

275 695 464 738 Supradicta
492 700 594 726 castra
616 691 846 735 comprehendi
868 691 977 724 statuit
996 691 1027 723 in
1048 690 1135 723 bulla
1159 689 1206 722 Pii
1227 689 1267 727 V,
1296 689 1334 721 de
1356 698 1419 720 non
1446 686 1634 723 alienandis,
1660 686 1735 717 ibid.

274 747 462 781 Commissio
484 747 628 779 eiusdem
649 746 684 778 P..
708 745 738 777 C.
764 746 798 777 A.
824 745 945 787 Angelo
965 744 1091 786 Rigotio
1112 742 1334 776 commissario
1365 742 1403 774 de
1428 741 1583 784 capienda
1608 749 1736 784 posses-

275 801 364 834 sione
383 801 543 833 dictorum
569 804 760 837 castrorum,
781 797 858 830 ibid.
883 797 909 830 b.

187 854 357 888 Farnesius
378 853 557 887 Alexander
576 852 605 886 S.
630 852 665 884 R.
690 851 723 884 E.
748 850 932 889 cardinalis,
957 850 1055 883 abbas
1076 848 1370 883 commendatarius
1391 847 1544 881 Abbatiae
1565 846 1736 882 Farfensis,

276 907 340 940 5113
360 918 389 940 α.

186 961 408 995 Ferdinandus
429 970 563 1002 magnus
584 959 646 992 dux
668 956 823 995 Etruriae,
848 957 884 990 M.
907 957 1053 999 Magister
1073 956 1200 990 Militiae
1220 955 1325 989 Sancti
1348 954 1511 998 Stephani,
1539 954 1568 985 in
1590 953 1737 985 Sanctam

275 1014 390 1047 Sedem
412 1014 555 1053 devotus,
577 1011 640 1045 ‘192
661 1023 690 1045 u.

187 1067 297 1108 Feriae
319 1068 502 1110 frequentes
522 1065 721 1108 litigantibus
739 1065 858 1098 damno
880 1074 947 1097 esse
968 1064 1083 1101 solent,
1107 1062 1170 1095 358
1191 1074 1219 1095 a.

186 1120 400 1153 Ferrariensis
421 1120 555 1152 ducatus
576 1119 741 1161 regulares
759 1128 871 1151 omnes
892 1117 1123 1159 cuiuscumque
1138 1115 1265 1149 Ordinis
1279 1115 1319 1147 ad
1340 1113 1529 1146 monialium
1546 1113 1738 1146 monasteria

274 1173 428 1206 accedere
448 1172 534 1205 baud
555 1178 698 1215 possunt,
723 1171 861 1214 exceptis
882 1169 1075 1203 confessario
1096 1175 1126 1201 et
1145 1168 1312 1212 superiore
1333 1177 1387 1200 seu
1414 1166 1575 1199 visitatore
1601 1165 1738 1207 regulari

276 1237 348 1260 cum
370 1236 428 1259 suo
453 1225 555 1265 socio,
579 1224 642 1257 2248
664 1236 681 1256 a
703 1230 733 1257 et
753 1224 779 1256 b.
804 1223 992 1257 Confessarii
1019 1221 1208 1265 qualitates,
1233 1231 1360 1265 quaque
1392 1220 1560 1253 occasione
1586 1219 1738 1251 accedere

274 1280 314 1312 ad
343 1277 573 1311 monasterium
595 1277 727 1320 possint,
752 1276 828 1309 ibid.
853 1276 983 1308 Munera
1003 1275 1112 1313 vetita,
1138 1274 1213 1307 ibid.
1243 1274 1448 1317 Superiorem
1476 1283 1510 1305 ac
1543 1272 1737 1305 visitatorem

275 1333 381 1376 quoad
402 1332 584 1364 clausuram
606 1336 737 1374 possunt
758 1340 866 1362 eoram
888 1329 1041 1373 episcopo
1064 1328 1219 1361 moniales
1237 1337 1397 1364 accusare,
1414 1326 1491 1358 ibid.
1516 1325 1739 1359 Inobedientes

274 1384 406 1417 arbitrio
427 1383 586 1417 Ordinarii
608 1382 775 1426 puniendi,
799 1382 863 1415 2249
884 1393 912 1414 (ι.
937 1381 1126 1414 Huiusmodi
1155 1379 1396 1424 dispositiones,
1418 1378 1579 1419 derogatis
1610 1383 1738 1410 contra-

274 1437 339 1475 riis,
362 1435 585 1480 superioribus
606 1441 633 1467 et
656 1435 732 1478 ipsis
753 1434 947 1467 monialibus
967 1433 1192 1469 notificandae,
1218 1432 1293 1464 ibid.
1319 1438 1347 1464 et
1366 1432 1392 1464 b.

186 1490 335 1522 Firmana
365 1488 557 1521 cathedralis
583 1487 728 1525 ecclesia,
753 1486 784 1519 in
814 1486 978 1530 provincia
999 1485 1177 1523 Marchiae.
1210 1484 1301 1517 cuius
1321 1483 1494 1527 antiquitas
1524 1483 1738 1527 nobilitasque

275 1541 488 1580 celebrantur,
513 1540 553 1573 99
575 1540 590 1571 b
611 1545 639 1572 et
660 1550 745 1582 seq:
770 1539 800 1571 in
822 1538 1129 1582 archiepiscopalem
1152 1537 1297 1579 erigitur,
1319 1535 1376 1568 lOl
1402 1536 1427 1568 b.
1446 1535 1672 1577 stiffi-aganone
1689 1546 1738 1567 ec-

276 1594 390 1627 clesiae
412 1594 515 1626 eidem
537 1593 694 1631 addictae,
719 1592 782 1624 102
803 1603 821 1624 ιι
842 1597 873 1625 et
893 1592 918 1624 b.

186 1649 302 1681 Forma
322 1646 534 1691 promovendi
555 1647 594 1679 ad
615 1646 772 1688 regimina
793 1645 1031 1678 eccclesiaruu‘i.
1061 1645 1094 1677 V.
1116 1644 1329 1677 Ecclesiarum
1352 1643 1519 1685 regimina.

187 1700 392 1735 Fossanensis
420 1699 554 1733 ecclesia
583 1699 614 1732 in
643 1699 862 1743 episcopatum
884 1704 991 1731 erecta
1019 1709 1037 1730 a
1060 1698 1221 1731 Clemente
1242 1697 1317 1735 vill,
1342 1696 1404 1728 537
1425 1696 1458 1737 bg
1479 1696 1667 1729 Taurinensi
1689 1706 1738 1728 ar-

275 1753 480 1797 chiepiscopo
512 1753 556 1785 uti
584 1752 785 1794 suffraganea
806 1752 917 1788 subsit,
941 1751 1018 1784 ibid.
1043 1751 1201 1794 Populum
1223 1751 1452 1783 Fossanensem
1480 1749 1625 1782 bortatur
1656 1760 1737 1792 papa

275 1808 315 1840 ad
340 1807 479 1840 debitam
501 1816 558 1839 suo
576 1806 727 1850 episcopo
745 1805 962 1838 obedientiam
984 1805 1221 1848 praestandam,
1243 1802 1306 1836 538
1327 1815 1355 1836 ιι.

186 1860 343 1894 Francisci
365 1860 424 1904 (S.)
446 1860 484 1893 de
504 1859 621 1892 Assisio
642 1859 863 1903 praeconium,
887 1858 951 1891 283
972 1870 989 1891 a
1012 1864 1042 1891 et
1058 1858 1084 1891 b.

186 1914 209 1947 F
212 1913 345 1947 rancisci
366 1913 426 1957 (S.)
448 1913 487 1945 de
507 1913 605 1945 Paula
626 1913 748 1946 fratres.
776 1912 808 1945 V.
833 1912 1065 1945 Controversia.

185 1967 312 2011 Freyles
332 1967 363 1999 in
384 1966 537 2009 Burgensi
555 1965 716 2009 hospitali.
746 1966 779 1998 V.
804 1965 959 2008 Burgensi
981 1966 1012 1998 in
1033 1964 1194 2008 hospitali.

186 2020 405 2054 Fulinensium
426 2019 647 2062 Congregatio.
677 2019 710 2052 V.
734 2019 969 2052 Cistercienses.

185 2073 417 2116 Fulginatensis
428 2073 623 2117 pragmatica
638 2083 735 2116 super
748 2073 832 2105 dote.
848 2072 1012 2105 Praesides
1025 2072 1114 2105 urbis
1127 2071 1359 2113 Fulginatensis
1380 2071 1548 2104 ediderunt
1564 2073 1737 2115 quamdam

276 2126 505 2171 pragmaticam
528 2126 567 2159 ad
600 2126 833 2158 moderandum
856 2126 946 2158 dotes
967 2131 997 2158 et
1017 2125 1188 2158 mulierum
1210 2130 1360 2157 ornatum
1382 2130 1411 2157 ct
1432 2124 1539 2157 luxum
1562 2125 1593 2157 in
1614 2125 1738 2158 civitate

275 2186 305 2213 et
336 2180 403 2213 eius
434 2179 605 2219 comitatu,
630 2178 740 2212 33911.
765 2179 859 2212 Dotcs
890 2178 1006 2211 deinde
1035 2188 1094 2222 pro
1123 2188 1335 2221 personarum
1374 2178 1525 2221 qualitate
1557 2184 1587 2211 et
1616 2179 1737 2222 reliqua

275 2233 385 2266 omnia
404 2232 589 2275 singillatim
611 2232 879 2272 determinantur,
902 2231 966 2264 340
987 2243 1025 2271 a;
1049 2232 1175 2265 Poenae
1196 2231 1227 2263 in
1249 2237 1509 2273 transgressores,
1525 2232 1601 2264 ibid.
1627 2232 1653 2265 b.
1677 2233 1737 2266 No-

275 2287 362 2320 tariis
382 2286 513 2320 vetitum
543 2286 755 2319 instrumenta
775 2286 936 2318 conficere
966 2291 1077 2319 contra
1107 2286 1244 2318 sormam
1275 2285 1450 2328 praesentis
1471 2286 1599 2325 statuti,
1623 2286 1687 2318 :540
1708 2287 1733 2319 b.

274 2341 339 2374 Soli
360 2340 553 2373 matriculati
584 2339 698 2372 notarii
731 2339 784 2372 illa
811 2345 945 2382 possunt
974 2339 1120 2381 redigere
1140 2338 1199 2371 3411
1225 2350 1254 2371 a.
1279 2338 1442 2376 Quantitas
1471 2345 1736 2372 ornamentorum

274 2393 437 2433 definitur,
462 2394 641 2436 modusque
671 2392 701 2425 in
723 2392 862 2425 vestibus
881 2393 1075 2431 servandus,
1099 2391 1176 2424 ibid.
1202 2391 1227 2424 b.
1254 2392 1380 2424 Poenae
1401 2392 1431 2424 in
1462 2398 1733 2434 transgressores,

275 2446 339 2479 :342
359 2458 388 2479 a.
411 2447 454 2480 De
475 2446 567 2479 donis
589 2446 671 2479 inter
691 2451 873 2489 compatres
900 2451 928 2478 et
950 2451 1155 2485 commatres,
1179 2445 1257 2478 ibid.
1281 2448 1501 2480 Iuramentum
1527 2457 1543 2478 a
1576 2446 1737 2490 prioribus

275 2499 502 2543 praestandum
534 2510 630 2542 super
659 2499 859 2532 observantia
890 2499 1066 2542 praesentis
1086 2499 1216 2539 statuti,
1240 2499 1317 2532 ibid.
1339 2500 1364 2533 b⁴
1390 2501 1549 2533 Statutum
1568 2499 1736 2532 confirmat

274 2553 387 2592 Simus,
412 2562 604 2595 semperque
624 2552 786 2585 observari
812 2551 984 2596 praecipit,
1006 2552 1106 2591 ibid.;
1129 2562 1324 2597 omnemque
1346 2554 1589 2595 derogationem
1616 2553 1735 2585 nullam

275 2605 425 2643 declarat,
449 2605 510 2638 nisi
530 2604 713 2638 obtineatur
733 2604 781 2638 bis
801 2604 896 2638 citata
913 2605 1158 2647 Communitate‚
1181 2605 1246 2640 343
1265 2617 1294 2639 α.

380 2784 456 2812 Ball.
475 2784 558 2813 Rom.
580 2784 639 2813 Vol.
660 2784 709 2813 lx.
1068 2786 1101 2814 86
