2226 3070
886 229 990 256 smus
1013 229 1033 254 v
1056 229 1105 254 pp,
1685 216 1727 250 37

273 289 288 332 5
312 288 366 322 11.
393 288 437 321 Ac
455 287 542 331 quod
568 286 769 330 quicumque
794 289 983 317 executores
1026 282 1156 315 illarum
1177 280 1293 313 virtute
1314 279 1414 311 citare
1431 305 1438 317 ,
1462 277 1608 310 inhibere
1629 278 1676 311 vel
1697 288 1777 321 quo-

56 344 216 366 ¹3¹0c²¹¹010⁵⁰‘
230 340 396 374 curiarum
427 351 483 373 seu
510 339 721 373 tribunalium
756 337 860 370 dictae
890 336 983 369 Urbis
1025 331 1669 377 modolibetprocedcre;irritumqueet
1687 331 1780 364 inane

32 374 217 427 ἶέῑῖἶῑηῗιῖἶῗέἓῗ
231 394 354 439 possint
388 400 416 428 et
452 394 590 427 debeant
621 392 737 436 exequi
771 396 801 424 et
833 390 984 424 effectua—
1025 388 1183 432 quidquid
1205 387 1343 421 scienter
1362 385 1409 418 vel
1426 385 1612 428 ignoranter
1629 395 1722 417 secus
1738 385 1780 417 sa-

30 238 83 268 An.
98 237 129 266 C.
147 237 215 266 1588
1793 226 1845 254 An.
1863 226 1892 254 C.
1912 225 1979 253 1588

34 440 149 465 eqm‘u*
230 448 306 482 liter
326 447 508 481 executioni
527 446 724 480 demandare
741 454 854 478 omnes
875 450 903 476 ct
920 443 983 475 sin-

230 502 321 545 gulas
342 501 528 541 sententias,
551 501 683 533 decreta
703 504 733 531 et
758 498 908 530 mandata
924 507 983 540 pro

231 561 377 599 tempore
412 553 573 587 existentis
607 551 747 585 doctoris
776 549 981 589 huiusmodi,

230 609 293 642 sive
319 608 351 641 in
372 608 442 641 eius
466 606 623 646 absentia,
645 611 699 638 aut
727 604 806 637 alias
832 603 901 647 ipso
927 603 984 635 im-

231 662 358 706 pedito,
386 661 427 694 ab
451 660 573 693 eisdem
599 657 918 692 administratoribus
951 667 984 689 e-

231 714 364 758 ligendi,
386 723 486 757 quae,
512 723 577 746 non
599 712 746 745 obstante
771 711 883 754 regula
902 709 984 743 Can-

231 766 392 807 cellariae,
416 766 476 799 sub
496 765 566 799 eius
591 775 690 809 parvo
707 764 815 808 sigillo
842 762 985 807 expediri

231 820 365 865 possint.

275 874 290 917 g
313 873 366 906 te.
410 873 455 906 Ac
486 872 621 916 insuper
657 870 819 914 hospitale
857 870 986 914 praedi-

1026 448 1114 475 ctum
1135 441 1232 475 suerit
1253 441 1323 484 ipso
1344 439 1414 472 iure
1433 438 1664 477 -deccruimus,
1696 438 1780 471 salva

1026 506 1155 538 semper
1175 501 1285 527 nostra
1305 504 1342 527 ac
1364 503 1422 537 pro
1444 498 1591 535 tempore
1617 491 1781 524 existentis

1026 548 1162 581 Romani
1194 546 1359 581 Pontificis
1384 556 1481 579 manu
1512 545 1645 589 propria
1674 544 1780 587 ,signa-

1028 607 1111 641 tura,
1135 601 1204 634 sine
1225 612 1290 644 qua
1311 610 1407 633 omne
1428 598 1622 642 rescriptum
1650 608 1781 631 censeav

1027 662 1080 688 tur
1100 660 1130 687 et
1149 655 1189 687 sit
1209 654 1383 687 invalidum
1403 659 1433 686 et
1453 664 1470 685 a
1491 657 1600 686 nostra
1619 652 1782 685 voluntate

1027 708 1181 741 alienum.
1212 708 1247 740 Et
1280 707 1494 740 nihilominus
1525 706 1650 745 doctor,
1678 705 1723 738 sic
1749 709 1784 737 ut

1027 762 1210 806 praefertur
1230 762 1415 805 deputatus,
1444 772 1461 793 a
1482 759 1650 805 praedicto
1675 759 1783 803 hospi-

1030 815 1096 856 tali,
1111 816 1232 859 absque
1249 815 1326 848 vitio
1347 820 1590 854 attentatorum,
1604 813 1783 858 procedere

1028 869 1125 914 possit
1152 875 1183 902 ot
1202 869 1314 902 valeat.

1072 924 1087 967 g
1111 922 1165 957 ⁴13.
1192 922 1438 966 Exemptionem
1463 932 1538 954 vero
1568 927 1597 954 et
1628 921 1784 953 immuni-
1826 927 1982 954 Amvttanoet-

1799 959 1913 984 emptionis
1929 965 1939 978 a
1951 965 1984 978 ss»

1029 983 1126 1010 tatem
1148 975 1225 1009 alias
1246 975 1350 1009 eidem
1366 974 1518 1018 hospitali
1533 985 1717 1007 concessam
1732 984 1784 1007 ex·
1798 989 1983 1016 munimntum,

1029 1031 1196 1065 tendentes
1217 1035 1247 1062 et
1268 1028 1473 1073 ampliantes,
1494 1028 1645 1061 volumus
1664 1033 1699 1060 ut
1719 1033 1783 1060 tam
1796 1023 1983 1078 ffl'ssnfffiifgss

1030 1082 1323 1128 ipsum-hospitale
1366 1092 1465 1125 quam
1496 1080 1566 1114 eius
1598 1085 1880 1125 personae,²i⁰¹u¹¹¹-

1028 1147 1156 1170 necnon
1183 1136 1265 1179 agri,
1303 1135 1542 1179 possessiones,
1571 1134 1704 1178 praedia
1729 1145 1784 1167 ur-

34 931 333 989 spfifii‘sswoeai'jssietum’
355 926 492 970 eiusque
517 925 810 978 administratores,
833 924 986 957 officiales

33 993 146 1014 conveniri
175 998 216 1012 non
234 985 265 1014 et
284 980 463 1019 ministros,
495 978 692 1013 affictuarios
719 984 750 1011 et
776 977 856 1011 alios
882 977 921 1010 ab
942 977 986 1010 eis

35 1025 117 1050 possint
155 1024 218 1044 etiam
768 1032 773 1036 ·

36 1056 108 1081 „gom
130 1056 218 1076 comm„
234 1045 364 1067 causam
381 1033 546 1074 habentes,
563 1044 600 1066 ex
620 1042 708 1065 nunc
724 1032 878 1075 delnceps
895 1042 987 1064 occa-

35 1087 114 1138 ffifflffi
143 1086 219 1138 5¹:55¹}ss-
233 1087 322 1121 sione
342 1086 595 1131 praemissorum
613 1085 840 1129 principaliter
860 1095 916 1118 seu
936 1096 986 1118 se-

35 1149 86 1170 nae·
235 1141 393 1174 cundario
413 1140 490 1174 alibi
511 1150 610 1184 quam
631 1149 740 1172 coram
761 1148 820 1182 pro
841 1144 986 1182 tempore

233 1194 387 1228 existente
407 1194 557 1234 doctore,
577 1198 613 1227 ut
632 1193 814 1237 praefertur
834 1193 936 1225 electo
956 1198 985 1225 et

233 1247 643 1292 deputato,conveniri,aut
653 1247 692 1280 ad
701 1246 780 1280 alios
790 1236 986 1279 eonveni'en-

233 1303 311 1336 dum
332 1301 510 1344 constringi
528 1311 593 1334 non
618 1311 730 1345 posse,
752 1305 783 1333 et
802 1310 984 1344 processus,

234 1355 418 1396 sententias,
439 1355 591 1388 mandata
610 1359 641 1387 et
661 1353 790 1387 decreta
807 1364 866 1397 per
885 1353 986 1386 alium

234 1419 292 1443 seu
321 1409 420 1450 alios,
450 1414 516 1441 tam
550 1407 734 1441 ordinarios
762 1417 860 1451 quam
891 1406 987 1440 etiam

234 1462 417 1507 specialiter
435 1462 605 1506 deputatos
620 1467 649 1494 et
665 1461 838 1504 delegatos,
855 1460 987 1500 iudices,

234 1516 347 1560 quavis
375 1516 566 1550 auctoritate
596 1516 784 1558 fungentes,
817 1514 849 1547 in
884 1514 988 1548 causis

236 1569 409 1613 praedictis
424 1569 670 1613 quomodolibet
689 1579 748 1612 pro
769 1574 914 1612 tempore
926 1569 988 1601 sor-

235 1629 356 1664 matos,
379 1623 411 1656 in
441 1633 649 1666 quacumque
675 1621 827 1654 instantia
854 1621 933 1654 latas
958 1627 988 1654 et

236 1677 330 1716 tacta,
353 1687 427 1709 cum
457 1676 532 1709 inde
563 1675 681 1708 secutis
710 1674 985 1718 quibuscumque,

235 1729 335 1770 nulla,
358 1729 448 1762 irrita
466 1734 497 1761 et
518 1729 626 1762 inania
645 1729 833 1772 nulliusque
862 1728 988 1761 roboris

234 1788 265 1816 et
284 1782 437 1830 momenti
454 1783 535 1821 fore,
554 1781 737 1815 inhibentes
758 1792 907 1825 expresse
923 1793 989 1815 mo-

233 1837 335 1869 derno
352 1840 382 1869 et
395 1846 454 1880 pro
468 1841 616 1879 tempore
637 1835 784 1869 existenti
797 1835 988 1878 Signaturae

232 1889 373 1923 Iustitiae
392 1889 569 1933 praefecto,
588 1895 643 1922 aut
662 1889 741 1922 alias
761 1900 821 1933 pro
843 1894 988 1933 tempore

232 1943 375 1976 Iustitiae
399 1943 605 1986 Signaturam
625 1943 774 1983 habenti,
795 1953 923 1976 necnon
937 1953 988 1976 re—

232 1996 320 2041 genti
341 1996 561 2030 Cancellariae
581 1997 637 2041 qui
662 2007 722 2041 pro
745 2003 893 2041 tempore
915 1997 987 2038 erit,

232 2051 449 2094 omnibusque
469 2056 501 2083 et
524 2050 661 2093 singulis
685 2051 925 2091 referendariis,
949 2062 989 2084 ne

232 2105 271 2138 de
284 2109 403 2145 cetero,
419 2105 460 2137 ad
480 2104 666 2137 instantiam
692 2110 721 2138 et
740 2104 988 2148 requisitionem

233 2158 482 2202 cuiuscumque,
495 2158 769 2202 supplicationem
784 2158 927 2201 aliquam
942 2169 989 2191 re-

233 2212 352 2255 cipere,
362 2211 619 2246 referendariare
631 2222 687 2244 seu
702 2222 886 2255 proponere
897 2222 988 2255 prae-

232 2266 315 2298 secto
330 2264 522 2308 Signaturae
534 2265 677 2298 Iustitiae
698 2264 814 2297 audeat
830 2265 878 2297 vel
896 2276 989 2308 prac-

233 2323 350 2359 sumat;
365 2323 395 2350 et
407 2318 557 2351 similiter
568 2318 768 2360 signaturam
781 2317 912 2357 faciens,
923 2327 987 2350 non

232 2372 338 2415 signet
350 2371 414 2404 sive
425 2371 640 2404 avocatoriam
650 2370 713 2403 sive
725 2370 882 2414 simplicis
896 2370 987 2404 iusti-
1008 2376 1012 2406 Ι

233 2421 309 2461 tiae,
327 2420 391 2454 sive
411 2421 654 2464 appellatorium
673 2426 704 2453 et
720 2420 987 2463 simileni,neq11e
1008 2434 1010 2436 ’

233 2470 266 2507 in
279 2469 372 2502 initio
392 2479 498 2513 neque
519 2469 552 2502 in
572 2468 679 2502 medio
700 2468 776 2509 litis,
793 2473 823 2501 et
841 2469 929 2512 quod
945 2468 987 2501 si-

232 2524 348 2562 gnatae
376 2519 501 2552 nullius
525 2518 589 2551 sint.
608 2517 736 2551 roboris
761 2522 792 2550 et
817 2516 984 2557 momenti,

233 2567 424 2611 nullamque
434 2567 581 2600 tribuant
594 2567 866 2607 iurisdictionem,
882 2576 988 2609 neque

1028 1191 1112 1224 bana
1141 1195 1171 1224 et
1195 1189 1329 1230 rustica,
1357 1200 1394 1222 ac
1425 1198 1654 1232 quaecumque
1679 1198 1730 1220 res
1756 1193 1787 1220 ct

1028 1245 1126 1284 bona,
1150 1243 1342 1283 immobilia,
1375 1241 1508 1275 mobilia
1533 1247 1564 1274 et
1593 1252 1626 1274 se
1653 1252 1784 1274 moven-

1030 1298 1083 1339 tia,
1107 1297 1245 1330 ubilibet
1274 1296 1418 1340 gentium
1444 1301 1473 1328 ct
1495 1296 1642 1328 locorum
1665 1295 1784 1328 consti-

1030 1357 1109 1392 tuta,
1124 1361 1303 1394 corumque
1318 1348 1489 1383 assictuarii
1507 1355 1538 1382 et.
1555 1349 1782 1389 conductores,

1030 1405 1154 1438 ratione
1187 1413 1474 1448 quorumcumque
1503 1403 1687 1443 fructuum,
1719 1403 1785 1436 sru-

1029 1470 1119 1502 gum,
1142 1458 1300 1497 mercium
1321 1469 1358 1490 ac
1379 1467 1488 1490 rerum
1506 1457 1545 1490 ad
1557 1457 1677 1490 victum
1693 1463 1784 1490 etve-

1030 1513 1139 1546 stitum
1166 1518 1219 1545 aut
1241 1512 1320 1544 alias
1339 1512 1379 1544 ad
1408 1521 1487 1543 usus
1506 1510 1667 1543 humanos
1686 1511 1785 1554 perti·

1030 1566 1190 1606 nentium,
1218 1565 1273 1608 qui
1300 1565 1333 1598 in
1365 1564 1465 1608 ipsius
1499 1564 1668 1608 hospitalis
1700 1564 1786 1606 agris

1030 1626 1083 1652 aut
1106 1619 1246 1662 praediis
1259 1618 1461 1661 colliguntur
1481 1623 1536 1650 aut
1556 1617 1783 1655 extrahuntur,

1030 1679 1083 1706 aut
1116 1673 1155 1706 ad
1182 1682 1277 1705 usum
1313 1671 1481 1715 hospitalis
1507 1670 1637 1704 aliunde
1667 1670 1786 1714 impor-

1030 1732 1150 1767 tantur,
1174 1725 1288 1758 tamin
1309 1724 1447 1758 emendo
1468 1734 1565 1768 quam
1587 1724 1618 1756 in
1643 1724 1784 1757 venden-

1031 1780 1071 1813 do
1097 1786 1151 1813 aut
1174 1779 1213 1813 de
1233 1780 1305 1812 loco
1327 1779 1366 1812 ad
1386 1778 1494 1811 locum
1517 1777 1715 1811 extrahendo
1730 1783 1786 1810 aut.

1032 1833 1267 1873 transferendo,
1293 1832 1388 1865 etiam
1407 1831 1514 1876 quoad
1553 1830 1613 1864 tria
1629 1841 1687 1874 pro
1708 1841 1784 1864 cen-

1030 1887 1155 1920 tenario
1185 1885 1371 1920 dobaneriis
1395 1885 1497 1929 Ripae
1535 1884 1631 1917 Urbis
1657 1890 1785 1917 nostrae

1031 1941 1111 1974 solvi
1131 1940 1236 1980 solita,
1260 1946 1291 1973 et
1313 1939 1422 1983 quoad
1442 1938 1487 1971 sal
1508 1949 1568 1982 pro
1588 1948 1648 1970 usu
1674 1938 1783 1982 bospi-

1032 1995 1120 2034 talis‚
1142 1994 1229 2038 quod
1250 1993 1361 2036 gratis,
1388 1997 1486 2037 prout
1516 1991 1587 2024 aliis
1615 1991 1694 2024 loeis
1723 1991 1785 2035 piis

1031 2048 1100 2081 dari
1125 2048 1217 2088 solet,
1236 2047 1332 2081 etiarn
1353 2045 1520 2089 praedicto
1539 2044 1690 2089 hospitali
1716 2044 1785 2078 dari

1031 2102 1159 2141 debeat,
1179 2107 1209 2135 ct
1229 2112 1247 2134 a
1267 2100 1531 2142 quibuscumque
1551 2098 1659 2139 datiis,
1677 2103 1786 2142 porto-

1030 2156 1098 2195 riis,
1122 2154 1267 2198 gabellis,
1288 2153 1438 2193 dohanis,
1458 2152 1613 2186 oneribus
1634 2158 1662 2185 et
1682 2152 1784 2185 actio-

1031 2209 1138 2248 nibus,
1153 2207 1317 2247 subsidiis,
1335 2206 1444 2247 talliis,
1459 2205 1615 2246 collectis,
1630 2205 1782 2248 angariis,

1031 2262 1203 2295 ordinariis
1226 2266 1255 2294 et
1276 2259 1552 2299 extraordinariis,
1579 2259 1784 2302 quomodoli-

1030 2317 1083 2349 bet
1100 2315 1310 2359 nuncupatis,
1330 2324 1368 2347 ex
1387 2323 1607 2357 quacumque,
1623 2312 1719 2346 etiam
1731 2323 1785 2345 ur-

1030 2369 1217 2412 gentissima
1237 2378 1347 2408 causa,
1376 2377 1464 2400 nunc
1493 2372 1522 2400 et
1551 2377 1611 2410 pro
1637 2371 1783 2409 tempore

1030 2417 1189 2462 impositis
1215 2423 1245 2450 et
1280 2415 1509 2460 imponendis,
1540 2419 1605 2448 tam
1642 2415 1674 2447 in
1700 2414 1785 2447 dicta

1030 2467 1114 2500 Urbe
1135 2476 1232 2510 quam
1267 2471 1355 2499 extra
1391 2475 1482 2504 eam,
1514 2463 1546 2496 in
1575 2474 1784 2508 quocumque

1030 2517 1101 2549 loco
1131 2515 1246 2549 ditioni
1278 2520 1407 2548 nostrae
1432 2513 1605 2557 temporali
1632 2512 1784 2546 ecclesia-

1030 2565 1128 2599 sticae
1164 2564 1303 2598 mediate
1335 2569 1366 2597 et
1396 2563 1585 2596 immediate
1618 2561 1781 2601 subiecto,

232 2616 302 2663 ipse
322 2616 417 2650 iudex
435 2616 488 2650 cui
513 2615 635 2651 fuerint
660 2615 851 2651 commissae
871 2615 987 2649 audeat
1006 2617 1011 2672 Ι
1030 2625 1162 2659 prorsus
1179 2613 1295 2655 libera,
1318 2618 1465 2659 exempta
1489 2618 1520 2647 et
1543 2610 1702 2646 immunia
1722 2610 1784 2644 sint
