<?xml version="1.0" encoding="UTF-8"?>
<!DOCTYPE html PUBLIC "-//W3C//DTD XHTML 1.0 Transitional//EN"
    "http://www.w3.org/TR/xhtml1/DTD/xhtml1-transitional.dtd">
<html xmlns="http://www.w3.org/1999/xhtml" xml:lang="en" lang="en">
 <head>
  <title>
</title>
<meta http-equiv="Content-Type" content="text/html;charset=utf-8" />
  <meta name='ocr-system' content='tesseract 3.04.00' />
  <meta name='ocr-capabilities' content='ocr_page ocr_carea ocr_par ocr_line ocrx_word'/>
</head>
<body>
  <div class='ocr_page' id='page_1' title='image "./bullarumdiplomat09cath_0327.png"; bbox 0 0 2226 3070; ppageno 0'>
   <div class='ocr_carea' id='block_1_1' title="bbox 99 303 282 331">
    <p class='ocr_par' dir='ltr' id='par_1_1' title="bbox 99 303 282 331">
     <span class='ocr_line' id='line_1_1' title="bbox 99 303 282 331; baseline 0 -1"><span class='ocrx_word' id='word_1_1' title='bbox 99 303 151 331; x_wconf 89' lang='lat' dir='ltr'>An.</span> <span class='ocrx_word' id='word_1_2' title='bbox 165 303 193 331; x_wconf 87' lang='lat' dir='ltr'>C.</span> <span class='ocrx_word' id='word_1_3' title='bbox 217 303 282 330; x_wconf 84' lang='lat'>1587</span> 
     </span>
    </p>
   </div>
   <div class='ocr_carea' id='block_1_2' title="bbox 93 630 275 688">
    <p class='ocr_par' dir='ltr' id='par_1_2' title="bbox 93 630 275 688">
     <span class='ocr_line' id='line_1_2' title="bbox 159 630 275 652; baseline 0.009 -2"><span class='ocrx_word' id='word_1_4' title='bbox 159 630 275 652; x_wconf 74' lang='lat' dir='ltr'>Contu-anis</span> 
     </span>
     <span class='ocr_line' id='line_1_3' title="bbox 93 662 188 688; baseline 0 -6"><span class='ocrx_word' id='word_1_5' title='bbox 93 662 188 688; x_wconf 73' lang='lat' dir='ltr'>derogat.</span> 
     </span>
    </p>
   </div>
   <div class='ocr_carea' id='block_1_3' title="bbox 957 304 1170 327">
    <p class='ocr_par' dir='ltr' id='par_1_3' title="bbox 957 304 1170 327">
     <span class='ocr_line' id='line_1_4' title="bbox 957 304 1170 327; baseline -0.005 0"><span class='ocrx_word' id='word_1_6' title='bbox 957 304 1061 327; x_wconf 55' lang='lat' dir='ltr'>StXTtts</span> <span class='ocrx_word' id='word_1_7' title='bbox 1082 305 1098 327; x_wconf 89' lang='lat' dir='ltr'>V</span> <span class='ocrx_word' id='word_1_8' title='bbox 1124 305 1170 326; x_wconf 80' lang='grc' dir='ltr'>ΙΨ.</span> 
     </span>
    </p>
   </div>
   <div class='ocr_carea' id='block_1_4' title="bbox 279 356 1041 1635">
    <p class='ocr_par' dir='ltr' id='par_1_4' title="bbox 293 356 1041 550">
     <span class='ocr_line' id='line_1_5' title="bbox 294 356 1041 400; baseline 0.004 -14"><span class='ocrx_word' id='word_1_9' title='bbox 294 356 429 388; x_wconf 69' lang='lat' dir='ltr'>swnsei‘i.</span> <span class='ocrx_word' id='word_1_10' title='bbox 449 357 575 389; x_wconf 83' lang='lat' dir='ltr'>irritum</span> <span class='ocrx_word' id='word_1_11' title='bbox 590 368 720 400; x_wconf 67' lang='lat' dir='ltr'>quoque</span> <span class='ocrx_word' id='word_1_12' title='bbox 738 363 768 389; x_wconf 70' lang='lat' dir='ltr'>et</span> <span class='ocrx_word' id='word_1_13' title='bbox 788 358 881 390; x_wconf 59' lang='lat' dir='ltr'>inane¹</span> <span class='ocrx_word' id='word_1_14' title='bbox 902 358 927 389; x_wconf 83' lang='lat' dir='ltr'>si</span> <span class='ocrx_word' id='word_1_15' title='bbox 949 368 1041 390; x_wconf 73' lang='lat' dir='ltr'>secus</span> 
     </span>
     <span class='ocr_line' id='line_1_6' title="bbox 293 410 1039 454; baseline 0.005 -14"><span class='ocrx_word' id='word_1_16' title='bbox 293 420 391 451; x_wconf 78' lang='lat' dir='ltr'>super</span> <span class='ocrx_word' id='word_1_17' title='bbox 408 410 456 441; x_wconf 84' lang='lat' dir='ltr'>liis</span> <span class='ocrx_word' id='word_1_18' title='bbox 477 422 491 441; x_wconf 85' lang='lat' dir='ltr'>a</span> <span class='ocrx_word' id='word_1_19' title='bbox 510 421 688 453; x_wconf 79' lang='lat' dir='ltr'>quoquam,</span> <span class='ocrx_word' id='word_1_20' title='bbox 711 411 821 454; x_wconf 70' lang='lat' dir='ltr'>quavis</span> <span class='ocrx_word' id='word_1_21' title='bbox 838 411 1039 451; x_wconf 79' lang='lat' dir='ltr'>auctoritate,</span> 
     </span>
     <span class='ocr_line' id='line_1_7' title="bbox 293 462 1041 507; baseline 0.005 -13"><span class='ocrx_word' id='word_1_22' title='bbox 293 462 430 495; x_wconf 77' lang='lat' dir='ltr'>scienter</span> <span class='ocrx_word' id='word_1_23' title='bbox 450 465 495 496; x_wconf 69' lang='lat' dir='ltr'>vel</span> <span class='ocrx_word' id='word_1_24' title='bbox 526 464 721 506; x_wconf 67' lang='lat' dir='ltr'>ignoranter⁷</span> <span class='ocrx_word' id='word_1_25' title='bbox 750 465 919 507; x_wconf 77' lang='lat' dir='ltr'>contigerit</span> <span class='ocrx_word' id='word_1_26' title='bbox 939 471 1041 498; x_wconf 85' lang='lat' dir='ltr'>atten-</span> 
     </span>
     <span class='ocr_line' id='line_1_8' title="bbox 294 516 587 550; baseline 0.01 -3"><span class='ocrx_word' id='word_1_27' title='bbox 294 516 351 548; x_wconf 88' lang='lat' dir='ltr'>tari</span> <span class='ocrx_word' id='word_1_28' title='bbox 373 517 587 550; x_wconf 82' lang='lat' dir='ltr'>deceruimus.</span> 
     </span>
    </p>

    <p class='ocr_par' dir='ltr' id='par_1_5' title="bbox 279 569 1039 1635">
     <span class='ocr_line' id='line_1_9' title="bbox 335 569 1036 614; baseline 0.007 -14"><span class='ocrx_word' id='word_1_29' title='bbox 335 569 349 612; x_wconf 62' lang='grc' dir='ltr'><strong>ξ</strong></span> <span class='ocrx_word' id='word_1_30' title='bbox 370 569 422 602; x_wconf 71' lang='lat' dir='ltr'>lli.</span> <span class='ocrx_word' id='word_1_31' title='bbox 445 570 514 602; x_wconf 80' lang='lat' dir='ltr'>Non</span> <span class='ocrx_word' id='word_1_32' title='bbox 544 570 744 603; x_wconf 71' lang='lat' dir='ltr'>obstantibus</span> <span class='ocrx_word' id='word_1_33' title='bbox 768 570 964 614; x_wconf 87' lang='lat' dir='ltr'>praemissis,</span> <span class='ocrx_word' id='word_1_34' title='bbox 988 582 1036 608; x_wconf 88' lang='lat' dir='ltr'>ac.</span> 
     </span>
     <span class='ocr_line' id='line_1_10' title="bbox 290 623 1039 667; baseline 0.004 -13"><span class='ocrx_word' id='word_1_35' title='bbox 290 628 450 665; x_wconf 69' lang='lat' dir='ltr'>(platanus</span> <span class='ocrx_word' id='word_1_36' title='bbox 471 634 552 666; x_wconf 88' lang='lat' dir='ltr'>opus</span> <span class='ocrx_word' id='word_1_37' title='bbox 572 623 623 662; x_wconf 86' lang='lat' dir='ltr'>sit,</span> <span class='ocrx_word' id='word_1_38' title='bbox 639 624 677 656; x_wconf 84' lang='lat' dir='ltr'>de</span> <span class='ocrx_word' id='word_1_39' title='bbox 692 623 866 656; x_wconf 77' lang='lat' dir='ltr'>unionibus</span> <span class='ocrx_word' id='word_1_40' title='bbox 882 624 921 656; x_wconf 86' lang='lat' dir='ltr'>ad</span> <span class='ocrx_word' id='word_1_41' title='bbox 933 630 1039 667; x_wconf 83' lang='lat' dir='ltr'>partes</span> 
     </span>
     <span class='ocr_line' id='line_1_11' title="bbox 290 677 1034 719; baseline 0.008 -14"><span class='ocrx_word' id='word_1_42' title='bbox 290 677 540 713; x_wconf 30' lang='lat' dir='ltr'>‹ezoimnittendia</span> <span class='ocrx_word' id='word_1_43' title='bbox 565 677 683 709; x_wconf 81' lang='lat' dir='ltr'>voeatis</span> <span class='ocrx_word' id='word_1_44' title='bbox 703 687 842 719; x_wconf 85' lang='lat' dir='ltr'>quorum</span> <span class='ocrx_word' id='word_1_45' title='bbox 859 678 1034 715; x_wconf 71' lang='lat' dir='ltr'>interesset,</span> 
     </span>
     <span class='ocr_line' id='line_1_12' title="bbox 289 730 1038 773; baseline 0.003 -11"><span class='ocrx_word' id='word_1_46' title='bbox 289 742 325 762; x_wconf 74' lang='lat' dir='ltr'>at:</span> <span class='ocrx_word' id='word_1_47' title='bbox 359 730 397 762; x_wconf 82' lang='lat' dir='ltr'>‹le</span> <span class='ocrx_word' id='word_1_48' title='bbox 431 741 504 762; x_wconf 85' lang='lat' dir='ltr'>vero</span> <span class='ocrx_word' id='word_1_49' title='bbox 534 730 640 762; x_wconf 73' lang='lat' dir='ltr'>valore</span> <span class='ocrx_word' id='word_1_50' title='bbox 673 731 893 773; x_wconf 77' lang='lat' dir='ltr'>exprimendo,</span> <span class='ocrx_word' id='word_1_51' title='bbox 924 742 1038 764; x_wconf 83' lang='lat' dir='ltr'>seeun-</span> 
     </span>
     <span class='ocr_line' id='line_1_13' title="bbox 289 784 1036 824; baseline 0.004 -9"><span class='ocrx_word' id='word_1_52' title='bbox 289 784 365 816; x_wconf 87' lang='lat' dir='ltr'>dum</span> <span class='ocrx_word' id='word_1_53' title='bbox 393 794 598 816; x_wconf 84' lang='lat' dir='ltr'>communem</span> <span class='ocrx_word' id='word_1_54' title='bbox 632 784 905 824; x_wconf 79' lang='lat' dir='ltr'>aestimationem,</span> <span class='ocrx_word' id='word_1_55' title='bbox 940 785 1036 818; x_wconf 87' lang='lat' dir='ltr'>etiam</span> 
     </span>
     <span class='ocr_line' id='line_1_14' title="bbox 287 837 1037 881; baseline 0.004 -12"><span class='ocrx_word' id='word_1_56' title='bbox 287 837 435 869; x_wconf 80' lang='lat' dir='ltr'>beneficii</span> <span class='ocrx_word' id='word_1_57' title='bbox 472 837 524 869; x_wconf 85' lang='lat' dir='ltr'>cui</span> <span class='ocrx_word' id='word_1_58' title='bbox 557 837 643 870; x_wconf 81' lang='lat' dir='ltr'>:iliud</span> <span class='ocrx_word' id='word_1_59' title='bbox 674 838 759 870; x_wconf 91' lang='lat' dir='ltr'>uniri</span> <span class='ocrx_word' id='word_1_60' title='bbox 786 839 968 881; x_wconf 67' lang='lat' dir='ltr'>petebaturg</span> <span class='ocrx_word' id='word_1_61' title='bbox 1001 850 1037 872; x_wconf 84' lang='lat' dir='ltr'>ae</span> 
     </span>
     <span class='ocr_line' id='line_1_15' title="bbox 286 891 1037 933; baseline 0.004 -10"><span class='ocrx_word' id='word_1_62' title='bbox 286 891 506 924; x_wconf 81' lang='lat' dir='ltr'>Lateranensis</span> <span class='ocrx_word' id='word_1_63' title='bbox 539 891 711 925; x_wconf 62' lang='lat' dir='ltr'>novissime</span> <span class='ocrx_word' id='word_1_64' title='bbox 741 892 914 933; x_wconf 84' lang='lat' dir='ltr'>celebrati,</span> <span class='ocrx_word' id='word_1_65' title='bbox 943 899 970 925; x_wconf 90' lang='lat' dir='ltr'>et</span> <span class='ocrx_word' id='word_1_66' title='bbox 1004 893 1037 926; x_wconf 92' lang='lat' dir='ltr'>in</span> 
     </span>
     <span class='ocr_line' id='line_1_16' title="bbox 286 945 1035 990; baseline 0.004 -13"><span class='ocrx_word' id='word_1_67' title='bbox 286 945 358 978; x_wconf 88' lang='lat' dir='ltr'>aliis</span> <span class='ocrx_word' id='word_1_68' title='bbox 385 945 590 988; x_wconf 71' lang='lat' dir='ltr'>generalibus</span> <span class='ocrx_word' id='word_1_69' title='bbox 619 945 764 979; x_wconf 75' lang='lat' dir='ltr'>conciliis</span> <span class='ocrx_word' id='word_1_70' title='bbox 786 946 887 985; x_wconf 69' lang='lat' dir='ltr'>editis,</span> <span class='ocrx_word' id='word_1_71' title='bbox 925 947 1035 990; x_wconf 87' lang='lat' dir='ltr'>dispo-</span> 
     </span>
     <span class='ocr_line' id='line_1_17' title="bbox 286 999 1035 1043; baseline 0.003 -11"><span class='ocrx_word' id='word_1_72' title='bbox 286 999 439 1032; x_wconf 82' lang='lat' dir='ltr'>nentibus</span> <span class='ocrx_word' id='word_1_73' title='bbox 459 1000 546 1043; x_wconf 83' lang='lat' dir='ltr'>quod</span> <span class='ocrx_word' id='word_1_74' title='bbox 566 999 703 1033; x_wconf 76' lang='lat' dir='ltr'>uniones</span> <span class='ocrx_word' id='word_1_75' title='bbox 723 1001 986 1043; x_wconf 82' lang='lat' dir='ltr'>perpetuae,nisi</span> <span class='ocrx_word' id='word_1_76' title='bbox 1004 1001 1035 1034; x_wconf 91' lang='lat' dir='ltr'>in</span> 
     </span>
     <span class='ocr_line' id='line_1_18' title="bbox 286 1053 1033 1097; baseline 0.003 -12"><span class='ocrx_word' id='word_1_77' title='bbox 286 1053 413 1086; x_wconf 92' lang='lat' dir='ltr'>casibus</span> <span class='ocrx_word' id='word_1_78' title='bbox 432 1064 449 1086; x_wconf 83' lang='lat' dir='ltr'>a</span> <span class='ocrx_word' id='word_1_79' title='bbox 463 1053 533 1086; x_wconf 47' lang='lat' dir='ltr'>iuri*¹</span> <span class='ocrx_word' id='word_1_80' title='bbox 546 1053 721 1097; x_wconf 86' lang='lat' dir='ltr'>permissis,</span> <span class='ocrx_word' id='word_1_81' title='bbox 735 1053 805 1086; x_wconf 83' lang='lat' dir='ltr'>lieri</span> <span class='ocrx_word' id='word_1_82' title='bbox 817 1064 882 1086; x_wconf 89' lang='lat' dir='ltr'>non</span> <span class='ocrx_word' id='word_1_83' title='bbox 896 1055 1033 1097; x_wconf 84' lang='lat' dir='ltr'>possint,</span> 
     </span>
     <span class='ocr_line' id='line_1_19' title="bbox 285 1106 1036 1150; baseline 0.001 -11"><span class='ocrx_word' id='word_1_84' title='bbox 285 1118 321 1139; x_wconf 71' lang='lat' dir='ltr'>ai:</span> <span class='ocrx_word' id='word_1_85' title='bbox 341 1106 428 1150; x_wconf 85' lang='lat' dir='ltr'>quod</span> <span class='ocrx_word' id='word_1_86' title='bbox 450 1117 522 1139; x_wconf 87' lang='lat' dir='ltr'>cum</span> <span class='ocrx_word' id='word_1_87' title='bbox 544 1106 694 1150; x_wconf 72' lang='lat' dir='ltr'><strong>legitimis</strong></span> <span class='ocrx_word' id='word_1_88' title='bbox 714 1117 769 1139; x_wconf 85' lang='lat' dir='ltr'>seu</span> <span class='ocrx_word' id='word_1_89' title='bbox 799 1106 869 1139; x_wconf 84' lang='lat' dir='ltr'>aliis</span> <span class='ocrx_word' id='word_1_90' title='bbox 896 1108 1036 1141; x_wconf 90' lang='lat' dir='ltr'>rationa-</span> 
     </span>
     <span class='ocr_line' id='line_1_20' title="bbox 284 1160 1035 1201; baseline 0.003 -8"><span class='ocrx_word' id='word_1_91' title='bbox 284 1160 402 1193; x_wconf 90' lang='lat' dir='ltr'>bilibus</span> <span class='ocrx_word' id='word_1_92' title='bbox 423 1161 538 1201; x_wconf 82' lang='lat' dir='ltr'>eausis,</span> <span class='ocrx_word' id='word_1_93' title='bbox 562 1161 657 1193; x_wconf 86' lang='lat' dir='ltr'>etiam</span> <span class='ocrx_word' id='word_1_94' title='bbox 680 1171 790 1194; x_wconf 84' lang='lat' dir='ltr'>coram</span> <span class='ocrx_word' id='word_1_95' title='bbox 817 1161 876 1194; x_wconf 87' lang='lat' dir='ltr'>loci</span> <span class='ocrx_word' id='word_1_96' title='bbox 907 1161 1035 1195; x_wconf 89' lang='lat' dir='ltr'>ordina-</span> 
     </span>
     <span class='ocr_line' id='line_1_21' title="bbox 283 1213 1032 1257; baseline 0.001 -10"><span class='ocrx_word' id='word_1_97' title='bbox 283 1214 342 1252; x_wconf 84' lang='lat' dir='ltr'>rio,</span> <span class='ocrx_word' id='word_1_98' title='bbox 366 1225 403 1247; x_wconf 81' lang='lat' dir='ltr'>ae</span> <span class='ocrx_word' id='word_1_99' title='bbox 424 1213 527 1246; x_wconf 86' lang='lat' dir='ltr'>citatis</span> <span class='ocrx_word' id='word_1_100' title='bbox 547 1225 688 1257; x_wconf 86' lang='lat' dir='ltr'>quorum</span> <span class='ocrx_word' id='word_1_101' title='bbox 720 1214 862 1254; x_wconf 82' lang='lat' dir='ltr'>interest,</span> <span class='ocrx_word' id='word_1_102' title='bbox 884 1214 1032 1248; x_wconf 80' lang='lat' dir='ltr'>verifica-</span> 
     </span>
     <span class='ocr_line' id='line_1_22' title="bbox 282 1267 1030 1312; baseline 0.003 -12"><span class='ocrx_word' id='word_1_103' title='bbox 282 1268 343 1307; x_wconf 87' lang='lat' dir='ltr'>tis,</span> <span class='ocrx_word' id='word_1_104' title='bbox 384 1268 454 1301; x_wconf 81' lang='lat' dir='ltr'>lieri</span> <span class='ocrx_word' id='word_1_105' title='bbox 489 1268 639 1307; x_wconf 84' lang='lat' dir='ltr'>debeant;</span> <span class='ocrx_word' id='word_1_106' title='bbox 669 1267 804 1311; x_wconf 80' lang='lat' dir='ltr'>aliisque</span> <span class='ocrx_word' id='word_1_107' title='bbox 833 1269 1030 1312; x_wconf 55' lang='lat' dir='ltr'>apostolicis</span> 
     </span>
     <span class='ocr_line' id='line_1_23' title="bbox 281 1321 1033 1366; baseline 0.001 -12"><span class='ocrx_word' id='word_1_108' title='bbox 281 1332 408 1354; x_wconf 73' lang='lat' dir='ltr'>necnon</span> <span class='ocrx_word' id='word_1_109' title='bbox 438 1321 470 1354; x_wconf 92' lang='lat' dir='ltr'>in</span> <span class='ocrx_word' id='word_1_110' title='bbox 495 1321 750 1365; x_wconf 72' lang='lat' dir='ltr'>provincialibus</span> <span class='ocrx_word' id='word_1_111' title='bbox 776 1327 806 1354; x_wconf 90' lang='lat' dir='ltr'>et</span> <span class='ocrx_word' id='word_1_112' title='bbox 825 1322 1033 1366; x_wconf 61' lang='lat' dir='ltr'>synodalibus</span> 
     </span>
     <span class='ocr_line' id='line_1_24' title="bbox 280 1375 1031 1419; baseline 0.001 -11"><span class='ocrx_word' id='word_1_113' title='bbox 280 1375 427 1408; x_wconf 81' lang='lat' dir='ltr'>conciliis</span> <span class='ocrx_word' id='word_1_114' title='bbox 447 1375 552 1416; x_wconf 82' lang='lat' dir='ltr'>editis,</span> <span class='ocrx_word' id='word_1_115' title='bbox 576 1375 769 1418; x_wconf 70' lang='lat' dir='ltr'>specialibus</span> <span class='ocrx_word' id='word_1_116' title='bbox 795 1376 843 1408; x_wconf 70' lang='lat' dir='ltr'>vel</span> <span class='ocrx_word' id='word_1_117' title='bbox 871 1377 1031 1419; x_wconf 65' lang='lat' dir='ltr'>generali-</span> 
     </span>
     <span class='ocr_line' id='line_1_25' title="bbox 280 1429 1032 1468; baseline 0.003 -7"><span class='ocrx_word' id='word_1_118' title='bbox 280 1429 352 1468; x_wconf 86' lang='lat' dir='ltr'>bus,</span> <span class='ocrx_word' id='word_1_119' title='bbox 375 1429 660 1461; x_wconf 67' lang='lat' dir='ltr'>constitutionibus</span> <span class='ocrx_word' id='word_1_120' title='bbox 672 1434 704 1461; x_wconf 82' lang='lat' dir='ltr'>et</span> <span class='ocrx_word' id='word_1_121' title='bbox 717 1429 978 1463; x_wconf 80' lang='lat' dir='ltr'>ordinationibus</span> <span class='ocrx_word' id='word_1_122' title='bbox 996 1441 1032 1463; x_wconf 80' lang='lat' dir='ltr'>ao</span> 
     </span>
     <span class='ocr_line' id='line_1_26' title="bbox 279 1481 1033 1519; baseline 0.003 -5"><span class='ocrx_word' id='word_1_123' title='bbox 279 1482 407 1515; x_wconf 86' lang='lat' dir='ltr'>statutis</span> <span class='ocrx_word' id='word_1_124' title='bbox 427 1488 458 1515; x_wconf 92' lang='lat' dir='ltr'>et</span> <span class='ocrx_word' id='word_1_125' title='bbox 483 1481 789 1519; x_wconf 77' lang='lat' dir='ltr'>consuetudinibus,</span> <span class='ocrx_word' id='word_1_126' title='bbox 825 1483 920 1516; x_wconf 83' lang='lat' dir='ltr'>etiam</span> <span class='ocrx_word' id='word_1_127' title='bbox 948 1484 1033 1517; x_wconf 86' lang='lat' dir='ltr'>iura-</span> 
     </span>
     <span class='ocr_line' id='line_1_27' title="bbox 279 1535 1032 1581; baseline 0.003 -13"><span class='ocrx_word' id='word_1_128' title='bbox 279 1539 401 1573; x_wconf 82' lang='lat' dir='ltr'>mento,</span> <span class='ocrx_word' id='word_1_129' title='bbox 424 1535 672 1568; x_wconf 75' lang='lat' dir='ltr'>confirmatione</span> <span class='ocrx_word' id='word_1_130' title='bbox 693 1536 870 1579; x_wconf 82' lang='lat' dir='ltr'>apostoliea</span> <span class='ocrx_word' id='word_1_131' title='bbox 887 1537 933 1570; x_wconf 66' lang='lat' dir='ltr'>vel</span> <span class='ocrx_word' id='word_1_132' title='bbox 954 1548 1032 1581; x_wconf 84' lang='lat' dir='ltr'>qua-</span> 
     </span>
     <span class='ocr_line' id='line_1_28' title="bbox 279 1590 1032 1635; baseline 0.004 -13"><span class='ocrx_word' id='word_1_133' title='bbox 279 1590 325 1623; x_wconf 88' lang='lat' dir='ltr'>vis</span> <span class='ocrx_word' id='word_1_134' title='bbox 360 1590 511 1623; x_wconf 86' lang='lat' dir='ltr'>firmitate</span> <span class='ocrx_word' id='word_1_135' title='bbox 540 1590 601 1622; x_wconf 89' lang='lat' dir='ltr'>alia</span> <span class='ocrx_word' id='word_1_136' title='bbox 637 1590 797 1623; x_wconf 82' lang='lat' dir='ltr'>roboratis</span> <span class='ocrx_word' id='word_1_137' title='bbox 816 1603 822 1628; x_wconf 80' lang='grc'>·,</span> <span class='ocrx_word' id='word_1_138' title='bbox 856 1592 1032 1635; x_wconf 72' lang='lat' dir='ltr'>privilegiis</span> 
     </span>
    </p>
   </div>
   <div class='ocr_carea' id='block_1_5' title="bbox 256 1644 1029 1689">
    <p class='ocr_par' dir='ltr' id='par_1_6' title="bbox 256 1644 1029 1689">
     <span class='ocr_line' id='line_1_29' title="bbox 256 1644 1029 1689; baseline 0.004 -13"><span class='ocrx_word' id='word_1_139' title='bbox 256 1674 261 1676; x_wconf 90' lang='lat'>.</span> <span class='ocrx_word' id='word_1_140' title='bbox 279 1654 423 1688; x_wconf 82' lang='lat' dir='ltr'>quoque,</span> <span class='ocrx_word' id='word_1_141' title='bbox 442 1644 576 1677; x_wconf 87' lang='lat' dir='ltr'>indultis</span> <span class='ocrx_word' id='word_1_142' title='bbox 589 1651 620 1677; x_wconf 81' lang='lat' dir='ltr'>et</span> <span class='ocrx_word' id='word_1_143' title='bbox 636 1645 750 1678; x_wconf 85' lang='lat' dir='ltr'>litteris</span> <span class='ocrx_word' id='word_1_144' title='bbox 762 1646 947 1689; x_wconf 84' lang='lat' dir='ltr'>apostolicis</span> <span class='ocrx_word' id='word_1_145' title='bbox 958 1646 1029 1689; x_wconf 86' lang='lat' dir='ltr'>qui-</span> 
     </span>
    </p>
   </div>
   <div class='ocr_carea' id='block_1_6' title="bbox 272 1698 1032 2745">
    <p class='ocr_par' dir='ltr' id='par_1_7' title="bbox 272 1698 1032 2745">
     <span class='ocr_line' id='line_1_30' title="bbox 278 1698 1032 1743; baseline 0.004 -12"><span class='ocrx_word' id='word_1_146' title='bbox 278 1698 386 1731; x_wconf 89' lang='lat' dir='ltr'>busvis</span> <span class='ocrx_word' id='word_1_147' title='bbox 405 1698 563 1741; x_wconf 87' lang='lat' dir='ltr'>personis,</span> <span class='ocrx_word' id='word_1_148' title='bbox 585 1698 645 1731; x_wconf 89' lang='lat' dir='ltr'>sub</span> <span class='ocrx_word' id='word_1_149' title='bbox 665 1698 924 1743; x_wconf 84' lang='lat' dir='ltr'>quibuscumque</span> <span class='ocrx_word' id='word_1_150' title='bbox 943 1706 1032 1734; x_wconf 86' lang='lat' dir='ltr'>teno-</span> 
     </span>
     <span class='ocr_line' id='line_1_31' title="bbox 278 1752 1028 1796; baseline 0.004 -12"><span class='ocrx_word' id='word_1_151' title='bbox 278 1752 369 1785; x_wconf 82' lang='lat' dir='ltr'>ribus</span> <span class='ocrx_word' id='word_1_152' title='bbox 390 1758 420 1784; x_wconf 86' lang='lat' dir='ltr'>et</span> <span class='ocrx_word' id='word_1_153' title='bbox 440 1752 562 1789; x_wconf 81' lang='lat' dir='ltr'>l&#39;ormis,</span> <span class='ocrx_word' id='word_1_154' title='bbox 586 1763 623 1784; x_wconf 75' lang='lat' dir='ltr'>ae</span> <span class='ocrx_word' id='word_1_155' title='bbox 643 1763 717 1784; x_wconf 82' lang='lat' dir='ltr'>cum</span> <span class='ocrx_word' id='word_1_156' title='bbox 733 1753 913 1796; x_wconf 75' lang='lat' dir='ltr'>quibusvis,</span> <span class='ocrx_word' id='word_1_157' title='bbox 934 1754 1028 1787; x_wconf 86' lang='lat' dir='ltr'>etiam</span> 
     </span>
     <span class='ocr_line' id='line_1_32' title="bbox 277 1806 1031 1852; baseline 0.004 -13"><span class='ocrx_word' id='word_1_158' title='bbox 277 1806 555 1849; x_wconf 80' lang='lat' dir='ltr'>derogatoriarum</span> <span class='ocrx_word' id='word_1_159' title='bbox 576 1806 800 1847; x_wconf 63' lang='lat' dir='ltr'>derogatoriis,</span> <span class='ocrx_word' id='word_1_160' title='bbox 824 1807 961 1852; x_wconf 84' lang='lat' dir='ltr'>aliisquo</span> <span class='ocrx_word' id='word_1_161' title='bbox 988 1809 1031 1842; x_wconf 79' lang='lat' dir='ltr'>es-</span> 
     </span>
     <span class='ocr_line' id='line_1_33' title="bbox 277 1860 1030 1900; baseline 0.004 -8"><span class='ocrx_word' id='word_1_162' title='bbox 277 1860 484 1893; x_wconf 84' lang='lat' dir='ltr'>licaeioribus</span> <span class='ocrx_word' id='word_1_163' title='bbox 519 1866 550 1892; x_wconf 88' lang='lat' dir='ltr'>et</span> <span class='ocrx_word' id='word_1_164' title='bbox 586 1860 724 1893; x_wconf 91' lang='lat' dir='ltr'>insolitis</span> <span class='ocrx_word' id='word_1_165' title='bbox 750 1861 924 1900; x_wconf 81' lang='lat' dir='ltr'>clausulis,</span> <span class='ocrx_word' id='word_1_166' title='bbox 955 1873 1030 1895; x_wconf 80' lang='lat' dir='ltr'>nec-</span> 
     </span>
     <span class='ocr_line' id='line_1_34' title="bbox 277 1913 1029 1958; baseline 0.003 -12"><span class='ocrx_word' id='word_1_167' title='bbox 277 1925 342 1947; x_wconf 91' lang='lat' dir='ltr'>non</span> <span class='ocrx_word' id='word_1_168' title='bbox 371 1914 571 1947; x_wconf 87' lang='lat' dir='ltr'>irritantibus</span> <span class='ocrx_word' id='word_1_169' title='bbox 597 1919 625 1946; x_wconf 91' lang='lat' dir='ltr'>et</span> <span class='ocrx_word' id='word_1_170' title='bbox 649 1913 719 1946; x_wconf 87' lang='lat' dir='ltr'>aliis</span> <span class='ocrx_word' id='word_1_171' title='bbox 739 1913 889 1953; x_wconf 75' lang='lat' dir='ltr'>decretis,</span> <span class='ocrx_word' id='word_1_172' title='bbox 923 1915 956 1948; x_wconf 92' lang='lat' dir='ltr'>in</span> <span class='ocrx_word' id='word_1_173' title='bbox 976 1926 1029 1958; x_wconf 79' lang='lat' dir='ltr'>ge-</span> 
     </span>
     <span class='ocr_line' id='line_1_35' title="bbox 276 1967 1024 2012; baseline 0.003 -12"><span class='ocrx_word' id='word_1_174' title='bbox 276 1978 353 2001; x_wconf 84' lang='lat' dir='ltr'>nere</span> <span class='ocrx_word' id='word_1_175' title='bbox 374 1969 420 2001; x_wconf 80' lang='lat' dir='ltr'>vel</span> <span class='ocrx_word' id='word_1_176' title='bbox 447 1968 479 2000; x_wconf 91' lang='lat' dir='ltr'>in</span> <span class='ocrx_word' id='word_1_177' title='bbox 502 1967 620 2011; x_wconf 80' lang='lat' dir='ltr'>speeie,</span> <span class='ocrx_word' id='word_1_178' title='bbox 647 1967 743 2000; x_wconf 86' lang='lat' dir='ltr'>etiam</span> <span class='ocrx_word' id='word_1_179' title='bbox 764 1974 855 2001; x_wconf 87' lang='lat' dir='ltr'>motu</span> <span class='ocrx_word' id='word_1_180' title='bbox 878 1969 1024 2012; x_wconf 86' lang='lat' dir='ltr'>proprio,</span> 
     </span>
     <span class='ocr_line' id='line_1_36' title="bbox 277 2022 1025 2061; baseline 0.003 -7"><span class='ocrx_word' id='word_1_181' title='bbox 277 2027 307 2055; x_wconf 86' lang='lat' dir='ltr'>et</span> <span class='ocrx_word' id='word_1_182' title='bbox 327 2033 363 2055; x_wconf 83' lang='lat' dir='ltr'>ex</span> <span class='ocrx_word' id='word_1_183' title='bbox 381 2027 468 2055; x_wconf 84' lang='lat' dir='ltr'>certa</span> <span class='ocrx_word' id='word_1_184' title='bbox 489 2022 635 2061; x_wconf 82' lang='lat' dir='ltr'>seientia,</span> <span class='ocrx_word' id='word_1_185' title='bbox 654 2033 691 2055; x_wconf 83' lang='lat' dir='ltr'>ac</span> <span class='ocrx_word' id='word_1_186' title='bbox 702 2022 970 2056; x_wconf 77' lang='lat' dir='ltr'>consistorialiter</span> <span class='ocrx_word' id='word_1_187' title='bbox 980 2025 1025 2058; x_wconf 88' lang='lat' dir='ltr'>vel</span> 
     </span>
     <span class='ocr_line' id='line_1_37' title="bbox 276 2075 1028 2118; baseline 0.003 -10"><span class='ocrx_word' id='word_1_188' title='bbox 276 2076 354 2109; x_wconf 85' lang='lat' dir='ltr'>alias</span> <span class='ocrx_word' id='word_1_189' title='bbox 369 2075 401 2108; x_wconf 89' lang='lat' dir='ltr'>in</span> <span class='ocrx_word' id='word_1_190' title='bbox 422 2076 622 2109; x_wconf 85' lang='lat' dir='ltr'>eontrarium</span> <span class='ocrx_word' id='word_1_191' title='bbox 634 2076 881 2118; x_wconf 77' lang='lat' dir='ltr'>quomodolibet</span> <span class='ocrx_word' id='word_1_192' title='bbox 897 2087 1028 2111; x_wconf 82' lang='lat' dir='ltr'>conoes-</span> 
     </span>
     <span class='ocr_line' id='line_1_38' title="bbox 276 2130 1028 2174; baseline 0.001 -11"><span class='ocrx_word' id='word_1_193' title='bbox 276 2131 328 2169; x_wconf 81' lang='lat' dir='ltr'>sis,</span> <span class='ocrx_word' id='word_1_194' title='bbox 349 2130 536 2174; x_wconf 81' lang='lat' dir='ltr'>approbatis</span> <span class='ocrx_word' id='word_1_195' title='bbox 549 2136 581 2163; x_wconf 86' lang='lat' dir='ltr'>et</span> <span class='ocrx_word' id='word_1_196' title='bbox 597 2130 769 2167; x_wconf 84' lang='lat' dir='ltr'>innovatis;</span> <span class='ocrx_word' id='word_1_197' title='bbox 788 2130 907 2174; x_wconf 85' lang='lat' dir='ltr'>quihus</span> <span class='ocrx_word' id='word_1_198' title='bbox 923 2132 1028 2164; x_wconf 91' lang='lat' dir='ltr'>omni-</span> 
     </span>
     <span class='ocr_line' id='line_1_39' title="bbox 274 2183 1027 2228; baseline 0.001 -11"><span class='ocrx_word' id='word_1_199' title='bbox 274 2185 346 2223; x_wconf 82' lang='lat' dir='ltr'>bus,</span> <span class='ocrx_word' id='word_1_200' title='bbox 371 2185 429 2217; x_wconf 87' lang='lat' dir='ltr'>etsi</span> <span class='ocrx_word' id='word_1_201' title='bbox 451 2184 490 2217; x_wconf 91' lang='lat' dir='ltr'>de</span> <span class='ocrx_word' id='word_1_202' title='bbox 510 2183 573 2217; x_wconf 88' lang='lat' dir='ltr'>illis</span> <span class='ocrx_word' id='word_1_203' title='bbox 599 2195 779 2228; x_wconf 79' lang='lat' dir='ltr'>eorumque</span> <span class='ocrx_word' id='word_1_204' title='bbox 806 2184 880 2218; x_wconf 87' lang='lat' dir='ltr'>totis</span> <span class='ocrx_word' id='word_1_205' title='bbox 909 2186 1027 2218; x_wconf 87' lang='lat' dir='ltr'>tenori-</span> 
     </span>
     <span class='ocr_line' id='line_1_40' title="bbox 273 2238 1025 2282; baseline 0.003 -12"><span class='ocrx_word' id='word_1_206' title='bbox 273 2239 334 2271; x_wconf 87' lang='lat' dir='ltr'>bus</span> <span class='ocrx_word' id='word_1_207' title='bbox 353 2238 513 2282; x_wconf 82' lang='lat' dir='ltr'>speeialis,</span> <span class='ocrx_word' id='word_1_208' title='bbox 538 2238 702 2282; x_wconf 80' lang='lat' dir='ltr'>speeitiea,</span> <span class='ocrx_word' id='word_1_209' title='bbox 725 2249 885 2282; x_wconf 83' lang='lat' dir='ltr'>expressa,</span> <span class='ocrx_word' id='word_1_210' title='bbox 909 2239 1025 2272; x_wconf 87' lang='lat' dir='ltr'>indivi-</span> 
     </span>
     <span class='ocr_line' id='line_1_41' title="bbox 274 2292 1027 2337; baseline 0.003 -13"><span class='ocrx_word' id='word_1_211' title='bbox 274 2292 337 2324; x_wconf 86' lang='lat' dir='ltr'>dua</span> <span class='ocrx_word' id='word_1_212' title='bbox 348 2302 384 2324; x_wconf 87' lang='lat' dir='ltr'>ac</span> <span class='ocrx_word' id='word_1_213' title='bbox 394 2292 433 2324; x_wconf 88' lang='lat' dir='ltr'>de</span> <span class='ocrx_word' id='word_1_214' title='bbox 444 2292 540 2324; x_wconf 85' lang='lat' dir='ltr'>verbo</span> <span class='ocrx_word' id='word_1_215' title='bbox 552 2292 591 2325; x_wconf 86' lang='lat' dir='ltr'>ad</span> <span class='ocrx_word' id='word_1_216' title='bbox 605 2293 748 2329; x_wconf 84' lang='lat' dir='ltr'>verbum,</span> <span class='ocrx_word' id='word_1_217' title='bbox 762 2302 826 2325; x_wconf 90' lang='lat' dir='ltr'>non</span> <span class='ocrx_word' id='word_1_218' title='bbox 838 2298 948 2325; x_wconf 85' lang='lat' dir='ltr'>autem</span> <span class='ocrx_word' id='word_1_219' title='bbox 969 2304 1027 2337; x_wconf 90' lang='lat' dir='ltr'>per</span> 
     </span>
     <span class='ocr_line' id='line_1_42' title="bbox 274 2345 1026 2390; baseline 0.001 -12"><span class='ocrx_word' id='word_1_220' title='bbox 274 2345 607 2388; x_wconf 76' lang='lat' dir='ltr'>clausulasgenerales</span> <span class='ocrx_word' id='word_1_221' title='bbox 617 2345 703 2378; x_wconf 84' lang='lat' dir='ltr'>idem</span> <span class='ocrx_word' id='word_1_222' title='bbox 712 2345 754 2377; x_wconf 90' lang='lat' dir='ltr'>im</span> <span class='ocrx_word' id='word_1_223' title='bbox 760 2351 1026 2390; x_wconf 83' lang='lat' dir='ltr'>portantes,men-</span> 
     </span>
     <span class='ocr_line' id='line_1_43' title="bbox 274 2398 1026 2442; baseline 0.003 -11"><span class='ocrx_word' id='word_1_224' title='bbox 274 2399 320 2431; x_wconf 85' lang='lat' dir='ltr'>tio</span> <span class='ocrx_word' id='word_1_225' title='bbox 330 2409 386 2432; x_wconf 88' lang='lat' dir='ltr'>seu</span> <span class='ocrx_word' id='word_1_226' title='bbox 401 2399 532 2442; x_wconf 83' lang='lat' dir='ltr'>quaevis</span> <span class='ocrx_word' id='word_1_227' title='bbox 543 2398 605 2431; x_wconf 86' lang='lat' dir='ltr'>alia</span> <span class='ocrx_word' id='word_1_228' title='bbox 617 2399 778 2442; x_wconf 82' lang='lat' dir='ltr'>expressio</span> <span class='ocrx_word' id='word_1_229' title='bbox 793 2399 951 2439; x_wconf 83' lang='lat' dir='ltr'>habenda,</span> <span class='ocrx_word' id='word_1_230' title='bbox 972 2405 1026 2433; x_wconf 89' lang='lat' dir='ltr'>aut</span> 
     </span>
     <span class='ocr_line' id='line_1_44' title="bbox 273 2452 1026 2496; baseline 0.001 -11"><span class='ocrx_word' id='word_1_231' title='bbox 273 2452 382 2496; x_wconf 82' lang='lat' dir='ltr'>aliqua</span> <span class='ocrx_word' id='word_1_232' title='bbox 393 2452 552 2496; x_wconf 78' lang='lat' dir='ltr'>exquisita</span> <span class='ocrx_word' id='word_1_233' title='bbox 561 2452 711 2485; x_wconf 86' lang='lat' dir='ltr'>sormaad</span> <span class='ocrx_word' id='word_1_234' title='bbox 721 2452 783 2485; x_wconf 78' lang='lat' dir='ltr'>hoe</span> <span class='ocrx_word' id='word_1_235' title='bbox 803 2453 958 2486; x_wconf 86' lang='lat' dir='ltr'>servanda</span> <span class='ocrx_word' id='word_1_236' title='bbox 978 2464 1026 2487; x_wconf 85' lang='lat' dir='ltr'>es·</span> 
     </span>
     <span class='ocr_line' id='line_1_45' title="bbox 274 2501 1022 2545; baseline 0 -10"><span class='ocrx_word' id='word_1_237' title='bbox 274 2508 331 2539; x_wconf 82' lang='lat' dir='ltr'>set,</span> <span class='ocrx_word' id='word_1_238' title='bbox 347 2501 409 2534; x_wconf 89' lang='lat' dir='ltr'>illis</span> <span class='ocrx_word' id='word_1_239' title='bbox 429 2501 508 2534; x_wconf 86' lang='lat' dir='ltr'>alias</span> <span class='ocrx_word' id='word_1_240' title='bbox 528 2501 559 2533; x_wconf 94' lang='lat' dir='ltr'>in</span> <span class='ocrx_word' id='word_1_241' title='bbox 577 2512 634 2534; x_wconf 83' lang='lat' dir='ltr'>suo</span> <span class='ocrx_word' id='word_1_242' title='bbox 653 2501 769 2534; x_wconf 83' lang='lat' dir='ltr'>robore</span> <span class='ocrx_word' id='word_1_243' title='bbox 791 2503 1022 2545; x_wconf 78' lang='lat' dir='ltr'>permansuris,</span> 
     </span>
     <span class='ocr_line' id='line_1_46' title="bbox 272 2550 1024 2595; baseline 0 -11"><span class='ocrx_word' id='word_1_244' title='bbox 272 2551 334 2584; x_wconf 85' lang='lat' dir='ltr'>hae</span> <span class='ocrx_word' id='word_1_245' title='bbox 353 2550 421 2583; x_wconf 82' lang='lat' dir='ltr'>viee</span> <span class='ocrx_word' id='word_1_246' title='bbox 441 2550 617 2588; x_wconf 73' lang='lat' dir='ltr'>dumtaxat,</span> <span class='ocrx_word' id='word_1_247' title='bbox 640 2551 866 2595; x_wconf 80' lang='lat' dir='ltr'>specialiteret</span> <span class='ocrx_word' id='word_1_248' title='bbox 877 2562 1024 2595; x_wconf 81' lang='lat' dir='ltr'>expresse</span> 
     </span>
     <span class='ocr_line' id='line_1_47' title="bbox 273 2600 1025 2644; baseline 0.003 -12"><span class='ocrx_word' id='word_1_249' title='bbox 273 2601 480 2643; x_wconf 76' lang='lat' dir='ltr'>derogamus,</span> <span class='ocrx_word' id='word_1_250' title='bbox 504 2600 684 2643; x_wconf 83' lang='lat' dir='ltr'>ceterisque</span> <span class='ocrx_word' id='word_1_251' title='bbox 701 2600 873 2633; x_wconf 84' lang='lat' dir='ltr'>eontrariis</span> <span class='ocrx_word' id='word_1_252' title='bbox 894 2600 1025 2644; x_wconf 88' lang='lat' dir='ltr'>quibus-</span> 
     </span>
     <span class='ocr_line' id='line_1_48' title="bbox 273 2648 1025 2693; baseline 0.003 -12"><span class='ocrx_word' id='word_1_253' title='bbox 273 2660 425 2693; x_wconf 77' lang='lat' dir='ltr'>cumque.</span> <span class='ocrx_word' id='word_1_254' title='bbox 453 2649 567 2693; x_wconf 83' lang='lat' dir='ltr'>Sicque</span> <span class='ocrx_word' id='word_1_255' title='bbox 588 2648 620 2681; x_wconf 93' lang='lat' dir='ltr'>in</span> <span class='ocrx_word' id='word_1_256' title='bbox 641 2650 825 2693; x_wconf 85' lang='lat' dir='ltr'>praemissis</span> <span class='ocrx_word' id='word_1_257' title='bbox 845 2660 903 2693; x_wconf 88' lang='lat' dir='ltr'>per</span> <span class='ocrx_word' id='word_1_258' title='bbox 928 2661 1025 2693; x_wconf 86' lang='lat' dir='ltr'>quos-</span> 
     </span>
     <span class='ocr_line' id='line_1_49' title="bbox 272 2699 1023 2745; baseline 0.004 -15"><span class='ocrx_word' id='word_1_259' title='bbox 272 2710 411 2745; x_wconf 75' lang='lat' dir='ltr'>cumque</span> <span class='ocrx_word' id='word_1_260' title='bbox 432 2699 554 2732; x_wconf 75' lang='lat' dir='ltr'>iudices</span> <span class='ocrx_word' id='word_1_261' title='bbox 584 2705 615 2732; x_wconf 88' lang='lat' dir='ltr'>et</span> <span class='ocrx_word' id='word_1_262' title='bbox 640 2699 891 2740; x_wconf 70' lang='lat' dir='ltr'>eonnnissarios,</span> <span class='ocrx_word' id='word_1_263' title='bbox 913 2700 1023 2744; x_wconf 87' lang='lat' dir='ltr'>quavis</span> 
     </span>
    </p>
   </div>
   <div class='ocr_carea' id='block_1_7' title="bbox 1723 295 1786 325">
    <p class='ocr_par' dir='ltr' id='par_1_8' title="bbox 1723 295 1786 325">
     <span class='ocr_line' id='line_1_50' title="bbox 1723 295 1786 325; baseline 0.016 -10"><span class='ocrx_word' id='word_1_264' title='bbox 1723 295 1786 325; x_wconf 68' lang='lat' dir='ltr'>cios)</span> 
     </span>
    </p>
   </div>
   <div class='ocr_carea' id='block_1_8' title="bbox 1066 357 1833 2748">
    <p class='ocr_par' dir='ltr' id='par_1_9' title="bbox 1081 357 1833 723">
     <span class='ocr_line' id='line_1_51' title="bbox 1083 357 1830 401; baseline 0.004 -12"><span class='ocrx_word' id='word_1_265' title='bbox 1083 357 1276 390; x_wconf 77' lang='lat' dir='ltr'>auctoritate</span> <span class='ocrx_word' id='word_1_266' title='bbox 1302 357 1477 401; x_wconf 69' lang='lat' dir='ltr'>fungenti-s,</span> <span class='ocrx_word' id='word_1_267' title='bbox 1495 358 1620 390; x_wconf 80' lang='lat' dir='ltr'>sublata</span> <span class='ocrx_word' id='word_1_268' title='bbox 1643 358 1687 390; x_wconf 86' lang='lat' dir='ltr'>eis</span> <span class='ocrx_word' id='word_1_269' title='bbox 1715 364 1747 390; x_wconf 68' lang='lat' dir='ltr'>vt,</span> <span class='ocrx_word' id='word_1_270' title='bbox 1778 369 1830 392; x_wconf 81' lang='lat' dir='ltr'>co-</span> 
     </span>
     <span class='ocr_line' id='line_1_52' title="bbox 1084 411 1831 455; baseline 0.003 -13"><span class='ocrx_word' id='word_1_271' title='bbox 1084 422 1153 442; x_wconf 83' lang='lat' dir='ltr'>rtun</span> <span class='ocrx_word' id='word_1_272' title='bbox 1176 411 1309 444; x_wconf 77' lang='lat' dir='ltr'>cuilibet.</span> <span class='ocrx_word' id='word_1_273' title='bbox 1337 411 1448 455; x_wconf 78' lang='lat' dir='ltr'>quavis</span> <span class='ocrx_word' id='word_1_274' title='bbox 1482 411 1577 445; x_wconf 78' lang='lat' dir='ltr'>aliter</span> <span class='ocrx_word' id='word_1_275' title='bbox 1608 412 1770 444; x_wconf 85' lang='lat' dir='ltr'>iudicandi</span> <span class='ocrx_word' id='word_1_276' title='bbox 1801 419 1831 445; x_wconf 89' lang='lat' dir='ltr'>ct</span> 
     </span>
     <span class='ocr_line' id='line_1_53' title="bbox 1083 464 1828 507; baseline 0.004 -11"><span class='ocrx_word' id='word_1_277' title='bbox 1083 464 1317 507; x_wconf 66' lang='lat' dir='ltr'>interpretandi</span> <span class='ocrx_word' id='word_1_278' title='bbox 1361 466 1511 497; x_wconf 80' lang='lat' dir='ltr'>laenitate</span> <span class='ocrx_word' id='word_1_279' title='bbox 1544 470 1570 498; x_wconf 85' lang='lat' dir='ltr'>et</span> <span class='ocrx_word' id='word_1_280' title='bbox 1615 465 1828 504; x_wconf 77' lang='lat' dir='ltr'>auctoritate,</span> 
     </span>
     <span class='ocr_line' id='line_1_54' title="bbox 1082 517 1833 555; baseline 0.004 -6"><span class='ocrx_word' id='word_1_281' title='bbox 1082 517 1214 551; x_wconf 86' lang='lat' dir='ltr'>iudicari</span> <span class='ocrx_word' id='word_1_282' title='bbox 1237 523 1267 550; x_wconf 88' lang='lat' dir='ltr'>et</span> <span class='ocrx_word' id='word_1_283' title='bbox 1283 518 1412 551; x_wconf 78' lang='lat' dir='ltr'>tlissiniri</span> <span class='ocrx_word' id='word_1_284' title='bbox 1434 519 1563 555; x_wconf 71' lang='lat' dir='ltr'>debere:</span> <span class='ocrx_word' id='word_1_285' title='bbox 1593 527 1628 551; x_wconf 78' lang='lat' dir='ltr'>ac</span> <span class='ocrx_word' id='word_1_286' title='bbox 1655 519 1780 551; x_wconf 89' lang='lat' dir='ltr'>irritum</span> <span class='ocrx_word' id='word_1_287' title='bbox 1802 525 1833 552; x_wconf 87' lang='lat' dir='ltr'>et</span> 
     </span>
     <span class='ocr_line' id='line_1_55' title="bbox 1082 571 1832 616; baseline 0.005 -14"><span class='ocrx_word' id='word_1_288' title='bbox 1082 571 1177 603; x_wconf 88' lang='lat' dir='ltr'>inane</span> <span class='ocrx_word' id='word_1_289' title='bbox 1202 572 1406 605; x_wconf 82' lang='lat' dir='ltr'>decernimus</span> <span class='ocrx_word' id='word_1_290' title='bbox 1435 572 1592 616; x_wconf 84' lang='lat' dir='ltr'>quidquid</span> <span class='ocrx_word' id='word_1_291' title='bbox 1617 584 1709 606; x_wconf 87' lang='lat' dir='ltr'>seeus</span> <span class='ocrx_word' id='word_1_292' title='bbox 1735 584 1832 616; x_wconf 86' lang='lat' dir='ltr'>super</span> 
     </span>
     <span class='ocr_line' id='line_1_56' title="bbox 1081 624 1832 669; baseline 0.005 -14"><span class='ocrx_word' id='word_1_293' title='bbox 1081 624 1129 655; x_wconf 78' lang='lat' dir='ltr'>liis</span> <span class='ocrx_word' id='word_1_294' title='bbox 1154 636 1171 657; x_wconf 84' lang='lat' dir='ltr'>a</span> <span class='ocrx_word' id='word_1_295' title='bbox 1196 636 1372 669; x_wconf 80' lang='lat' dir='ltr'>quoquam,</span> <span class='ocrx_word' id='word_1_296' title='bbox 1390 626 1500 669; x_wconf 75' lang='lat' dir='ltr'>quavis</span> <span class='ocrx_word' id='word_1_297' title='bbox 1510 626 1714 666; x_wconf 82' lang='lat' dir='ltr'>auctoritate,</span> <span class='ocrx_word' id='word_1_298' title='bbox 1730 627 1832 659; x_wconf 81' lang='lat' dir='ltr'>scien-</span> 
     </span>
     <span class='ocr_line' id='line_1_57' title="bbox 1081 679 1828 723; baseline 0.008 -14"><span class='ocrx_word' id='word_1_299' title='bbox 1081 683 1129 709; x_wconf 80' lang='lat' dir='ltr'>ter</span> <span class='ocrx_word' id='word_1_300' title='bbox 1153 679 1198 710; x_wconf 84' lang='lat' dir='ltr'>vel</span> <span class='ocrx_word' id='word_1_301' title='bbox 1226 679 1423 721; x_wconf 82' lang='lat' dir='ltr'>ignoranter,</span> <span class='ocrx_word' id='word_1_302' title='bbox 1460 681 1631 723; x_wconf 78' lang='lat' dir='ltr'>contigerit</span> <span class='ocrx_word' id='word_1_303' title='bbox 1664 681 1828 715; x_wconf 83' lang='lat' dir='ltr'>attentari.</span> 
     </span>
    </p>

    <p class='ocr_par' dir='ltr' id='par_1_10' title="bbox 1070 731 1830 2166">
     <span class='ocr_line' id='line_1_58' title="bbox 1126 731 1830 773; baseline 0.007 -10"><span class='ocrx_word' id='word_1_304' title='bbox 1126 732 1140 773; x_wconf 59' lang='grc' dir='ltr'>ξ</span> <span class='ocrx_word' id='word_1_305' title='bbox 1165 731 1218 763; x_wconf 87' lang='lat'><strong>·17.</strong></span> <span class='ocrx_word' id='word_1_306' title='bbox 1242 732 1397 770; x_wconf 74' lang='lat' dir='ltr'>Quocirca</span> <span class='ocrx_word' id='word_1_307' title='bbox 1417 734 1655 767; x_wconf 71' lang='lat' dir='ltr'>venerabilibus</span> <span class='ocrx_word' id='word_1_308' title='bbox 1678 735 1830 768; x_wconf 82' lang='lat' dir='ltr'>fratribus</span> 
     </span>
     <span class='ocr_line' id='line_1_59' title="bbox 1080 784 1830 832; baseline 0.008 -16"><span class='ocrx_word' id='word_1_309' title='bbox 1080 784 1301 827; x_wconf 74' lang='lat' dir='ltr'>Segobricensi</span> <span class='ocrx_word' id='word_1_310' title='bbox 1332 793 1358 819; x_wconf 86' lang='lat' dir='ltr'>et</span> <span class='ocrx_word' id='word_1_311' title='bbox 1392 788 1631 821; x_wconf 83' lang='lat' dir='ltr'>Albaracinensi</span> <span class='ocrx_word' id='word_1_312' title='bbox 1658 789 1830 832; x_wconf 87' lang='lat' dir='ltr'>episcopis,</span> 
     </span>
     <span class='ocr_line' id='line_1_60' title="bbox 1080 838 1830 883; baseline 0.009 -14"><span class='ocrx_word' id='word_1_313' title='bbox 1080 848 1115 870; x_wconf 85' lang='lat' dir='ltr'>ac</span> <span class='ocrx_word' id='word_1_314' title='bbox 1143 838 1260 871; x_wconf 77' lang='lat' dir='ltr'>dilecto</span> <span class='ocrx_word' id='word_1_315' title='bbox 1287 839 1355 872; x_wconf 86' lang='lat' dir='ltr'>filio</span> <span class='ocrx_word' id='word_1_316' title='bbox 1382 840 1496 874; x_wconf 87' lang='lat' dir='ltr'>Carolo</span> <span class='ocrx_word' id='word_1_317' title='bbox 1522 842 1646 883; x_wconf 70' lang='lat' dir='ltr'>Mufioz,</span> <span class='ocrx_word' id='word_1_318' title='bbox 1676 843 1830 877; x_wconf 71' lang='lat' dir='ltr'>canonico</span> 
     </span>
     <span class='ocr_line' id='line_1_61' title="bbox 1079 891 1829 940; baseline 0.009 -17"><span class='ocrx_word' id='word_1_319' title='bbox 1079 891 1292 931; x_wconf 85' lang='lat' dir='ltr'>Triasonensi,</span> <span class='ocrx_word' id='word_1_320' title='bbox 1309 904 1368 936; x_wconf 90' lang='lat' dir='ltr'>per</span> <span class='ocrx_word' id='word_1_321' title='bbox 1391 895 1565 938; x_wconf 87' lang='lat' dir='ltr'>apostolica</span> <span class='ocrx_word' id='word_1_322' title='bbox 1596 896 1714 940; x_wconf 71' lang='lat' dir='ltr'>scripta</span> <span class='ocrx_word' id='word_1_323' title='bbox 1742 908 1829 930; x_wconf 86' lang='lat' dir='ltr'>inan-</span> 
     </span>
     <span class='ocr_line' id='line_1_62' title="bbox 1079 945 1829 991; baseline 0.009 -14"><span class='ocrx_word' id='word_1_324' title='bbox 1079 945 1192 978; x_wconf 84' lang='lat' dir='ltr'>damus</span> <span class='ocrx_word' id='word_1_325' title='bbox 1217 952 1376 990; x_wconf 83' lang='lat' dir='ltr'>quatenus</span> <span class='ocrx_word' id='word_1_326' title='bbox 1407 948 1479 991; x_wconf 88' lang='lat' dir='ltr'>ipsi,</span> <span class='ocrx_word' id='word_1_327' title='bbox 1502 950 1549 981; x_wconf 79' lang='lat' dir='ltr'>vel</span> <span class='ocrx_word' id='word_1_328' title='bbox 1577 950 1639 982; x_wconf 89' lang='lat' dir='ltr'>duo</span> <span class='ocrx_word' id='word_1_329' title='bbox 1661 956 1714 983; x_wconf 89' lang='lat' dir='ltr'>aut</span> <span class='ocrx_word' id='word_1_330' title='bbox 1746 962 1829 984; x_wconf 92' lang='lat' dir='ltr'>unus</span> 
     </span>
     <span class='ocr_line' id='line_1_63' title="bbox 1079 1002 1829 1049; baseline 0.009 -18"><span class='ocrx_word' id='word_1_331' title='bbox 1079 1010 1205 1040; x_wconf 82' lang='lat' dir='ltr'>eorum,</span> <span class='ocrx_word' id='word_1_332' title='bbox 1225 1011 1282 1044; x_wconf 81' lang='lat' dir='ltr'>per</span> <span class='ocrx_word' id='word_1_333' title='bbox 1302 1012 1334 1033; x_wconf 81' lang='lat' dir='ltr'>se</span> <span class='ocrx_word' id='word_1_334' title='bbox 1355 1002 1402 1034; x_wconf 73' lang='lat' dir='ltr'>vel</span> <span class='ocrx_word' id='word_1_335' title='bbox 1423 1002 1523 1035; x_wconf 87' lang='lat' dir='ltr'>alium</span> <span class='ocrx_word' id='word_1_336' title='bbox 1545 1014 1601 1036; x_wconf 87' lang='lat' dir='ltr'>seu</span> <span class='ocrx_word' id='word_1_337' title='bbox 1622 1004 1712 1045; x_wconf 84' lang='lat' dir='ltr'>alios,</span> <span class='ocrx_word' id='word_1_338' title='bbox 1738 1016 1829 1049; x_wconf 86' lang='lat' dir='ltr'>prae-</span> 
     </span>
     <span class='ocr_line' id='line_1_64' title="bbox 1078 1054 1829 1102; baseline 0.009 -17"><span class='ocrx_word' id='word_1_339' title='bbox 1078 1058 1184 1086; x_wconf 81' lang='lat' dir='ltr'>sentes</span> <span class='ocrx_word' id='word_1_340' title='bbox 1204 1054 1338 1095; x_wconf 81' lang='lat' dir='ltr'>litteras,</span> <span class='ocrx_word' id='word_1_341' title='bbox 1370 1061 1402 1088; x_wconf 80' lang='lat' dir='ltr'>et</span> <span class='ocrx_word' id='word_1_342' title='bbox 1429 1055 1459 1087; x_wconf 92' lang='lat' dir='ltr'>in</span> <span class='ocrx_word' id='word_1_343' title='bbox 1486 1056 1532 1089; x_wconf 89' lang='lat' dir='ltr'>eis</span> <span class='ocrx_word' id='word_1_344' title='bbox 1560 1063 1711 1091; x_wconf 82' lang='lat' dir='ltr'>contenta</span> <span class='ocrx_word' id='word_1_345' title='bbox 1732 1070 1829 1102; x_wconf 87' lang='lat' dir='ltr'>quae-</span> 
     </span>
     <span class='ocr_line' id='line_1_65' title="bbox 1078 1108 1828 1153; baseline 0.009 -15"><span class='ocrx_word' id='word_1_346' title='bbox 1078 1118 1228 1150; x_wconf 80' lang='lat' dir='ltr'>cumque,</span> <span class='ocrx_word' id='word_1_347' title='bbox 1241 1108 1295 1140; x_wconf 90' lang='lat' dir='ltr'>ubi</span> <span class='ocrx_word' id='word_1_348' title='bbox 1308 1113 1339 1141; x_wconf 89' lang='lat' dir='ltr'>et</span> <span class='ocrx_word' id='word_1_349' title='bbox 1349 1109 1481 1152; x_wconf 82' lang='lat' dir='ltr'>quando</span> <span class='ocrx_word' id='word_1_350' title='bbox 1493 1120 1574 1153; x_wconf 89' lang='lat' dir='ltr'>opus</span> <span class='ocrx_word' id='word_1_351' title='bbox 1586 1111 1694 1150; x_wconf 82' lang='lat' dir='ltr'>fuerit,</span> <span class='ocrx_word' id='word_1_352' title='bbox 1713 1113 1828 1145; x_wconf 84' lang='lat' dir='ltr'>soleni-</span> 
     </span>
     <span class='ocr_line' id='line_1_66' title="bbox 1077 1160 1826 1206; baseline 0.008 -13"><span class='ocrx_word' id='word_1_353' title='bbox 1077 1160 1160 1193; x_wconf 83' lang='lat' dir='ltr'>niter</span> <span class='ocrx_word' id='word_1_354' title='bbox 1180 1161 1394 1204; x_wconf 65' lang='lat' dir='ltr'>publicantes,</span> <span class='ocrx_word' id='word_1_355' title='bbox 1422 1172 1458 1194; x_wconf 86' lang='lat' dir='ltr'>ac</span> <span class='ocrx_word' id='word_1_356' title='bbox 1488 1163 1518 1195; x_wconf 95' lang='lat' dir='ltr'>in</span> <span class='ocrx_word' id='word_1_357' title='bbox 1545 1164 1730 1206; x_wconf 83' lang='lat' dir='ltr'>praemissis</span> <span class='ocrx_word' id='word_1_358' title='bbox 1759 1166 1826 1198; x_wconf 83' lang='lat' dir='ltr'>essi-</span> 
     </span>
     <span class='ocr_line' id='line_1_67' title="bbox 1077 1214 1826 1259; baseline 0.011 -15"><span class='ocrx_word' id='word_1_359' title='bbox 1077 1214 1159 1247; x_wconf 84' lang='lat' dir='ltr'>ca‹·is</span> <span class='ocrx_word' id='word_1_360' title='bbox 1180 1214 1376 1248; x_wconf 78' lang='lat' dir='ltr'>defensionis</span> <span class='ocrx_word' id='word_1_361' title='bbox 1398 1216 1557 1259; x_wconf 83' lang='lat' dir='ltr'>praesidio</span> <span class='ocrx_word' id='word_1_362' title='bbox 1572 1218 1765 1259; x_wconf 83' lang='lat' dir='ltr'>assistentes,</span> <span class='ocrx_word' id='word_1_363' title='bbox 1779 1220 1826 1252; x_wconf 86' lang='lat' dir='ltr'>sa-</span> 
     </span>
     <span class='ocr_line' id='line_1_68' title="bbox 1076 1268 1827 1316; baseline 0.007 -15"><span class='ocrx_word' id='word_1_364' title='bbox 1076 1268 1163 1301; x_wconf 77' lang='lat' dir='ltr'>ciant</span> <span class='ocrx_word' id='word_1_365' title='bbox 1180 1269 1370 1302; x_wconf 85' lang='lat' dir='ltr'>auctoritate</span> <span class='ocrx_word' id='word_1_366' title='bbox 1391 1276 1501 1302; x_wconf 88' lang='lat' dir='ltr'>nostra</span> <span class='ocrx_word' id='word_1_367' title='bbox 1514 1271 1721 1314; x_wconf 82' lang='lat' dir='ltr'>praedictam</span> <span class='ocrx_word' id='word_1_368' title='bbox 1737 1284 1827 1316; x_wconf 87' lang='lat' dir='ltr'>prae-</span> 
     </span>
     <span class='ocr_line' id='line_1_69' title="bbox 1076 1321 1827 1359; baseline 0.008 -6"><span class='ocrx_word' id='word_1_369' title='bbox 1076 1321 1181 1354; x_wconf 89' lang='lat' dir='ltr'>missis</span> <span class='ocrx_word' id='word_1_370' title='bbox 1199 1321 1354 1355; x_wconf 85' lang='lat' dir='ltr'>interesse</span> <span class='ocrx_word' id='word_1_371' title='bbox 1372 1323 1527 1356; x_wconf 83' lang='lat' dir='ltr'>habentes</span> <span class='ocrx_word' id='word_1_372' title='bbox 1548 1324 1699 1358; x_wconf 87' lang='lat' dir='ltr'>omnibus</span> <span class='ocrx_word' id='word_1_373' title='bbox 1719 1332 1750 1359; x_wconf 87' lang='lat' dir='ltr'>et</span> <span class='ocrx_word' id='word_1_374' title='bbox 1765 1327 1827 1359; x_wconf 86' lang='lat' dir='ltr'>sin-</span> 
     </span>
     <span class='ocr_line' id='line_1_70' title="bbox 1075 1376 1828 1420; baseline 0.007 -13"><span class='ocrx_word' id='word_1_375' title='bbox 1075 1376 1171 1418; x_wconf 76' lang='lat' dir='ltr'>gulis,</span> <span class='ocrx_word' id='word_1_376' title='bbox 1195 1376 1279 1409; x_wconf 80' lang='lat' dir='ltr'>iuxta</span> <span class='ocrx_word' id='word_1_377' title='bbox 1299 1378 1522 1420; x_wconf 83' lang='lat' dir='ltr'>praesentium</span> <span class='ocrx_word' id='word_1_378' title='bbox 1544 1379 1775 1413; x_wconf 83' lang='lat' dir='ltr'>continentiam</span> <span class='ocrx_word' id='word_1_379' title='bbox 1796 1387 1828 1414; x_wconf 87' lang='lat' dir='ltr'>et</span> 
     </span>
     <span class='ocr_line' id='line_1_71' title="bbox 1075 1426 1826 1475; baseline 0.008 -13"><span class='ocrx_word' id='word_1_380' title='bbox 1075 1435 1234 1470; x_wconf 84' lang='lat' dir='ltr'>tenorem,</span> <span class='ocrx_word' id='word_1_381' title='bbox 1263 1426 1394 1473; x_wconf 68' lang='lat' dir='ltr'>pacifice</span> <span class='ocrx_word' id='word_1_382' title='bbox 1425 1432 1487 1464; x_wconf 79' lang='lat' dir='ltr'>l&#39;rui</span> <span class='ocrx_word' id='word_1_383' title='bbox 1518 1438 1548 1465; x_wconf 86' lang='lat' dir='ltr'>et</span> <span class='ocrx_word' id='word_1_384' title='bbox 1579 1434 1732 1475; x_wconf 80' lang='lat' dir='ltr'>gaudere,</span> <span class='ocrx_word' id='word_1_385' title='bbox 1762 1446 1826 1468; x_wconf 93' lang='lat' dir='ltr'>non</span> 
     </span>
     <span class='ocr_line' id='line_1_72' title="bbox 1074 1484 1825 1530; baseline 0.007 -14"><span class='ocrx_word' id='word_1_386' title='bbox 1074 1484 1300 1527; x_wconf 79' lang='lat' dir='ltr'>permittentes</span> <span class='ocrx_word' id='word_1_387' title='bbox 1318 1495 1372 1518; x_wconf 85' lang='lat' dir='ltr'>eos</span> <span class='ocrx_word' id='word_1_388' title='bbox 1400 1497 1455 1518; x_wconf 81' lang='lat' dir='ltr'>seu</span> <span class='ocrx_word' id='word_1_389' title='bbox 1477 1496 1589 1519; x_wconf 89' lang='lat' dir='ltr'>eorum</span> <span class='ocrx_word' id='word_1_390' title='bbox 1611 1488 1789 1530; x_wconf 86' lang='lat' dir='ltr'>quemlibet</span> <span class='ocrx_word' id='word_1_391' title='bbox 1809 1501 1825 1521; x_wconf 89' lang='lat' dir='ltr'>a</span> 
     </span>
     <span class='ocr_line' id='line_1_73' title="bbox 1075 1539 1826 1581; baseline 0.007 -11"><span class='ocrx_word' id='word_1_392' title='bbox 1075 1548 1240 1581; x_wconf 86' lang='lat' dir='ltr'>quoquam</span> <span class='ocrx_word' id='word_1_393' title='bbox 1268 1539 1511 1581; x_wconf 80' lang='lat' dir='ltr'>quomodolibet</span> <span class='ocrx_word' id='word_1_394' title='bbox 1550 1539 1693 1574; x_wconf 82' lang='lat' dir='ltr'>indebite</span> <span class='ocrx_word' id='word_1_395' title='bbox 1725 1543 1826 1575; x_wconf 84' lang='lat' dir='ltr'>inole-</span> 
     </span>
     <span class='ocr_line' id='line_1_74' title="bbox 1073 1592 1826 1637; baseline 0.007 -13"><span class='ocrx_word' id='word_1_396' title='bbox 1073 1592 1163 1631; x_wconf 84' lang='lat' dir='ltr'>stari,</span> <span class='ocrx_word' id='word_1_397' title='bbox 1186 1592 1371 1636; x_wconf 87' lang='lat' dir='ltr'>perturbari</span> <span class='ocrx_word' id='word_1_398' title='bbox 1392 1598 1447 1625; x_wconf 87' lang='lat' dir='ltr'>aut</span> <span class='ocrx_word' id='word_1_399' title='bbox 1461 1593 1647 1637; x_wconf 81' lang='lat' dir='ltr'>inquieta1·i;</span> <span class='ocrx_word' id='word_1_400' title='bbox 1664 1597 1826 1629; x_wconf 80' lang='lat' dir='ltr'>contradi-</span> 
     </span>
     <span class='ocr_line' id='line_1_75' title="bbox 1074 1647 1826 1692; baseline 0.008 -14"><span class='ocrx_word' id='word_1_401' title='bbox 1074 1651 1176 1679; x_wconf 79' lang='lat' dir='ltr'>ctores</span> <span class='ocrx_word' id='word_1_402' title='bbox 1193 1647 1354 1690; x_wconf 82' lang='lat' dir='ltr'>quoslibet</span> <span class='ocrx_word' id='word_1_403' title='bbox 1378 1652 1408 1680; x_wconf 84' lang='lat' dir='ltr'>et</span> <span class='ocrx_word' id='word_1_404' title='bbox 1420 1648 1569 1688; x_wconf 80' lang='lat' dir='ltr'>rebelles,</span> <span class='ocrx_word' id='word_1_405' title='bbox 1586 1660 1622 1681; x_wconf 60' lang='lat' dir='ltr'>av</span> <span class='ocrx_word' id='word_1_406' title='bbox 1636 1651 1826 1692; x_wconf 85' lang='lat' dir='ltr'>praemissis</span> 
     </span>
     <span class='ocr_line' id='line_1_76' title="bbox 1073 1706 1825 1746; baseline 0.007 -14"><span class='ocrx_word' id='word_1_407' title='bbox 1073 1710 1137 1732; x_wconf 95' lang='lat' dir='ltr'>non</span> <span class='ocrx_word' id='word_1_408' title='bbox 1158 1706 1308 1743; x_wconf 85' lang='lat' dir='ltr'>parentes</span> <span class='ocrx_word' id='word_1_409' title='bbox 1330 1712 1387 1744; x_wconf 88' lang='lat' dir='ltr'>per</span> <span class='ocrx_word' id='word_1_410' title='bbox 1407 1712 1559 1734; x_wconf 87' lang='lat' dir='ltr'>censuras</span> <span class='ocrx_word' id='word_1_411' title='bbox 1579 1708 1610 1736; x_wconf 90' lang='lat' dir='ltr'>et</span> <span class='ocrx_word' id='word_1_412' title='bbox 1630 1713 1751 1746; x_wconf 88' lang='lat' dir='ltr'>poenas</span> <span class='ocrx_word' id='word_1_413' title='bbox 1773 1715 1825 1737; x_wconf 80' lang='lat' dir='ltr'>ee-</span> 
     </span>
     <span class='ocr_line' id='line_1_77' title="bbox 1073 1753 1826 1799; baseline 0.009 -15"><span class='ocrx_word' id='word_1_414' title='bbox 1073 1753 1266 1786; x_wconf 83' lang='lat' dir='ltr'>ctesiasticas</span> <span class='ocrx_word' id='word_1_415' title='bbox 1287 1754 1413 1798; x_wconf 84' lang='lat' dir='ltr'>aliaque</span> <span class='ocrx_word' id='word_1_416' title='bbox 1434 1761 1619 1799; x_wconf 88' lang='lat' dir='ltr'>opportuna</span> <span class='ocrx_word' id='word_1_417' title='bbox 1635 1756 1714 1790; x_wconf 87' lang='lat' dir='ltr'>iuris</span> <span class='ocrx_word' id='word_1_418' title='bbox 1731 1763 1759 1791; x_wconf 86' lang='lat' dir='ltr'>et</span> <span class='ocrx_word' id='word_1_419' title='bbox 1782 1758 1826 1791; x_wconf 82' lang='lat' dir='ltr'>sa-</span> 
     </span>
     <span class='ocr_line' id='line_1_78' title="bbox 1072 1807 1825 1854; baseline 0.008 -15"><span class='ocrx_word' id='word_1_420' title='bbox 1072 1807 1111 1840; x_wconf 85' lang='lat' dir='ltr'>cti</span> <span class='ocrx_word' id='word_1_421' title='bbox 1133 1807 1288 1847; x_wconf 87' lang='lat' dir='ltr'>remedia,</span> <span class='ocrx_word' id='word_1_422' title='bbox 1304 1808 1522 1851; x_wconf 80' lang='lat' dir='ltr'>appellatione</span> <span class='ocrx_word' id='word_1_423' title='bbox 1535 1811 1724 1854; x_wconf 83' lang='lat' dir='ltr'>postposita,</span> <span class='ocrx_word' id='word_1_424' title='bbox 1739 1823 1825 1845; x_wconf 79' lang='lat' dir='ltr'>com-</span> 
     </span>
     <span class='ocr_line' id='line_1_79' title="bbox 1072 1862 1824 1907; baseline 0.011 -15"><span class='ocrx_word' id='word_1_425' title='bbox 1072 1862 1246 1905; x_wconf 65' lang='lat' dir='ltr'>pescenda,</span> <span class='ocrx_word' id='word_1_426' title='bbox 1264 1874 1300 1895; x_wconf 66' lang='lat' dir='ltr'>ac,</span> <span class='ocrx_word' id='word_1_427' title='bbox 1320 1862 1473 1905; x_wconf 70' lang='lat' dir='ltr'>legitimis</span> <span class='ocrx_word' id='word_1_428' title='bbox 1487 1874 1584 1907; x_wconf 88' lang='lat' dir='ltr'>super</span> <span class='ocrx_word' id='word_1_429' title='bbox 1600 1864 1650 1897; x_wconf 84' lang='lat' dir='ltr'>his</span> <span class='ocrx_word' id='word_1_430' title='bbox 1666 1865 1824 1900; x_wconf 88' lang='lat' dir='ltr'>habendis</span> 
     </span>
     <span class='ocr_line' id='line_1_80' title="bbox 1071 1916 1825 1959; baseline 0.008 -11"><span class='ocrx_word' id='word_1_431' title='bbox 1071 1916 1203 1948; x_wconf 82' lang='lat' dir='ltr'>servatis</span> <span class='ocrx_word' id='word_1_432' title='bbox 1236 1917 1464 1959; x_wconf 83' lang='lat' dir='ltr'>processibus,</span> <span class='ocrx_word' id='word_1_433' title='bbox 1509 1917 1580 1950; x_wconf 84' lang='lat' dir='ltr'>illos</span> <span class='ocrx_word' id='word_1_434' title='bbox 1607 1929 1759 1952; x_wconf 76' lang='lat' dir='ltr'>censuras</span> <span class='ocrx_word' id='word_1_435' title='bbox 1794 1927 1825 1954; x_wconf 86' lang='lat' dir='ltr'>et</span> 
     </span>
     <span class='ocr_line' id='line_1_81' title="bbox 1071 1970 1824 2014; baseline 0.008 -13"><span class='ocrx_word' id='word_1_436' title='bbox 1071 1979 1191 2013; x_wconf 87' lang='lat' dir='ltr'>poenas</span> <span class='ocrx_word' id='word_1_437' title='bbox 1219 1970 1304 2014; x_wconf 88' lang='lat' dir='ltr'>ipsas</span> <span class='ocrx_word' id='word_1_438' title='bbox 1326 1970 1500 2004; x_wconf 77' lang='lat' dir='ltr'>incurrisse</span> <span class='ocrx_word' id='word_1_439' title='bbox 1521 1972 1727 2013; x_wconf 79' lang='lat' dir='ltr'>declarando,</span> <span class='ocrx_word' id='word_1_440' title='bbox 1750 1984 1824 2007; x_wconf 79' lang='lat' dir='ltr'>nee-</span> 
     </span>
     <span class='ocr_line' id='line_1_82' title="bbox 1070 2024 1819 2070; baseline 0.007 -14"><span class='ocrx_word' id='word_1_441' title='bbox 1070 2034 1135 2057; x_wconf 89' lang='lat' dir='ltr'>non</span> <span class='ocrx_word' id='word_1_442' title='bbox 1156 2035 1209 2057; x_wconf 83' lang='lat' dir='ltr'>eas</span> <span class='ocrx_word' id='word_1_443' title='bbox 1226 2025 1322 2057; x_wconf 87' lang='lat' dir='ltr'>etiam</span> <span class='ocrx_word' id='word_1_444' title='bbox 1336 2025 1457 2058; x_wconf 86' lang='lat' dir='ltr'>iteratis</span> <span class='ocrx_word' id='word_1_445' title='bbox 1470 2024 1591 2059; x_wconf 84' lang='lat' dir='ltr'>vicibus</span> <span class='ocrx_word' id='word_1_446' title='bbox 1604 2029 1819 2070; x_wconf 79' lang='lat' dir='ltr'>aggravando,</span> 
     </span>
     <span class='ocr_line' id='line_1_83' title="bbox 1070 2078 1821 2124; baseline 0.007 -14"><span class='ocrx_word' id='word_1_447' title='bbox 1070 2078 1214 2111; x_wconf 82' lang='lat' dir='ltr'>invocato</span> <span class='ocrx_word' id='word_1_448' title='bbox 1232 2079 1327 2111; x_wconf 87' lang='lat' dir='ltr'>etiam</span> <span class='ocrx_word' id='word_1_449' title='bbox 1342 2079 1382 2111; x_wconf 89' lang='lat' dir='ltr'>ad</span> <span class='ocrx_word' id='word_1_450' title='bbox 1400 2079 1473 2120; x_wconf 81' lang='lat' dir='ltr'>hoe,</span> <span class='ocrx_word' id='word_1_451' title='bbox 1494 2079 1520 2112; x_wconf 90' lang='lat' dir='ltr'>si</span> <span class='ocrx_word' id='word_1_452' title='bbox 1540 2090 1622 2124; x_wconf 85' lang='lat' dir='ltr'>opus</span> <span class='ocrx_word' id='word_1_453' title='bbox 1638 2081 1746 2123; x_wconf 79' lang='lat' dir='ltr'>fuerit,</span> <span class='ocrx_word' id='word_1_454' title='bbox 1763 2094 1821 2116; x_wconf 87' lang='lat' dir='ltr'>au-</span> 
     </span>
     <span class='ocr_line' id='line_1_84' title="bbox 1070 2132 1487 2166; baseline 0.005 -2"><span class='ocrx_word' id='word_1_455' title='bbox 1070 2132 1144 2165; x_wconf 80' lang='lat' dir='ltr'>xilio</span> <span class='ocrx_word' id='word_1_456' title='bbox 1164 2132 1286 2165; x_wconf 86' lang='lat' dir='ltr'>brachii</span> <span class='ocrx_word' id='word_1_457' title='bbox 1303 2133 1487 2166; x_wconf 78' lang='lat' dir='ltr'>saecularis.</span> 
     </span>
    </p>

    <p class='ocr_par' dir='ltr' id='par_1_11' title="bbox 1066 2185 1820 2748">
     <span class='ocr_line' id='line_1_85' title="bbox 1113 2185 1820 2229; baseline 0.007 -11"><span class='ocrx_word' id='word_1_458' title='bbox 1113 2185 1201 2229; x_wconf 57' lang='lat'>518.</span> <span class='ocrx_word' id='word_1_459' title='bbox 1228 2186 1298 2219; x_wconf 90' lang='lat' dir='ltr'>Non</span> <span class='ocrx_word' id='word_1_460' title='bbox 1318 2186 1518 2220; x_wconf 87' lang='lat' dir='ltr'>obstantibus</span> <span class='ocrx_word' id='word_1_461' title='bbox 1545 2188 1646 2221; x_wconf 80' lang='lat' dir='ltr'>felicis</span> <span class='ocrx_word' id='word_1_462' title='bbox 1672 2190 1820 2223; x_wconf 80' lang='lat' dir='ltr'>recorda-</span> 
     </span>
     <span class='ocr_line' id='line_1_86' title="bbox 1068 2239 1819 2286; baseline 0.008 -15"><span class='ocrx_word' id='word_1_463' title='bbox 1068 2239 1164 2272; x_wconf 87' lang='lat' dir='ltr'>tionis</span> <span class='ocrx_word' id='word_1_464' title='bbox 1184 2239 1336 2272; x_wconf 85' lang='lat' dir='ltr'>Bonifacii</span> <span class='ocrx_word' id='word_1_465' title='bbox 1361 2240 1465 2284; x_wconf 85' lang='lat' dir='ltr'>Papae</span> <span class='ocrx_word' id='word_1_466' title='bbox 1489 2241 1564 2281; x_wconf 88' lang='lat' dir='ltr'>VIII,</span> <span class='ocrx_word' id='word_1_467' title='bbox 1591 2242 1819 2286; x_wconf 80' lang='lat' dir='ltr'>praedeeesso-</span> 
     </span>
     <span class='ocr_line' id='line_1_87' title="bbox 1069 2293 1820 2339; baseline 0.007 -14"><span class='ocrx_word' id='word_1_468' title='bbox 1069 2293 1112 2325; x_wconf 90' lang='lat' dir='ltr'>ris</span> <span class='ocrx_word' id='word_1_469' title='bbox 1132 2293 1248 2333; x_wconf 85' lang='lat' dir='ltr'>nostri,</span> <span class='ocrx_word' id='word_1_470' title='bbox 1275 2293 1314 2326; x_wconf 86' lang='lat' dir='ltr'>de</span> <span class='ocrx_word' id='word_1_471' title='bbox 1345 2304 1422 2334; x_wconf 85' lang='lat' dir='ltr'>una,</span> <span class='ocrx_word' id='word_1_472' title='bbox 1454 2300 1485 2327; x_wconf 89' lang='lat' dir='ltr'>et.</span> <span class='ocrx_word' id='word_1_473' title='bbox 1510 2295 1639 2329; x_wconf 82' lang='lat' dir='ltr'>concilii</span> <span class='ocrx_word' id='word_1_474' title='bbox 1660 2298 1820 2339; x_wconf 83' lang='lat' dir='ltr'>generalis</span> 
     </span>
     <span class='ocr_line' id='line_1_88' title="bbox 1068 2347 1819 2394; baseline 0.007 -15"><span class='ocrx_word' id='word_1_475' title='bbox 1068 2347 1107 2379; x_wconf 87' lang='lat' dir='ltr'>de</span> <span class='ocrx_word' id='word_1_476' title='bbox 1128 2347 1253 2380; x_wconf 89' lang='lat' dir='ltr'>duabus</span> <span class='ocrx_word' id='word_1_477' title='bbox 1272 2347 1397 2388; x_wconf 84' lang='lat' dir='ltr'>diaetis,</span> <span class='ocrx_word' id='word_1_478' title='bbox 1415 2347 1592 2382; x_wconf 90' lang='lat' dir='ltr'>dummodo</span> <span class='ocrx_word' id='word_1_479' title='bbox 1612 2350 1696 2394; x_wconf 84' lang='lat' dir='ltr'>quis,</span> <span class='ocrx_word' id='word_1_480' title='bbox 1710 2350 1819 2394; x_wconf 77' lang='lat' dir='ltr'>vigore</span> 
     </span>
     <span class='ocr_line' id='line_1_89' title="bbox 1068 2400 1819 2443; baseline 0.008 -12"><span class='ocrx_word' id='word_1_481' title='bbox 1068 2400 1299 2443; x_wconf 83' lang='lat' dir='ltr'>praesentium,</span> <span class='ocrx_word' id='word_1_482' title='bbox 1327 2401 1411 2434; x_wconf 88' lang='lat' dir='ltr'>ultra</span> <span class='ocrx_word' id='word_1_483' title='bbox 1439 2407 1503 2435; x_wconf 84' lang='lat' dir='ltr'>tres</span> <span class='ocrx_word' id='word_1_484' title='bbox 1523 2402 1645 2436; x_wconf 83' lang='lat' dir='ltr'>diaetas</span> <span class='ocrx_word' id='word_1_485' title='bbox 1669 2404 1707 2436; x_wconf 85' lang='lat' dir='ltr'>ad</span> <span class='ocrx_word' id='word_1_486' title='bbox 1733 2404 1819 2437; x_wconf 90' lang='lat' dir='ltr'>iudi-</span> 
     </span>
     <span class='ocr_line' id='line_1_90' title="bbox 1068 2453 1819 2500; baseline 0.007 -15"><span class='ocrx_word' id='word_1_487' title='bbox 1068 2453 1155 2485; x_wconf 82' lang='lat' dir='ltr'>cium</span> <span class='ocrx_word' id='word_1_488' title='bbox 1181 2464 1245 2486; x_wconf 90' lang='lat' dir='ltr'>non</span> <span class='ocrx_word' id='word_1_489' title='bbox 1268 2454 1426 2495; x_wconf 80' lang='lat' dir='ltr'>trabatur;</span> <span class='ocrx_word' id='word_1_490' title='bbox 1449 2461 1477 2488; x_wconf 89' lang='lat' dir='ltr'>et</span> <span class='ocrx_word' id='word_1_491' title='bbox 1504 2455 1574 2489; x_wconf 91' lang='lat' dir='ltr'>aliis</span> <span class='ocrx_word' id='word_1_492' title='bbox 1600 2456 1767 2500; x_wconf 86' lang='lat' dir='ltr'>quibusvis</span> <span class='ocrx_word' id='word_1_493' title='bbox 1787 2469 1819 2490; x_wconf 82' lang='lat' dir='ltr'>a·</span> 
     </span>
     <span class='ocr_line' id='line_1_91' title="bbox 1068 2502 1815 2549; baseline 0.007 -15"><span class='ocrx_word' id='word_1_494' title='bbox 1068 2502 1247 2544; x_wconf 83' lang='lat' dir='ltr'>postolieis;</span> <span class='ocrx_word' id='word_1_495' title='bbox 1281 2513 1407 2537; x_wconf 79' lang='lat' dir='ltr'>necnon</span> <span class='ocrx_word' id='word_1_496' title='bbox 1442 2504 1474 2537; x_wconf 91' lang='lat' dir='ltr'>in</span> <span class='ocrx_word' id='word_1_497' title='bbox 1507 2505 1760 2549; x_wconf 81' lang='lat' dir='ltr'>provincialibus</span> <span class='ocrx_word' id='word_1_498' title='bbox 1788 2512 1815 2539; x_wconf 88' lang='lat' dir='ltr'>et</span> 
     </span>
     <span class='ocr_line' id='line_1_92' title="bbox 1067 2552 1818 2597; baseline 0.005 -13"><span class='ocrx_word' id='word_1_499' title='bbox 1067 2552 1276 2595; x_wconf 64' lang='lat' dir='ltr'>synodalibus</span> <span class='ocrx_word' id='word_1_500' title='bbox 1300 2553 1447 2587; x_wconf 78' lang='lat' dir='ltr'>conciliis</span> <span class='ocrx_word' id='word_1_501' title='bbox 1481 2555 1587 2595; x_wconf 82' lang='lat' dir='ltr'>editis,</span> <span class='ocrx_word' id='word_1_502' title='bbox 1614 2556 1818 2597; x_wconf 68' lang='lat' dir='ltr'>generalibus</span> 
     </span>
     <span class='ocr_line' id='line_1_93' title="bbox 1067 2601 1818 2645; baseline 0.007 -12"><span class='ocrx_word' id='word_1_503' title='bbox 1067 2605 1097 2633; x_wconf 88' lang='lat' dir='ltr'>et</span> <span class='ocrx_word' id='word_1_504' title='bbox 1113 2601 1319 2645; x_wconf 82' lang='lat' dir='ltr'>specialibus,</span> <span class='ocrx_word' id='word_1_505' title='bbox 1333 2604 1620 2638; x_wconf 74' lang='lat' dir='ltr'>constitutionibus</span> <span class='ocrx_word' id='word_1_506' title='bbox 1640 2611 1670 2638; x_wconf 89' lang='lat' dir='ltr'>et</span> <span class='ocrx_word' id='word_1_507' title='bbox 1690 2605 1818 2638; x_wconf 90' lang='lat' dir='ltr'>ordina-</span> 
     </span>
     <span class='ocr_line' id='line_1_94' title="bbox 1067 2650 1813 2695; baseline 0.007 -13"><span class='ocrx_word' id='word_1_508' title='bbox 1067 2650 1220 2691; x_wconf 89' lang='lat' dir='ltr'>tionibus,</span> <span class='ocrx_word' id='word_1_509' title='bbox 1243 2663 1277 2685; x_wconf 71' lang='lat' dir='ltr'>ac</span> <span class='ocrx_word' id='word_1_510' title='bbox 1307 2654 1445 2694; x_wconf 86' lang='lat' dir='ltr'>statutis,</span> <span class='ocrx_word' id='word_1_511' title='bbox 1478 2654 1588 2695; x_wconf 88' lang='lat' dir='ltr'>etiam,</span> <span class='ocrx_word' id='word_1_512' title='bbox 1619 2654 1813 2695; x_wconf 86' lang='lat' dir='ltr'>iuramento,</span> 
     </span>
     <span class='ocr_line' id='line_1_95' title="bbox 1066 2701 1812 2748; baseline 0.004 -15"><span class='ocrx_word' id='word_1_513' title='bbox 1066 2701 1310 2736; x_wconf 76' lang='lat' dir='ltr'>confirmatione</span> <span class='ocrx_word' id='word_1_514' title='bbox 1342 2703 1519 2747; x_wconf 85' lang='lat' dir='ltr'>apostolica</span> <span class='ocrx_word' id='word_1_515' title='bbox 1549 2704 1597 2737; x_wconf 87' lang='lat' dir='ltr'>vel</span> <span class='ocrx_word' id='word_1_516' title='bbox 1622 2704 1732 2748; x_wconf 80' lang='lat' dir='ltr'>quavis</span> <span class='ocrx_word' id='word_1_517' title='bbox 1756 2704 1812 2736; x_wconf 86' lang='lat' dir='ltr'>fir-</span> 
     </span>
    </p>
   </div>
   <div class='ocr_carea' id='block_1_9' title="bbox 1846 304 2028 333">
    <p class='ocr_par' dir='ltr' id='par_1_12' title="bbox 1846 304 2028 333">
     <span class='ocr_line' id='line_1_96' title="bbox 1846 304 2028 333; baseline 0.011 -2"><span class='ocrx_word' id='word_1_518' title='bbox 1846 304 1897 332; x_wconf 70' lang='lat' dir='ltr'>An,</span> <span class='ocrx_word' id='word_1_519' title='bbox 1914 305 1942 332; x_wconf 88' lang='lat' dir='ltr'>C.</span> <span class='ocrx_word' id='word_1_520' title='bbox 1964 306 2028 333; x_wconf 73' lang='lat'>1587</span> 
     </span>
    </p>
   </div>
   <div class='ocr_carea' id='block_1_10' title="bbox 1846 748 2028 806">
    <p class='ocr_par' dir='ltr' id='par_1_13' title="bbox 1846 748 2028 806">
     <span class='ocr_line' id='line_1_97' title="bbox 1899 748 2028 770; baseline 0 -1"><span class='ocrx_word' id='word_1_521' title='bbox 1899 748 2028 770; x_wconf 78' lang='lat' dir='ltr'>Executores</span> 
     </span>
     <span class='ocr_line' id='line_1_98' title="bbox 1846 780 1940 806; baseline 0 -6"><span class='ocrx_word' id='word_1_522' title='bbox 1846 780 1940 806; x_wconf 74' lang='lat' dir='ltr'>deputat,</span> 
     </span>
    </p>
   </div>
   <div class='ocr_carea' id='block_1_11' title="bbox 1834 2200 2019 2289">
    <p class='ocr_par' dir='ltr' id='par_1_14' title="bbox 1834 2200 2019 2289">
     <span class='ocr_line' id='line_1_99' title="bbox 1862 2200 2015 2222; baseline 0.013 -2"><span class='ocrx_word' id='word_1_523' title='bbox 1862 2200 1936 2222; x_wconf 66' lang='lat' dir='ltr'>Altera</span> <span class='ocrx_word' id='word_1_524' title='bbox 1960 2207 2015 2222; x_wconf 81' lang='lat' dir='ltr'>cou-</span> 
     </span>
     <span class='ocr_line' id='line_1_100' title="bbox 1834 2233 2019 2253; baseline 0.011 -2"><span class='ocrx_word' id='word_1_525' title='bbox 1834 2233 1948 2253; x_wconf 77' lang='lat' dir='ltr'>tratiorum</span> <span class='ocrx_word' id='word_1_526' title='bbox 1982 2233 2019 2253; x_wconf 83' lang='lat' dir='ltr'>tte-</span> 
     </span>
     <span class='ocr_line' id='line_1_101' title="bbox 1835 2263 1907 2289; baseline 0.014 -6"><span class='ocrx_word' id='word_1_527' title='bbox 1835 2263 1907 2289; x_wconf 76' lang='lat' dir='ltr'>gatio.</span> 
     </span>
    </p>
   </div>
  </div>
 </body>
</html>
