2226 3070
92 282 142 309 An.
161 281 190 309 C.
207 281 270 309 1591

110 1838 194 1865 freyn<
207 1846 268 1866 prae-

85 1866 200 1888 tendebant
231 1873 267 1893 pa-

83 1899 129 1914 oem
144 1900 181 1920 per
196 1893 267 1914 diaco-

83 1926 131 1940 num
143 1921 173 1941 iel
182 1920 266 1941 subdia·

83 1953 157 1968 conum
163 1947 191 1968 ad
200 1954 221 1968 se
231 1947 266 1968 de-

83 1973 138 1994 ferri.

888 283 1067 309 GREGORIUS
1086 284 1140 308 xtv
1159 285 1209 308 PP.

597 330 728 364 XXXIV.

287 403 452 436 Slatttlnm
472 407 508 435 ut
527 403 562 435 in
582 403 738 446 hospitali
759 404 846 447 reqio
866 404 1030 447 Bttrslensi

331 457 427 489 iuxta
445 457 707 489 constitutionem
726 458 785 490 Pie?
808 457 842 497 V,
858 458 901 490 iis
916 458 1030 490 tresde-

331 510 391 542 cim
413 510 651 548 saecularibus,
675 511 735 553 qui
752 511 879 555 Freyles
900 522 1027 544 numat-

328 567 464 606 pantttr,
481 574 546 595 non
562 574 622 607 per
641 564 815 596 dicu-onum
828 565 1029 597 autsubdz'u-

330 627 447 649 conum
460 644 469 657 ,
492 617 546 649 sed
578 621 707 649 tantum
744 628 803 660 per
838 618 1025 661 acolythos,

327 680 395 713 pus:
431 670 469 702 in
498 671 607 703 «msz'ssis
642 671 909 704 conventualibus
947 672 1029 714 (lesc-

330 727 425 755 γαῖαν
443 723 463 756 ¹.

494 804 650 839 Gregorius
667 805 744 839 Papa
755 805 825 837 XIV,

414 859 450 886 ad
465 862 641 893 perpetuam
656 859 700 887 rei
715 859 900 886 memoriam.

330 922 425 955 Decet
440 922 601 965 quoslibet
618 922 849 956 ecclesiasticos
866 923 1028 957 ministros

285 1029 345 1062 soli
362 1029 426 1062 Deo
447 1035 477 1062 ct
493 1029 567 1062 Eius
586 1029 714 1063 servitio
727 1041 760 1063 se
774 1030 805 1062 in
819 1031 958 1063 Ecclesia
971 1042 1027 1064 sua

286 1083 449 1124 dicarunt,
470 1083 515 1116 sic
535 1094 607 1116 suas
626 1084 805 1117 functiones
835 1090 863 1117 et
894 1096 1027 1118 munera

285 1136 498 1170 ecclesiastica
516 1137 616 1175 obire,
633 1143 666 1170 ut
680 1137 771 1178 nihil,
788 1138 875 1181 quod
888 1138 983 1171 statui
997 1145 1024 1171 et

285 1190 431 1232 dignitati
452 1190 581 1224 illorum
602 1197 773 1235 repugnet,
797 1192 1027 1236 servitiumque

284 1244 392 1278 altaris
412 1244 459 1277 vel
481 1244 637 1287 impediat
656 1245 704 1277 rel
734 1245 958 1290 interrumpat,
983 1247 1028 1279 sa-

283 1297 378 1338 ciant,
390 1308 430 1331 ne
443 1298 586 1342 alioquin
598 1298 739 1332 Creatori
754 1305 784 1332 et
797 1301 950 1334 creaturis
963 1312 1027 1334 scr·
1044 1325 1045 1330 ,

282 1351 348 1384 vire
369 1357 399 1384 et
409 1352 591 1385 ministrare
602 1353 785 1387 videantur:
801 1355 842 1387 ob
856 1355 953 1399 idque
966 1356 1028 1389 Ro-

283 1416 397 1439 manus
414 1407 567 1447 Pontifex,
591 1407 642 1439 cui
662 1407 850 1441 universalis
870 1409 1027 1443 Ecclesiae

284 1465 315 1493 et
333 1460 366 1493 in
388 1471 426 1493 ea
445 1460 694 1494 ministrantium
716 1472 927 1504 personarum
951 1474 1044 1504 cura,

285 1526 319 1548 ex
341 1515 404 1548 alto
425 1514 595 1548 commissa
615 1520 671 1553 est.
688 1526 728 1548 ne
749 1516 945 1549 contrarium
958 1517 1024 1556 fiat,
1043 1558 1044 1563 1

284 1569 455 1614 prohibet,
479 1574 509 1601 et
540 1580 621 1612 quae
652 1569 715 1601 iam
747 1569 824 1602 alias
854 1571 986 1614 provide
1010 1582 1045 1619 a¹

285 1622 585 1666 praedecessoribus
605 1623 669 1656 suis
681 1624 763 1655 sacta
773 1624 911 1662 fuerunt,
926 1625 1028 1658 liben-

287 1682 333 1709 ter
350 1677 507 1720 approbat
527 1682 555 1709 ct
577 1677 738 1710 observari
760 1679 909 1718 mandat,
932 1685 1026 1722 prout

285 1730 441 1775 conspicit
461 1730 492 1763 in
511 1731 647 1764 Domino
672 1731 843 1764 salubriter
863 1732 1022 1775 expedire.

329 1786 345 1826 g
368 1783 396 1816 ’1.
420 1784 497 1817 Cum
518 1784 642 1827 itaque,
667 1784 748 1817 sicut
767 1785 970 1829 accepimus,
994 1786 1026 1818 in

283 1838 431 1882 hospitali
446 1839 533 1881 regio
553 1850 654 1883 prope
674 1845 704 1872 et
725 1845 810 1872 extra
828 1850 937 1873 muros
950 1841 1027 1874 Bur-

282 1903 412 1934 genses,
435 1893 517 1926 ultra
537 1898 659 1936 septem
688 1899 860 1937 perpetuos
887 1895 1025 1938 capella-

280 1956 340 1979 nos
359 1946 437 1978 inibi
458 1946 663 1987 constitutos,
687 1947 741 1990 qui
769 1947 921 1980 ecclesiae
951 1948 1025 1982 dicti

281 2000 461 2044 hospitalis,
485 2000 517 2032 in
537 2011 601 2044 qua
621 2001 788 2044 proprium
812 2001 948 2034 chorum
970 2002 1027 2035 ha-

279 2054 355 2087 bent
369 2082 376 2095 ,
400 2053 507 2087 divina
528 2053 633 2087 officia
653 2054 846 2087 celebrando
868 2060 899 2088 et
918 2066 1025 2088 sacra-

280 2113 388 2140 menta
409 2107 626 2140 ecclesiastica
650 2107 905 2141 administrando
926 2108 1024 2142 inter-

279 2162 420 2202 veniunt,
436 2162 541 2195 adsint
553 2162 649 2195 etiam
663 2163 833 2195 tresdecim
846 2164 1025 2196 saeculares

278 2217 309 2250 F
310 2217 411 2260 reyles
431 2216 621 2260 nuncupati,
637 2217 691 2260 qui
708 2228 764 2250 seu
785 2218 892 2250 forsan
913 2228 1025 2251 eorum

279 2270 377 2314 aliqui
398 2270 574 2314 presbyteri
601 2270 757 2308 existunt,
781 2270 926 2303 habitum
957 2282 1025 2304 sae-

280 2324 421 2357 cularem
444 2329 475 2356 et
500 2323 532 2356 in
553 2334 591 2356 eo
612 2323 760 2365 insignia,
783 2323 929 2357 videlicet
951 2335 1024 2357 cru-

281 2388 350 2410 cem
370 2387 428 2421 per
447 2376 563 2409 milites
584 2376 715 2409 militiae
736 2378 774 2409 de
795 2377 956 2411 Calatrava
969 2388 1023 2420 ‹ge-

280 2430 356 2463 stari
376 2430 516 2470 solitum,
541 2430 740 2467 deserentes,
767 2430 852 2463 bona
872 2430 947 2463 dicti
968 2431 1024 2463 lio-

280 2483 400 2528 spitalis
420 2483 689 2523 administrantes,
705 2483 758 2527 qui
779 2484 875 2517 etiam
897 2484 928 2516 in
941 2484 1024 2517 dicta

281 2538 415 2572 ecelesia
434 2538 580 2582 proprias
597 2544 627 2571 et
647 2538 679 2570 in
700 2538 813 2571 ordine
833 2538 952 2582 positas
973 2549 1022 2571 se-

282 2593 336 2626 des
357 2593 492 2633 liabent,
513 2592 544 2624 in
566 2592 693 2636 quibus,
717 2592 794 2625 dum
816 2592 931 2625 divinis
951 2592 1021 2625 offi-

282 2646 338 2679 ciis
368 2645 597 2686 interveniunt,
620 2646 731 2679 sedere
755 2646 873 2687 solent3
898 2646 1021 2690 ipsique

320 2711 331 2736 1
350 2709 388 2737 Ex
402 2709 509 2747 Regest.
526 2709 554 2737 in
564 2709 664 2737 Secret.
681 2710 818 2737 Brevium.

112 980 250 1001 Prooemium·
286 975 318 1007 in
338 975 435 1008 sacris
455 975 643 1009 constitutos
658 1003 665 1017 ‚
689 982 854 1020 tamquam
875 987 929 1010 eos
942 1004 949 1015 ‚
973 977 1027 1021 qui

1064 332 1094 365 F
1095 332 1196 375 reyles
1211 332 1422 376 praetendant
1439 332 1470 364 in
1491 332 1594 365 missis
1611 338 1806 366 conventua-

1065 385 1147 419 libus
1168 392 1197 419 et
1219 387 1325 419 forsan
1343 385 1423 425 aliis,
1441 396 1522 429 quae
1540 385 1571 418 in
1592 386 1677 419 dicto
1698 386 1806 429 hospi-

1064 439 1116 472 tali
1138 450 1196 483 pro
1219 446 1362 483 tempore
1387 439 1609 479 celebrantur,
1634 440 1805 473 diaconum

1063 494 1110 526 vel
1131 494 1365 527 subdiaconum
1379 493 1479 527 teneri
1492 493 1532 526 ad
1553 504 1606 526 eos
1627 504 1739 537 pacem
1753 494 1807 526 de-

1064 548 1160 580 serre:

1108 603 1123 639 ξ
1145 600 1174 633 2.
1208 602 1291 641 Nos,
1325 601 1524 635 attendentes
1550 601 1779 635 inconveniens
1795 629 1802 642 ,

1063 654 1139 697 quin
1168 654 1274 698 potius
1302 655 1469 697 indignum
1491 666 1574 694 esse,
1597 661 1633 689 ut
1652 655 1806 689 diaconus

1062 708 1126 741 sive
1156 709 1372 759 subdiacomis
1400 710 1509 750 altare,
1539 720 1598 754 pro
1620 709 1806 743 huiusmodi

1062 762 1254 805 praestando
1267 759 1456 801 ministerio,
1471 762 1646 807 relinquat,
1668 774 1806 806 cumque

1062 815 1161 848 felicis
1189 816 1421 849 recordationis
1452 817 1525 849 Pius
1545 817 1630 861 Papa
1650 817 1689 856 V,
1713 827 1806 860 prae-

1063 869 1210 902 decessor
1238 875 1365 909 noster,
1395 870 1534 913 quadam
1564 881 1621 903 sua
1650 877 1806 915 perpetuo

1062 922 1195 955 valitura
1226 922 1463 959 constitutione,
1486 923 1545 955 sub
1567 924 1677 956 datum
1703 924 1807 968 pridie

1063 977 1132 1009 idus
1153 976 1236 1015 iulii⁷
1259 976 1464 1020 pontificatus
1484 977 1532 1009 sui
1553 987 1637 1010 anno
1668 978 1779 1021 quinto
1795 1006 1803 1019 ,

1062 1030 1156 1069 edita,
1181 1036 1213 1062 ut
1234 1041 1316 1062 unus
1346 1035 1374 1062 et
1408 1030 1492 1063 idem
1520 1031 1638 1063 modus
1664 1031 1696 1063 in
1723 1033 1806 1076 psal-

1062 1084 1156 1116 lendo
1179 1083 1210 1116 in
1230 1083 1285 1116 Dei
1310 1083 1451 1116 Ecclesia
1476 1083 1663 1125 haberetur,
1686 1096 1805 1118 novum

1062 1138 1266 1177 breviarium,
1286 1138 1376 1171 cuius
1389 1139 1526 1171 sormam
1541 1143 1571 1171 et
1584 1140 1806 1172 caeremonias

1061 1193 1100 1225 ab
1121 1192 1271 1225 omnibus
1292 1192 1454 1225 observari
1474 1192 1592 1225 dehere
1611 1192 1722 1233 voluit,
1747 1193 1805 1225 im-

1043 1246 1156 1290 ‚primi
1177 1251 1207 1278 et
1228 1245 1384 1289 lmblicari
1407 1245 1615 1285 mandaverit,
1640 1251 1670 1279 et
1690 1246 1806 1280 deinde

1061 1312 1118 1344 per
1138 1301 1233 1333 aliam
1247 1300 1444 1344 praedictam
1458 1301 1714 1334 rel'ormatoriam
1728 1312 1805 1334 con-

1061 1354 1271 1394 stitutionem,
1295 1354 1353 1386 sub
1375 1354 1484 1387 datum
1506 1354 1556 1387 die
1581 1365 1647 1388 xv11
1677 1355 1805 1388 decem-

1043 1399 1136 1446 ibris,
1160 1409 1274 1441 eodem
1295 1418 1379 1440 anno
1400 1408 1530 1447 editam,
1553 1419 1593 1441 ne
1614 1408 1645 1441 in
1663 1409 1806 1453 partibus

1062 1462 1286 1506 Hispaniarum
1318 1462 1473 1495 diaconus
1505 1462 1553 1494 vel
1588 1463 1806 1497 subdiaconus

1061 1527 1173 1560 pacem
1205 1516 1304 1549 choro
1334 1516 1475 1555 deferat,
1506 1516 1726 1559 prohibuerit,
1750 1519 1805 1551 sed

1062 1571 1147 1614 quod
1168 1571 1271 1603 solum
1294 1570 1424 1614 quidam
1446 1572 1606 1615 accolytus
1627 1571 1659 1604 id
1689 1583 1806 1605 munus

1043 1623 1045 1627 ’
1061 1630 1210 1667 praestet,
1235 1625 1380 1662 volucri13
1401 1630 1442 1665 ety
1462 1631 1497 1657 ut
1514 1625 1660 1658 similiter
1679 1626 1804 1669 accepi-

1043 1678 1143 1717 ³mus,
1166 1689 1224 1722 per
1252 1678 1494 1712 constitutiones
1523 1680 1691 1724 synodales
1720 1681 1799 1713 Bur-

1043 1729 1044 1732 ’
1061 1742 1173 1774 genses
1193 1732 1364 1765 mandetur
1384 1743 1449 1765 non
1470 1733 1538 1766 dari
1559 1744 1671 1777 pacem
1692 1745 1803 1767 saecu-

1061 1786 1180 1818 laribus
1201 1797 1273 1818 cum
1303 1792 1436 1830 patena,
1460 1787 1515 1820 sed
1545 1798 1618 1820 cum
1639 1788 1701 1821 alia
1725 1788 1805 1821 ima-

1061 1839 1144 1882 gine,
1166 1850 1229 1883 qua
1249 1840 1335 1884 pacis
1366 1841 1513 1873 osculum
1540 1841 1608 1874 dari
1628 1842 1728 1881 solet;
1751 1852 1805 1874 vo-

1061 1895 1224 1938 lentesque
1256 1900 1427 1938 propterea
1460 1895 1606 1928 ulteriori
1644 1895 1803 1928 dictorum

1062 1948 1230 1981 tresdecim
1251 1948 1464 1981 saecularium
1495 1960 1592 1993 super
1620 1949 1682 1982 hoc
1712 1961 1804 1994 prae-

1062 2001 1197 2034 tensioni
1214 2001 1298 2034 viam
1312 2002 1507 2045 plecludere,
1521 2008 1550 2035 et
1562 2002 1639 2035 alias
1660 2003 1692 2035 in
1712 2014 1804 2047 prae-

1060 2055 1163 2088 missis
1184 2066 1241 2098 per
1261 2060 1388 2088 nostrae
1416 2056 1640 2089 declarationis
1661 2062 1690 2089 et
1711 2067 1802 2090 man-

1060 2109 1123 2141 dati
1145 2109 1324 2142 remedium
1343 2115 1523 2153 opportune
1543 2110 1729 2154 providere;
1754 2110 1802 2144 di-

1041 2144 1185 2196 lotorum
1233 2164 1473 2207 capellanorum
1516 2164 1803 2208 supplicationibus

1060 2217 1222 2255 inclinati,
1247 2217 1434 2250 auctoritate
1471 2217 1667 2261 apostolica,
1691 2223 1803 2252 tenore.

1041 2270 1295 2319 ‚praesentiuuu
1320 2270 1521 2303 declaramus
1550 2276 1580 2304 et
1611 2272 1802 2305 mandamus

1059 2325 1270 2367 volumusque
1291 2330 1320 2357 et
1346 2324 1514 2358 statuimus
1534 2335 1571 2358 ac
1592 2325 1798 2367 ordinamus,

1058 2377 1283 2421 primodietam
1321 2377 1367 2410 Pii
1406 2378 1429 2411 V
1467 2378 1728 2412 constitutionem
1768 2379 1800 2412 in

1058 2431 1217 2472 omnibus,
1243 2431 1274 2464 in
1295 2432 1411 2475 quibus
1431 2432 1485 2465 illa
1504 2444 1562 2477 per
1581 2433 1677 2466 aliam
1703 2433 1801 2477 ipsius

1058 2485 1315 2518 reformatoriam
1336 2486 1595 2520 constitutionem
1627 2487 1801 2520 reformata

1057 2549 1121 2571 non
1152 2539 1265 2578 existit,
1290 2539 1321 2572 in
1352 2539 1484 2583 reliquis
1514 2550 1589 2573 vero
1619 2540 1650 2572 in
1683 2541 1799 2584 quibus

1057 2593 1113 2626 suit
1135 2594 1326 2634 reformata,
1351 2593 1452 2637 ipsam
1480 2594 1693 2638 posteriorem
1721 2606 1798 2628 con-

1055 2646 1274 2688 stitutionem,
1308 2647 1424 2692 prioris
1457 2648 1737 2689 reformatoriam‚
1766 2649 1798 2682 in

1055 2700 1205 2734 omnibus
1226 2706 1256 2735 et
1275 2712 1333 2746 per
1352 2701 1462 2736 omnia
1482 2701 1655 2736 observari.

1710 274 1774 308 459
1821 284 1871 311 An.
1889 284 1916 311 c.
1938 285 2002 312 ¹59¹

1842 615 2007 635 (Ionstitutioncs

1822 641 1853 662 Pii
1865 641 1879 661 V
1896 642 1934 662 hae.
1944 648 2007 668 super

1822 675 1844 688 re
1859 674 1939 688 serrari
1950 675 2007 689 mau-

1822 696 1858 716 dat
1870 696 1990 721 Gregorius.
