2226 3070
77 314 125 340 An.
141 312 169 340 C.
192 310 260 340 1590

94 374 160 398 Quam
175 374 202 394 sit
215 374 258 394 Deo

77 403 188 427 nratmuut
203 407 259 426 quis—

77 434 117 454 quc
132 427 259 454 praxinus-ui

76 454 206 480 spiritualem
228 460 259 474 sa·

77 482 139 501 lutum
155 483 221 501 cui-ct.

98 1961 150 1982 Hinc
166 1961 216 1981 moti
231 1962 268 1981 ali-

86 1989 121 2014 qui
134 1987 220 2014 Hispani
233 1988 269 2008 dn-

85 2021 140 2035 mum
149 2015 235 2041 Neapoli
249 2021 269 2035 ε-

86 2044 184 2062 rexerunt.
196 2041 223 2061 ad
238 2047 269 2061 re—

86 2068 196 2093 cipiendas
238 2074 270 2088 or-

87 2095 168 2120 phanas
182 2094 271 2119 uirgines

141 2707 277 2730 Convonient‘i

95 2734 143 2756 dm
155 2737 264 2757 suxerunt.

924 307 1034 333 SIXTUS
1054 306 1073 331 V
1093 307 1143 331 PP.

275 365 474 399 coaeternus,
508 365 542 392 ut
571 359 748 391 humanum
780 368 895 400 genus,
929 357 1014 389 Adae

276 414 369 458 primi
406 412 545 457 parentis
580 411 851 455 praevaricatione
887 415 1015 443 aeterna

276 473 379 500 morte
400 467 597 502 damnatum,
621 466 741 497 salvum
765 466 891 502 faceret,
909 469 939 496 et
957 462 1015 506 ipsi

278 521 360 554 Patri
372 519 602 557 reconciliaret,
618 519 656 551 de
674 519 816 551 eiusdem
829 517 929 551 Patris
946 517 1015 549 sinu

277 576 315 609 ad
337 575 431 608 huius
451 573 561 607 mundi
582 572 693 605 intima
714 572 919 611 descemlere,
934 576 965 603 ct
981 581 1017 602 ex

278 629 419 671 virgineo
437 633 527 660 utero
539 636 667 659 carnem
686 631 828 658 nostram
840 634 1013 663 assumere,

279 693 315 715 ac
336 682 462 714 tandem
484 685 555 724 post
574 679 716 711 habitam
747 678 940 710 salutiferam
972 677 1018 708 in-

279 742 326 769 ter
361 734 506 768 homines
542 732 828 770 conversationem,
861 730 1017 773 nobisque

279 800 335 833 per
348 789 426 821 Eum
445 788 484 820 ad
502 793 665 820 aeternam
686 785 913 829 capessendam
934 785 1019 816 salu-

280 849 339 875 tem
361 842 466 874 datam
488 841 615 884 plenam
637 839 891 876 instructionem,
916 837 1018 870 crucis

277 895 420 939 patibulo
456 894 551 936 affigi,
577 899 608 927 et
636 893 846 937 temporalem
882 897 1018 924 mortem

276 948 383 981 subire
404 947 552 990 dignatus
573 953 635 980 cst:
656 947 742 979 unde
760 947 844 979 clare
865 945 1018 989 perspici-

279 1006 328 1033 tur
348 1001 457 1045 quanti
478 1001 545 1045 ipse
569 1001 713 1035 Salvator
742 1000 865 1032 animas
896 1004 1019 1031 nostras

277 1055 396 1095 fecerit,
413 1065 576 1099 quamque
592 1053 640 1087 Illi
661 1058 786 1095 gratum
805 1058 835 1085 et
852 1057 1018 1095 acceptum

278 1109 316 1142 sit
336 1119 557 1152 quascumque
578 1108 659 1140 inire
678 1107 829 1147 rationes,
853 1112 883 1139 et
915 1116 1019 1138 remc-

279 1161 330 1194 dia
350 1172 497 1205 quaeque
528 1160 725 1205 perquirere,
750 1170 807 1204 per
838 1170 919 1203 quac
944 1159 1020 1191 hae-

279 1215 395 1248 reditas
415 1214 541 1248 Domini
562 1214 661 1247 nostri
692 1214 762 1246 Iesu
786 1213 910 1253 Christi,
934 1213 1021 1245 vide-

279 1268 353 1301 licet
386 1268 525 1312 populus
559 1267 673 1307 fidelis,
711 1266 804 1306 dirigi
840 1267 958 1306 valeat,
992 1271 1023 1298 et

280 1328 469 1355 consumato
504 1326 631 1355 nostrae
670 1320 873 1353 mortalitatis
912 1330 1018 1359 cursu,

281 1375 390 1408 fideles
411 1375 481 1419 ipsi,
504 1385 570 1419 spe,
588 1374 651 1407 fide
669 1379 697 1407 et
719 1373 873 1406 charitate
894 1372 1019 1412 muniti,

280 1430 320 1463 ad
343 1430 493 1463 coelestia
517 1429 634 1471 gaudia
654 1428 775 1472 possint
796 1427 929 1460 feliciter
950 1438 1022 1471 per-

281 1483 399 1516 venire.
434 1483 471 1516 Et
501 1492 698 1526 quamquam
732 1482 811 1514 haec
842 1481 1022 1514 animarum

282 1547 357 1569 cura
377 1536 417 1569 sit
436 1535 608 1580 praecipua
629 1536 846 1579 praelatorum
865 1534 1023 1567 Ecclesia—

282 1591 446 1629 sticorum,
463 1595 571 1623 tamen
584 1589 758 1632 unicuique
773 1589 854 1621 Deus
868 1588 1024 1620 mandans

283 1645 321 1677 de
343 1645 489 1689 proximo
509 1655 579 1683 suo,
604 1644 690 1676 illam
709 1643 860 1676 omnibus
880 1653 1025 1675 commu-

282 1709 356 1732 nem
389 1709 457 1732 esse
488 1698 597 1738 voluit,
632 1704 660 1731 et
693 1698 845 1731 cordibus
876 1696 1025 1729 humanis

284 1753 443 1797 impressit
466 1758 500 1785 ut
524 1753 555 1784 in
587 1763 644 1784 sua
676 1751 811 1795 quisque
842 1750 1025 1783 conditione

283 1807 322 1840 ad
342 1807 476 1839 salutem
498 1805 678 1838 animarum
704 1805 942 1849 procurandam
969 1815 1025 1836 sua

283 1860 387 1893 studia
407 1860 577 1892 conferret.

329 1914 343 1957 Q
364 1913 394 1946 1.
418 1914 503 1946 llaec
524 1913 630 1956 itaque
651 1923 745 1945 causa
765 1911 937 1956 praecipue
958 1922 1027 1944 mo-

283 1967 328 2012 ·vit
348 1967 518 2000 nonnullas
532 1976 685 2010 personas
697 1965 867 2010 primarias
889 1964 1027 1997 nationis

286 2021 480 2064 hispanicae,
504 2020 535 2052 in
557 2020 681 2053 civitate
706 2019 909 2063 neapolitana
937 2030 1027 2052 com-

286 2079 462 2113 morantes,
486 2074 526 2106 ad
557 2073 805 2106 construendam
837 2078 865 2105 et
892 2072 1028 2105 fundan-

287 2128 360 2160 dam
381 2127 473 2160 isthic
493 2127 626 2160 domum
647 2127 705 2160 sub
727 2126 929 2159 invocatione
950 2126 1027 2158 Bea-

288 2186 336 2213 tae
356 2181 470 2213 Mariae
483 2180 619 2223 Virginis
631 2181 727 2214 Deua
744 2180 928 2213 Solitudine
945 2190 1030 2212 nun-.

288 2239 447 2277 cupatam,
468 2239 503 2266 ut
522 2233 553 2266 in
574 2233 628 2267 illa
646 2234 765 2266 multae
786 2232 923 2275 virgines
944 2233 1028 2265 filiae

288 2286 501 2330 Hispanorum
523 2287 686 2331 orphanae
701 2291 731 2318 et
750 2296 908 2330 pauperes
926 2297 1029 2319 rema-

288 2346 409 2381 nentes,
434 2351 569 2384 quarum
594 2340 748 2385 pudicitia
779 2339 951 2383 periclitari
983 2341 1028 2373 fa-

292 2394 352 2427 cile
383 2398 525 2438 poterat,
557 2393 799 2437 reciperentur,
835 2397 865 2425 et
895 2392 938 2424 ibi
970 2393 1028 2425 sub

290 2447 404 2480 timore
434 2446 560 2480 Domini
592 2450 893 2485 manutenerentur‚
928 2445 1029 2478 donec

290 2506 344 2534 aut
362 2500 521 2534 nuberent
539 2504 594 2532 aut
623 2500 663 2532 ad
683 2498 885 2541 Religionem
917 2498 1030 2531 transi-

290 2561 375 2595 rent;
392 2561 422 2588 et
441 2554 481 2587 ad
494 2554 580 2586 hunc
594 2553 742 2586 effectum
755 2557 904 2586 emerunt
915 2563 1029 2596 quam-

291 2609 364 2642 dam
386 2609 519 2641 domum
540 2607 572 2640 in
593 2607 705 2640 eadent
726 2606 861 2646 civitate,
885 2611 916 2639 et
946 2606 1030 2638 elee-

291 2673 440 2708 mosynas
459 2662 545 2695 inter
561 2671 594 2694 se
624 2666 727 2695 tantas
758 2660 973 2703 collegerunt,
996 2665 1032 2693 ut

292 2717 377 2751 illius
396 2716 539 2751 redditus
551 2716 649 2750 annui
667 2716 707 2750 ad
723 2714 772 2750 bis
792 2714 879 2749 mille
900 2714 1032 2749 ducatos

1051 354 1215 388 annuatim
1241 353 1428 391 ascendant,
1462 361 1586 383 necnon
1619 361 1676 394 pro
1708 351 1790 383 felici
1817 361 1822 377 ι

1050 463 1137 495 nulla
1156 467 1272 495 statuta
1292 466 1322 494 et
1342 459 1572 495 ordinationes,
1597 459 1636 491 dc
1657 458 1791 491 consilio
1808 446 1822 459 Π

1050 515 1279 548 nonnullorum
1304 513 1529 555 religiosorum
1562 517 1590 544 et
1623 512 1791 544 doctorum

1051 569 1203 607 virorum,
1228 569 1285 601 sub
1307 573 1416 601 nostro
1438 572 1468 600 et
1487 566 1577 600 Sedis
1592 564 1793 609 Apostolicac

1051 622 1263 665 beneplacito,
1288 621 1468 654 ediderunt.

1096 677 1110 717 Q
1136 676 1165 708 ι).
1199 676 1235 708 Et
1264 676 1345 708 sieut
1376 686 1474 719 opera
1504 674 1558 708 Dei
1593 685 1628 706 ex
1659 673 1794 705 infirmis

1052 730 1216 773 principiis
1249 730 1374 766 firmos,

1053 794 1185 824 magnos
1216 782 1316 815 exitus
1347 782 1466 815 habere
1497 783 1611 821 solent,
1645 782 1696 819 ita,
1731 781 1795 813 Deo

1052 842 1193 876 auctore,
1218 847 1253 869 ac
1274 837 1388 869 Beatae
1409 836 1524 869 Mariae
1545 835 1682 877 Virginis
1702 846 1795 878 prac-

1052 890 1145 930 sidio,
1160 890 1328 932 dictaeque
1349 889 1486 921 nationis
1507 889 1635 933 piorum
1654 889 1795 921 eleeino-

1053 943 1137 988 synis
1157 948 1304 987 speratur
1323 943 1402 981 fore,
1427 948 1461 975 ut
1481 942 1542 974 boc
1567 948 1630 974 tam
1658 942 1746 985 pium
1768 948 1798 974 et

1053 996 1269 1030 necessarium
1287 1006 1368 1039 opus
1383 995 1485 1027 maius
1507 995 1536 1027 in
1559 995 1626 1027 dies
1646 994 1799 1038 suscipiat

1055 1050 1300 1083 incrementum.

1099 1104 1114 1147 Q
1134 1102 1164 1136 3.
1181 1102 1348 1142 Quocirca,
1364 1103 1402 1135 de
1415 1102 1549 1135 consilio
1566 1102 1797 1134 venerabilim‘i'i
1815 1141 1826 1153 Π

1056 1158 1189 1190 fratrum
1210 1162 1394 1189 nostrorum
1415 1162 1542 1189 sanctae
1562 1156 1726 1189 Romanae
1743 1155 1799 1188 Ec-

1056 1211 1171 1244 clesiae
1200 1211 1413 1244 cardinalium
1442 1210 1584 1244 Concilio
1613 1209 1799 1243 Tridentino

1057 1266 1296 1309 interpretando
1309 1276 1326 1298 a
1337 1265 1430 1298 nobis
1445 1265 1715 1309 praepositorum,
1731 1263 1801 1307 qui-

1056 1319 1115 1351 bus
1135 1319 1196 1351 hoc
1216 1318 1380 1361 negotium
1403 1324 1526 1351 mature
1551 1317 1799 1350 examinandum

1057 1378 1087 1405 et
1122 1372 1214 1405 nobis
1249 1372 1454 1405 referendum
1492 1371 1724 1410 commisimus,
1762 1370 1800 1402 ad

1057 1426 1286 1470 omnipotentis
1306 1426 1360 1459 Dei
1391 1425 1519 1459 laudeni
1543 1431 1573 1457 et
1593 1424 1742 1465 gloriam,
1766 1435 1801 1457 ac

1058 1480 1306 1522 gloriosissimae
1326 1490 1519 1524 semperque
1537 1478 1674 1520 Virginis
1688 1478 1802 1511 Mariae

1059 1539 1089 1566 et
1108 1533 1203 1567 totius
1224 1534 1332 1566 curiae
1344 1533 1490 1566 coelestis
1504 1533 1674 1572 honorem,
1689 1537 1719 1564 et
1736 1531 1803 1564 ani-

1059 1597 1184 1619 marum
1205 1587 1352 1627 salutem,
1367 1585 1655 1630 supplicationibus
1672 1584 1804 1617 dilecto-

1059 1651 1130 1672 rum
1152 1640 1293 1673 filiorum
1315 1640 1547 1673 modernorum
1563 1638 1803 1672 adn‘iinistrato-

1059 1704 1130 1726 rum
1152 1694 1254 1727 dictae
1276 1695 1391 1727 domus
1412 1704 1449 1726 ea
1478 1693 1509 1725 in
1536 1698 1625 1737 parte
1646 1691 1800 1731 inclinati,

1060 1747 1168 1780 omnia
1188 1753 1219 1781 et
1238 1748 1363 1790 singula
1393 1747 1496 1780 dictae
1526 1747 1643 1779 domus
1674 1751 1800 1784 statuta,

1060 1801 1278 1835 ordinationes
1298 1807 1327 1834 et
1345 1802 1483 1839 decreta,
1500 1811 1638 1844 quorum
1658 1800 1803 1832 omnium

1061 1862 1204 1889 tenorem
1218 1856 1341 1898 vulgari
1359 1855 1512 1888 idiomate
1530 1854 1747 1898 conscriptum
1766 1854 1805 1886 de

1061 1910 1157 1943 verbo
1179 1910 1218 1942 ad
1238 1910 1371 1942 verbum
1403 1909 1535 1941 inferius
1566 1908 1703 1941 adscribi
1729 1907 1804 1940 feci-

1061 1975 1143 2004 mus,
1166 1964 1342 2008 apostolica
1362 1963 1561 2002 auctoritate,
1583 1968 1693 1995 tenore
1715 1972 1806 2005 prae-

1061 2017 1210 2057 sentium,
1232 2023 1387 2061 perpetuo
1406 2017 1623 2061 approbamus
1635 2022 1664 2049 et
1686 2017 1806 2048 contir-

1062 2082 1198 2111 mamus,
1223 2071 1348 2115 illisque
1369 2076 1542 2114 perpetuae
1564 2075 1593 2102 et
1614 2069 1806 2102 inviolabilis

1062 2125 1221 2159 firmitatis
1241 2126 1341 2159 robur
1361 2125 1544 2165 adiicimus,
1569 2136 1606 2157 ac
1635 2134 1747 2157 omnes
1777 2129 1807 2156 et

1062 2180 1204 2222 singulos
1224 2185 1289 2212 tam
1310 2179 1387 2211 iuris
1405 2189 1501 2222 quam
1525 2177 1596 2211 facti
1618 2178 1759 2210 desectus
1777 2183 1807 2209 et

1062 2232 1301 2265 solemnitatum
1331 2232 1437 2265 forsan
1470 2231 1673 2271 omissarum,
1697 2231 1722 2263 si
1752 2230 1805 2274 qui

1063 2287 1301 2327 intervenerint,
1325 2286 1357 2319 in
1378 2286 1498 2319 eisdem
1519 2285 1717 2330 supplemus,
1736 2284 1805 2317 illa-

1063 2352 1125 2384 que
1145 2341 1254 2374 onmia
1274 2346 1304 2373 et
1324 2339 1459 2382 singula,
1475 2340 1515 2372 ad
1527 2350 1607 2383 quos
1624 2340 1672 2372 vel
1692 2350 1805 2383 quem-

1064 2394 1139 2427 libet
1159 2399 1280 2438 spectat
1293 2398 1323 2427 et
1339 2392 1495 2437 spectabit
1515 2393 1546 2426 in
1564 2393 1718 2431 futurum,
1732 2403 1806 2436 per-

1064 2452 1160 2491 petuo
1180 2452 1210 2480 et
1240 2446 1466 2480 inviolabiliter
1495 2446 1656 2480 observari
1689 2446 1806 2479 debere

1064 2500 1278 2533 decernimus.

1108 2554 1123 2596 Q
1142 2553 1173 2586 4.
1198 2553 1417 2597 Eamdemque
1439 2553 1572 2587 domum
1592 2563 1627 2585 ac
1648 2552 1732 2585 illius
1749 2552 1806 2585 ad-

1065 2607 1307 2648 ministratoreS‚
1330 2607 1500 2650 servitores
1520 2612 1550 2640 et
1570 2607 1693 2652 puellas
1714 2617 1750 2639 ac
1768 2605 1805 2637 il-

1065 2661 1167 2694 larum
1203 2660 1376 2695 curatrices
1408 2666 1440 2695 et
1456 2668 1459 2671 “
1473 2661 1552 2694 alias
1586 2669 1806 2705 quascumque

1049 409 1142 441 liuius
1163 409 1277 441 domus
1298 406 1453 449 regimine
1474 411 1504 438 ct
1525 404 1683 445 gubernio
1709 415 1790 437 non·
1807 393 1825 436 'i

1696 292 1760 326 359
1809 301 1858 329 An.
1874 301 1901 328 C.
1924 301 1993 329 1590

1827 360 1991 379 Ionstitutiwiws»

1829 393 1846 406 ιι·
1856 393 1893 412 pro
1904 393 1949 406 ems
1961 393 1991 406 rn—

1830 420 1882 433 mine
1892 414 1991 432 [minti-te-

1826 442 1861 459 int.

1862 679 1903 703 Spe
1908 678 1994 698 randum

1811 705 1994 731 .111.».11nuws;m-

1410 729 1531 762 VilllthS
1561 734 1591 761 (il.
1621 728 1728 760 st'llCOS
1759 734 1884 759 sstl‘n'f‘stffl'
1923 732 1994 751 ''¹¹¹⁰‘'

1811 766 1828 779 111

1832 760 1866 778 odi
1880 759 1981 780 fundatio,

1841 1108 1906 1130 Quam
1925 1107 1998 1126 contir-

1829 1137 1856 1153 mt
1874 1135 1975 1153 Pantitae

1861 2604 1943 2626 Dictum
1968 2605 2004 2625 d.)-

1821 2638 1882 2654 munt.
1896 2638 2004 2658 pessundat,

1821 2659 1877 2680 bona
1887 2661 1927 2679 etc.
1935 2660 1961 2680 ab
1972 2664 2005 2679 oi·-

1822 2686 1900 2707 dinarii
1922 2685 2006 2707 iurisdi-

1065 2725 1217 2760 personas
1237 2715 1269 2749 in
1290 2725 1327 2751 ea
1346 2726 1405 2761 pro
1425 2721 1572 2761 tempoie
1593 2715 1754 2758 degentes,
1771 2720 1807 2746 ac
1822 2714 1892 2734 ΜΝ
1928 2712 2005 2734 “bm-
