2226 3070
66 250 119 279 An.
135 249 165 279 C.
179 249 246 280 ¹588

61 1095 194 1122 clericisque
210 1096 250 1116 ixd-

63 1128 119 1147 ditur
130 1133 199 1154 poena
207 1128 248 1154 pri-

63 1159 154 1179 vationis
170 1158 249 1179 benefl—

63 1190 144 1210 ciorum
160 1189 250 1211 erinna-

65 1220 159 1242 bilttatis.

93 2087 160 2111 Laicis
166 2089 249 2110 additur

67 2122 86 2142 d.
102 2126 172 2148 poena
187 2120 248 2141 inha-

66 2152 160 2174 bilitutin.

80 2337 103 2360 Ei
112 2339 147 2367 qui
158 2338 204 2360 toro
213 2343 249 2360 ec-

67 2371 190 2392 clesiastico
199 2370 250 2391 sub-

68 2403 119 2424 iecti
135 2405 184 2423 sunt
206 2408 250 2423 cu-

67 2434 112 2455 riae
145 2433 251 2455 saeculari

69 2465 187 2486 trudantur.

923 249 1027 273 SIXTUS
1045 248 1065 273 V
1084 249 1132 273 PP.

260 301 346 346 ipsas
357 302 523 342 mulieres,
536 313 619 346 quae
631 301 769 336 scienter
782 302 958 346 praemissa
971 303 1014 335 sc-

261 355 375 397 cerint,
396 366 529 399 poenas,
547 361 611 389 tam
624 355 732 388 divino
751 366 848 399 quam
870 356 1013 389 humano

261 408 341 449 iure,
362 420 399 442 ac
414 414 478 442 tam
489 420 547 453 per
558 409 729 442 canonicas
743 408 925 442 sanctiones
936 415 967 441 ct
982 420 1014 441 a-

262 462 434 506 postolicas
444 462 702 502 constitutiones,
712 473 808 506 quam
820 462 926 495 civilia
943 462 1013 494 iura

262 515 413 549 adversus
442 525 534 549 veros
569 515 759 555 homicidas,
790 515 845 557 qui
875 514 1012 548 homici-

262 568 353 601 dium
374 568 594 602 voluntarium
615 573 688 601 actu
708 573 739 600 ct
758 578 793 601 re
818 568 885 611 ipsa
905 573 1012 610 patra-

263 621 376 662 verint,
395 621 574 665 propositas
595 626 626 653 et
646 620 784 653 inssictas
798 621 952 663 (quorum
978 630 1013 652 0-

262 674 386 707 mnium
421 679 548 708 tenores
577 674 627 707 his
653 674 770 707 nostris
803 673 917 706 litteris
955 683 1013 717 pro

262 727 421 769 expressis
454 732 485 759 et
518 727 557 759 ad
588 727 720 760 verbum
756 726 885 759 insertis
918 725 1015 758 habo-

262 780 346 822 mus)
371 790 409 812 co
433 780 503 824 ipso
529 780 708 821 incurrere,
735 780 796 812 hac
811 784 920 812 nostra
940 789 1013 823 per-

261 837 360 876 petuo
398 833 536 866 valitura
578 833 807 866 constitutione
842 832 1014 865 statuimus

261 890 294 918 et
313 885 516 926 ordinamus,
543 886 694 930 ipsasque
719 896 852 930 poenas,
880 885 966 927 leges
986 890 1015 917 et

262 938 508 973 constitutiones
532 939 572 973 ad
598 949 689 973 casus
718 939 878 983 praefatos
905 944 1015 971 exten—

261 991 380 1026 dimus.

306 1045 321 1088 ἓ
345 1044 376 1078 2.
395 1045 456 1079 Eos
476 1056 552 1079 vero
569 1046 624 1090 qui
646 1045 756 1080 clerici
773 1045 905 1085 suerint,
928 1044 1015 1078 omni

262 1097 429 1142 privilegio
457 1098 611 1139 clericali,
647 1099 773 1140 officiis,
806 1098 1016 1141 dignitatibus

262 1156 294 1183 et
313 1152 482 1185 beneficiis
502 1152 740 1192 ecclesiasticis,
763 1163 845 1195 quac
866 1151 910 1186 sic
926 1161 1016 1184 vaca-

265 1209 336 1237 tura
356 1210 485 1238 nostrae
506 1211 537 1239 et
555 1205 645 1239 Sedis
660 1206 864 1250 Apostolicae
884 1204 1018 1249 disposi-

264 1257 344 1291 tioni
365 1264 523 1303 perpetuo
543 1270 758 1300 reservamus,
772 1259 842 1303 ipso
859 1260 941 1293 facto
954 1258 1018 1302 pri·

264 1322 386 1354 vanius,
410 1318 438 1345 et
460 1313 492 1345 in
513 1313 661 1346 futurum
682 1313 842 1346 inhabiles
857 1313 896 1345 ad
911 1323 946 1345 ea
963 1323 1016 1345 su-

263 1364 431 1408 scipienda
454 1366 674 1407 decernimus,
703 1367 784 1400 adeo
815 1372 850 1400 ut
877 1366 936 1407 illi,
964 1365 1017 1408 qui

264 1418 326 1452 hoc
345 1419 499 1453 delictum
521 1420 756 1461 commiserint,
778 1431 843 1453 non
864 1430 957 1453 secus
970 1424 1017 1452 at—

265 1482 329 1515 que
350 1473 371 1505 ii
392 1473 448 1516 qui
468 1484 526 1507 sua
540 1475 704 1507 voluntate
720 1473 934 1507 homicidium
948 1484 1018 1517 per-

265 1527 461 1569 petraverint
488 1527 576 1560 iuxta
604 1527 733 1561 concilii
761 1526 939 1560 Tridentini
964 1526 1019 1559 dc-

266 1585 365 1620 creta‚
387 1580 511 1613 etiamsi
537 1581 660 1614 crimen
680 1580 710 1613 id
737 1591 796 1614 nec
825 1580 938 1613 ordine
968 1580 1017 1612 iu-

266 1632 400 1666 diciario
420 1634 607 1678 probatum,
628 1644 689 1668 nec
698 1634 760 1667 alia
776 1634 899 1667 ratione
914 1633 1019 1678 publi-

266 1698 354 1729 cum‚
375 1687 431 1721 sed
451 1688 616 1721 occultum
636 1687 744 1728 fuerit,
767 1688 807 1721 ad
831 1698 940 1721 sacros
964 1699 1017 1721 or-

265 1740 358 1774 dines
392 1741 587 1784 promoveri‚
623 1747 680 1774 aut
714 1741 746 1774 in
776 1741 933 1785 susceptis
968 1752 1018 1775 or-

264 1793 396 1827 dinibus
426 1794 611 1828 ministrare
637 1795 728 1829 nullo
759 1796 854 1829 modo
880 1796 1016 1839 possint,

264 1853 324 1876 nec
344 1843 407 1877 illis
427 1844 537 1888 aliqua
556 1844 774 1879 ecclesiastica
793 1845 964 1885 beneficia,
984 1856 1018 1878 e-

263 1892 369 1926 tiamsi
406 1904 517 1926 curam
547 1904 613 1927 non
643 1894 784 1928 habeant
814 1895 1016 1935 animarum,

263 1942 403 1975 conferri
428 1942 542 1983 liceat,
565 1944 620 1977 sed
645 1943 734 1977 omni
759 1944 874 1978 ordine
898 1955 935 1977 ac
965 1944 1019 1977 bc-

263 1990 381 2024 neficio
402 1997 433 2025 et
452 1992 558 2025 officio
577 1998 737 2036 perpetuo
763 1999 904 2026 careant.

307 2040 323 2083 ξ
347 2038 378 2072 3.
405 2040 538 2074 Necnon
566 2047 597 2075 et
628 2041 700 2075 illos
725 2043 782 2086 qui
813 2042 924 2076 clerici
954 2052 1018 2075 non

263 2088 385 2122 fuerint
415 2095 446 2123 et
470 2091 546 2123 talia
574 2092 842 2135 perpetraverint,
877 2101 943 2125 non
970 2103 1016 2125 so-

264 2138 332 2170 lum
360 2148 483 2182 poenas
512 2138 681 2173 incurrere
717 2151 816 2184 supra
851 2146 1017 2182 narratas,

264 2187 321 2229 sed
353 2188 449 2221 etiam
475 2188 635 2223 inhabiles
666 2190 706 2223 ad
738 2190 868 2224 ordines
902 2197 932 2224 et
958 2192 1020 2225 alia

264 2236 430 2280 praedicta
447 2238 655 2272 decernimus
676 2245 707 2272 et
722 2240 937 2273 declaramus.

309 2285 324 2328 ἓ
347 2285 380 2318 4.
407 2286 557 2320 Volentes
578 2288 665 2329 quod
686 2287 720 2320 hi
741 2288 795 2331 qui
823 2288 894 2322 soro
915 2290 1020 2323 cccle-

265 2334 393 2369 siastico
410 2336 561 2378 subiecti,
580 2342 614 2369 ut
629 2337 823 2381 praefertur,
846 2339 1021 2382 deliquisse

265 2385 425 2428 comperti
446 2385 578 2426 fuerint,
597 2396 656 2429 per
671 2386 811 2420 iudicem
829 2388 1021 2421 ecclesiasti-

266 2443 341 2466 cum
362 2433 500 2477 depositi
523 2440 553 2467 et
578 2435 755 2478 degradati,
779 2436 889 2469 curiae
910 2443 941 2470 et
965 2448 1022 2480 po-

266 2482 371 2515 testati
396 2483 555 2516 saeculari
577 2483 765 2525 tradantur,
797 2495 882 2527 quac
908 2485 946 2518 de
976 2486 1022 2518 eis

268 2530 351 2564 illud
370 2532 477 2576 capiat
496 2532 708 2576 supplicium,
730 2534 818 2576 qnod
840 2539 953 2567 contra
967 2535 1022 2566 lai-

269 2590 324 2614 cos
348 2591 421 2614 vere
441 2581 621 2615 homicidas
650 2592 708 2625 per
735 2582 859 2615 divinas
881 2583 967 2626 leges
986 2594 1023 2616 ac

271 2630 377 2664 civilia
401 2630 472 2664 iura
497 2636 545 2665 est
564 2631 768 2675 dispositum.

348 2678 429 2710 Bull.
449 2679 530 2711 Rom.
558 2679 616 2710 Vol.
636 2679 687 2711 IX.
926 2682 944 2711 6

1721 239 1758 274 41
1824 250 1876 278 An.
1894 249 1923 278 c.
1942 251 2010 280 1588

1102 302 1116 345 ξ
1141 301 1172 335 5.
1199 302 1369 335 Praeterea
1401 302 1520 335 eisdem
1558 303 1670 346 poenis
1706 304 1806 337 teneri
1824 316 1949 337 stefanum
1970 324 2009 343 po-

1057 355 1190 389 omniuo
1212 355 1385 388 statuimus
1405 366 1458 387 cos
1478 356 1533 398 qui
1557 356 1732 388 sterilitatis
1754 367 1809 400 po·
1825 348 2020 403 ξ’ξξ““ζυ·η,ἒ,ζῗζῖ5

1058 409 1161 442 tiones
1181 420 1218 441 ac
1242 418 1366 442 venena
1396 408 1588 441 mulieribus
1614 409 1807 452 propinave-
1826 416 1942 436 ι’ῡῐυωΐιυρ
1959 415 2007 429 ‘0¹¹⁴

1058 462 1132 501 rint,
1156 467 1186 495 ct
1206 473 1270 505 quo
1292 462 1398 494 minus
1419 462 1539 494 foetum
1553 462 1737 505 concipiant
1754 463 1810 495 im-
1826 442 2008 499 ᾖῖἶῗιυιῖξςιιιΐ.ῠῑ.ῗῑιῗ

1058 515 1279 557 pedimcntum
1303 515 1530 558 praestiterint,
1554 526 1590 548 ac
1609 526 1645 548 ea
1663 516 1810 548 facienda
1827 506 1896 524 ¹⁸⁸⁰*

1057 573 1085 599 et
1105 569 1293 611 exequenda
1314 569 1508 608 curaverint,
1523 569 1586 601 sive
1602 579 1810 612 quocumque

1058 621 1152 653 modo
1174 621 1205 653 in
1231 622 1280 653 liis
1300 622 1536 662 consuluerint,
1560 633 1596 655 ac
1614 622 1767 655 mulieres
1788 622 1811 654 i-

1058 684 1129 716 psas
1155 685 1238 716 quae
1259 675 1369 708 eadem
1390 676 1506 719 pocula
1527 680 1640 719 sponte
1660 686 1697 709 ac
1711 675 1811 709 scicn-

1058 732 1105 759 ter
1125 728 1335 771 sumpserint.

1102 779 1116 822 §
1141 779 1171 812 6.
1199 779 1357 819 Quocirca
1385 783 1578 814 mandamus
1600 782 1755 815 universis
1782 788 1833 821 et,
1882 786 2011 822 ¹‘¹·³}³v‘{¹¹¹⁵⁰

1058 832 1193 873 singulis
1218 833 1379 866 iudicibus
1400 835 1574 868 ordinariis
1594 840 1625 868 ct
1644 836 1810 879 delegatis,
1829 819 2012 869 [3:¹221uss‘i2'sciii'

1060 892 1122 918 tam
1137 886 1363 920 ecclesiasticis
1378 898 1474 929 quam
1492 889 1724 929 saecularibus,
1743 889 1814 933 qui·
1829 882 1904 933 ffiii'ssu.
1935 886 2012 906 ww*

1058 941 1118 973 lius
1143 946 1255 972 contra
1276 939 1452 973 criminum
1483 952 1567 981 reos,
1590 942 1684 975 etiam
1706 943 1811 986 quoad

1059 1003 1170 1026 causas
1191 993 1391 1033 huiusmodi,
1407 993 1446 1026 de
1463 993 1532 1026 iure
1552 995 1599 1027 vel
1622 994 1745 1028 ratione
1761 997 1814 1029 de-

1059 1046 1124 1079 licti
1145 1052 1199 1079 aut
1230 1057 1458 1090 personarum,
1485 1047 1628 1090 legitime
1653 1055 1815 1092 competet

1059 1099 1254 1140 iurisdictio,
1283 1099 1325 1132 ita
1350 1105 1456 1133 tamen
1479 1106 1514 1133 ut
1536 1101 1621 1133 iuter
1640 1111 1694 1134 cos
1719 1113 1814 1145 prac-

1059 1153 1202 1186 ventioni
1228 1154 1320 1187 locus
1340 1160 1399 1194 est,
1423 1160 1457 1187 ut
1472 1154 1503 1186 in
1518 1154 1566 1186 liis
1579 1155 1718 1194 delictis,
1732 1166 1814 1199 quae

1060 1212 1094 1239 ut
1128 1206 1308 1250 plurimum
1343 1207 1375 1240 in
1412 1208 1541 1240 occulto
1571 1214 1812 1252 perpetrantur,

1061 1266 1173 1293 contra
1198 1271 1435 1304 quoscumque,
1458 1271 1523 1294 non
1549 1262 1654 1294 solum
1680 1273 1738 1305 per
1761 1274 1814 1295 ac-

1061 1314 1262 1347 cusationem
1278 1320 1309 1348 et
1319 1315 1583 1356 declarationem,
1595 1326 1707 1349 verum
1720 1317 1813 1349 etiam

1061 1378 1119 1411 per
1149 1368 1393 1411 inquisitionem
1423 1379 1458 1401 ac
1487 1369 1668 1412 simplicem
1691 1369 1815 1403 denun-

1061 1420 1232 1454 ciationem
1254 1421 1444 1465 procedant,
1462 1433 1500 1455 ac
1518 1422 1557 1455 ad
1578 1422 1632 1455 illa
1650 1423 1816 1466 probanda

1061 1479 1156 1508 testes
1177 1475 1254 1507 alias
1275 1475 1315 1508 de
1340 1475 1411 1508 iure
1429 1475 1600 1516 inhabiles,
1625 1477 1813 1509 eorumdem

1063 1534 1168 1561 tamen
1199 1528 1345 1561 iudicum
1371 1529 1517 1568 arbitrio,
1549 1529 1659 1562 liabita
1691 1530 1815 1564 ratione

1061 1591 1289 1624 personarum,
1312 1593 1484 1615 causarum
1507 1589 1537 1615 ct
1557 1583 1749 1626 qualitatum
1778 1584 1815 1616 it-

1061 1635 1166 1666 larum
1187 1645 1223 1667 ac
1249 1634 1565 1668 circumstantiarum
1587 1647 1817 1679 quarumcum—

1061 1701 1136 1733 que,
1159 1690 1343 1731 admittant,
1366 1702 1403 1724 ac
1424 1691 1458 1723 in
1484 1702 1540 1724 eos
1560 1692 1615 1735 qui
1637 1692 1817 1736 culpabiles

1061 1743 1190 1784 fuerint,
1211 1750 1310 1787 prout
1340 1754 1398 1788 per
1423 1755 1481 1778 nos
1501 1745 1659 1778 sancitum
1682 1752 1740 1787 est,
1760 1747 1816 1780 de-

1061 1808 1150 1830 mum
1172 1797 1441 1831 animadvertant.

1105 1851 1120 1894 g
1146 1851 1176 1884 7.
1195 1852 1344 1896 Insuper,
1359 1858 1394 1884 ut
1408 1852 1634 1885 immanissimi
1652 1853 1751 1885 liuius
1764 1854 1817 1887 dc-
1861 1860 2016 1895 hsswpnimunl-

1062 1905 1127 1938 licti
1152 1905 1311 1947 gravitati,
1341 1916 1405 1938 non
1436 1906 1540 1939 solum
1568 1907 1815 1949 temporalibus,
1833 1895 2019 1944 Ξῗξῖζςωειρᾞζζ

1060 1970 1172 1992 verum
1194 1959 1288 1992 etiam
1315 1959 1540 2003 spiritualibus
1559 1960 1672 2003 poenis
1693 1961 1818 2004 prospi-
1834 1961 1878 1975 ''¹¹¹'‘
1894 1955 2020 1981 ⁰⁰”**‘¹“⁷“'

1063 2013 1186 2045 ciamus
1208 2024 1244 2046 ac
1267 2013 1507 2056 provideamus,
1530 2024 1643 2046 omncs
1659 2020 1690 2047 et
1709 2014 1818 2057 singu-

1062 2067 1121 2106 los,
1144 2066 1381 2110 cuiuscumque
1407 2072 1519 2107 status,
1542 2067 1672 2109 gradus,
1696 2067 1818 2100 ordinis

1063 2121 1109 2153 vel
1128 2120 1324 2153 conditionis
1338 2120 1519 2160 existentes,
1533 2126 1596 2153 tam
1610 2121 1709 2154 laicos
1720 2132 1817 2165 quam

1063 2174 1212 2213 elericos,
1236 2174 1419 2206 saeculares
1445 2179 1473 2206 et
1501 2174 1737 2218 cuiuscumspic
1763 2175 1819 2208 Or-

1064 2227 1146 2259 dinis
1165 2227 1344 2269 rcgulares,
1364 2237 1491 2260 necnon
1522 2227 1677 2261 mulieres
1708 2239 1819 2262 saecu-

1064 2281 1147 2313 lares
1166 2280 1213 2312 vel
1240 2290 1482 2323 quemcumque
1509 2280 1660 2313 Ordinem
1692 2282 1818 2325 profes-

1064 2344 1125 2373 sas,
1149 2333 1204 2375 qui
1229 2333 1277 2365 rel
1302 2344 1397 2376 quae,
1421 2334 1468 2366 vel
1491 2334 1535 2366 uti
1558 2334 1754 2378 principales
1771 2336 1818 2368 rel

1066 2392 1100 2419 ut
1120 2386 1226 2419 sociae
1242 2385 1429 2419 consciaeve
1451 2388 1490 2420 ad
1516 2388 1577 2420 talc
1594 2387 1719 2421 facinus
1732 2399 1819 2420 coni-

1066 2436 1257 2468 mittendum
1298 2445 1404 2479 opem,
1442 2436 1629 2476 consilium,
1667 2436 1818 2477 savorem,

1065 2483 1231 2527 potionem
1260 2484 1309 2516 vel
1337 2483 1399 2516 alia
1425 2484 1663 2527 cuiuscumque
1693 2485 1820 2527 generis

1067 2533 1302 2567 medicamenta
1323 2533 1462 2567 scienter
1482 2534 1641 2572 dederint,
1663 2545 1699 2567 ac
1724 2535 1819 2567 ctiam

1066 2584 1239 2617 scribendo
1260 2583 1381 2617 litteras
1398 2583 1536 2627 privatas
1549 2584 1596 2616 vel
1610 2583 1762 2627 apochas,
1773 2584 1821 2616 rel

1067 2632 1145 2666 alias
1164 2632 1268 2667 verbis
1287 2639 1341 2667 aut
1361 2633 1459 2676 signis
1475 2632 1615 2666 iuverint
1635 2638 1690 2666 aut
1703 2642 1820 2666 consu-
