2226 3070
30 297 78 324 An.
94 295 122 322 C.
147 294 209 321 159¹

221 341 275 385 qui
296 341 328 374 in
349 341 400 374 die
428 341 506 374 sesto
527 340 675 385 Corporis
700 340 812 374 Christi
833 351 868 373 ac
896 340 963 373 eius

220 400 362 435 octavae,
385 394 584 438 poenitentes
601 394 748 427 similiter
765 399 793 426 et
814 393 960 433 confessi,

220 448 462 482 Sanctissimum
483 448 701 482 Eucharistiae
722 449 962 481 Sacramentum

220 508 394 543 sumerent,
417 502 537 536 eisdem
559 502 655 535 etiam
676 502 914 546 poenitentibus
935 507 963 534 et

221 555 383 596 confessis,
408 556 439 588 in
460 556 572 589 mortis
593 555 739 595 articulo,
763 554 961 598 plenariam;
980 554 982 566 ¹

222 620 258 642 ac
285 609 330 643 eis
361 610 456 642 etiam
482 620 555 642 vere
579 609 817 653 poenitentibus
838 614 865 641 et
887 619 983 642 con-⁴

223 663 322 703 fessis,
346 663 400 707 qui
422 663 453 695 in
474 663 587 696 diebus
604 662 776 695 stationum
794 662 898 700 L'rbis,
921 662 983 703 al-}

223 722 290 750 tare
306 727 362 750 seu
380 717 486 750 locum
506 716 539 749 in
559 727 623 760 quo
643 716 884 750 Sanctissimum
903 716 964 748 Eu-

223 770 392 804 charistiae
408 771 652 804 Sacramentum
674 770 863 807 custoditur,
886 769 962 802 visi-

223 829 336 864 tarent,
360 829 389 857 et
409 824 525 868 septies
549 823 733 857 Orationem
764 823 983 857 Dominicam*

223 883 254 911 et
272 877 497 911 salutationem
518 877 705 920 Angelicam
725 877 911 915 recitantes,
933 884 965 911 ut

223 931 413 975 praefertur,
435 937 578 971 orarent,
603 931 730 964 easdem
752 931 966 973 indulgentias

222 985 395 1019 stationum
431 986 524 1019 L'rbis
564 992 848 1030 consequerentur.
888 987 965 1019 Item

223 1039 343 1073 eisdem
365 1039 581 1073 confratribus
600 1039 768 1084 utriusque
788 1050 894 1076 sexus,
919 1039 963 1072 si-

223 1093 343 1127 militer
359 1093 598 1137 poenitentibus
618 1099 646 1126 et
666 1093 828 1133 confessis,
851 1093 963 1135 singu-

222 1147 260 1180 lis
280 1147 373 1181 annis
397 1147 429 1180 in
455 1147 506 1180 die
534 1147 658 1181 Coenae
688 1147 815 1180 Domini
844 1153 964 1191 septem

223 1212 325 1235 annos
345 1208 376 1235 et
395 1201 530 1235 totidem
550 1202 793 1245 quadragenas:
816 1201 870 1245 qui
892 1213 966 1235 vero

222 1255 262 1288 ad
282 1255 383 1288 altare
412 1255 511 1299 ipsius
540 1255 734 1288 Sanctissimi
767 1255 966 1288 Sacramenti

222 1309 254 1342 in
275 1309 369 1342 tertia
399 1308 562 1342 dominica
592 1308 759 1342 cuiuslibet
780 1307 914 1347 mensis,
938 1314 967 1341 et

224 1362 255 1395 in
277 1362 328 1396 die
348 1363 472 1396 Coenae
492 1362 619 1396 Domini
640 1363 881 1396 Saci-osanctam
907 1363 968 1395 Eu-

223 1416 406 1450 charistiam
429 1422 608 1455 sumerent,
633 1416 745 1460 iisque,
776 1415 830 1460 qui
855 1416 986 1455 Sacra<

224 1476 368 1503 mentum
385 1470 489 1514 ipsum
504 1470 537 1502 in
557 1470 760 1514 processione
778 1475 848 1513 post
869 1470 969 1502 maio-

224 1535 292 1557 rem
319 1523 465 1561 missam,
490 1523 581 1557 tertia
609 1523 771 1557 dominica
799 1523 966 1556 cuiuslibet

225 1577 344 1611 mensis
364 1577 433 1611 fieri
452 1583 614 1617 consueta,
639 1577 878 1614 comitarentur,
896 1588 969 1610 cen-

226 1637 292 1665 tum
318 1631 404 1671 dies;
428 1637 459 1664 et
479 1637 543 1664 tam
566 1631 627 1663 illis
657 1642 753 1674 quam
786 1631 856 1663 aliis
886 1631 969 1664 cliri-

224 1684 415 1718 stifidelibus
435 1684 555 1718 dictum
571 1684 824 1722 Sacramentum,
839 1685 915 1718 dum
929 1686 968 1718 ad

226 1745 374 1782 aegrotos
401 1739 561 1778 defertur,
585 1738 836 1777 associantibus,
860 1745 888 1772 et
915 1739 968 1783 qui

227 1794 287 1827 hoc
306 1794 410 1827 facere
430 1793 588 1837 impediti,
606 1793 645 1826 ad
656 1804 771 1826 sonum
793 1804 969 1837 campanae

226 1847 404 1889 genuflexi,
428 1847 527 1880 semel
556 1846 740 1880 Orationem
768 1847 968 1880 Dominicam

226 1907 257 1934 et
275 1900 505 1934 Salutationem
526 1901 712 1943 Angelicam
741 1901 913 1934 recitarent
940 1908 970 1935 et

226 1965 284 1999 pro
305 1954 435 1987 infirmo
455 1959 596 1993 orarent,
621 1960 750 1987 centum
771 1954 849 1993 dies,
866 1966 902 1987 ac
920 1966 969 1987 re-

225 2008 364 2052 spective
384 2008 529 2041 omnium
560 2013 767 2052 peccatorum
798 2007 968 2050 indulgen-

227 2061 302 2095 tiam
323 2067 353 2094 et
372 2061 595 2094 remissionem
618 2061 784 2094 concessit.

270 2114 362 2158 §¹l‘l.
391 2115 524 2159 Insuper
557 2114 721 2147 Indiarum
758 2120 787 2147 et
820 2114 969 2148 Brasiliae

227 2168 385 2214 episcopis
407 2169 446 2202 ad
468 2168 726 2212 quinquennium
753 2174 828 2202 tunc
857 2169 966 2213 proxi-

28 2229 211 2278 gffiirzoeegffigsi
227 2234 328 2263 mum,
352 2234 370 2256 a
390 2223 440 2256 die
461 2223 648 2256 earumdem
677 2222 856 2256 litterarum
880 2234 969 2256 rece-

28 2282 125 2331 ggrvoris
153 2277 345 2321 Chri-ptionis
380 2277 655 2321 computandum,
684 2277 811 2309 easdem
843 2278 969 2310 confra-

57 2326 62 2331 “
227 2330 391 2363 ternitates
417 2335 445 2363 et
475 2330 658 2363 sodalitates
686 2330 745 2362 sub
773 2330 969 2363 Sanctissimi

227 2383 424 2418 Sacrameuti
439 2383 651 2423 invocatione,
666 2383 698 2416 in
713 2383 969 2427 quibuscumque

228 2437 305 2471 locis
325 2448 456 2470 suarum
478 2437 661 2470 dioecesum
692 2437 834 2480 erigendi
865 2443 895 2470 et
921 2437 969 2470 in-

226 2491 378 2526 stituendi
399 2492 581 2525 facultatem
607 2491 772 2525 concessit.

271 2547 286 2589 §
306 2545 358 2578 «1⁹2.
382 2545 525 2590 Ipsisque
547 2545 769 2582 confratribus,
794 2551 825 2578 ut
856 2556 969 2589 quem-

69 2604 364 2643 Consratribuscumque
395 2599 616 2643 presbyterum
648 2609 685 2631 ex
716 2598 900 2642 approbatis
930 2598 969 2631 ab

31 2635 80 2651 vero
88 2631 177 2657 eligendi
185 2632 211 2652 si-

30 2652 407 2710 {iggflfflgffffissrdinarim
446 2652 643 2685 saecularem
678 2652 727 2685 vel
762 2652 966 2694 regularem,

53 2175 163 2202 Episcopis
182 2175 210 2196 sa-

29 2203 125 2224 cultatem
162 2209 211 2223 cou-

32 2715 58 2730 ¹²⁰
85 2716 98 2730 ²
129 2711 213 2733 casibus
228 2707 324 2741 etiam
348 2707 381 2741 in
410 2707 522 2741 mortis
549 2707 704 2747 articulo,
728 2706 854 2740 etiamsi
883 2717 988 2746 mors,

827 291 1004 315 GREGORIL'S
1022 290 1075 314 XIV
1092 290 1141 313 PP.

985 1526 1081 1557 ster,
1105 1520 1234 1553 easdem
1264 1519 1478 1562 indulgentias
1510 1525 1541 1552 et
1568 1518 1686 1562 gratias
1710 1529 1747 1551 ac

1641 278 1699 311 4911
1752 287 1802 314 An.
1819 287 1848 314 c.
1872 288 1936 315 ¹59¹

997 345 1071 372 tuuc
1088 348 1153 371 non
1174 338 1434 381 subsequeretur,
1452 337 1483 369 in
1501 347 1595 369 suum
1609 342 1739 380 possent
1754 350 1805 370 seis.
1817 351 1852 379 ΑΙ».
1867 352 1887 369 et
1902 350 1939 370 or.

997 393 1114 434 eligere
1135 392 1361 432 confessorem,
1385 391 1440 435 qui
1461 402 1515 424 eos
1532 391 1571 423 ab
1590 377 1940 423 omnibus3¹3¹IJ²J'¹312⁵0‘{2⁵2⁹1{3

998 446 1145 490 peccatis,
1158 445 1356 485 criminibus,
1367 445 1546 478 excessibus
1560 450 1589 477 et
1603 444 1737 483 delictis,
1755 433 1794 450 ’ω’

998 505 1295 543 quantumcumque
1335 498 1505 541 gravibus,
1537 497 1631 530 etiam
1668 496 1741 530 Sedi

999 552 1199 596 Apostolicae
1220 559 1249 585 et
1271 553 1416 586 locorum
1433 550 1609 585 Ordinariis
1633 561 1738 583 reser-

999 606 1087 643 vatis,
1108 612 1333 650 praeterquam
1355 606 1386 638 in
1406 605 1518 638 litteris
1539 605 1662 639 Coenae
1679 605 1740 638 Do-

999 660 1077 693 mini
1099 660 1267 700 contentis‚
1291 666 1339 693 ter
1369 660 1400 692 in
1432 659 1495 693 vita
1517 659 1681 692 absolvere
1712 664 1740 691 et

1000 714 1044 746 eis
1087 713 1316 757 poenitentiam
1359 713 1531 746 salutarem
1576 712 1742 755 iniungere

999 774 1115 811 posset.

1045 822 1061 862 ξ
1082 820 1134 853 13.
1158 820 1351 864 Eisdemque
1372 821 1586 854 confratribus
1616 832 1653 853 ac
1684 831 1742 864 pro

1000 881 1144 919 tempore
1165 875 1370 908 existentibus
1391 875 1560 919 episcopis,
1583 886 1648 908 una
1669 886 1741 908 cum

1000 928 1134 962 consilio
1156 929 1363 966 confratrum,
1379 928 1432 972 qui
1451 928 1483 961 in
1505 928 1597 961 dictis
1617 929 1742 961 confra-

1000 981 1201 1014 ternitatibus
1230 981 1495 1021 conscribentur,
1521 991 1744 1025 quaecumque

1000 1041 1116 1068 statuta
1146 1040 1175 1067 et
1204 1034 1439 1075 ordinationes,
1463 1034 1549 1067 licita
1577 1041 1684 1068 tamen
1715 1040 1744 1067 et

1000 1090 1134 1122 honesta
1154 1094 1183 1122 et
1203 1088 1302 1122 sacris
1322 1088 1500 1121 canonibus
1527 1099 1591 1121 non
1617 1094 1744 1121 contra-

1000 1144 1057 1182 ria,
1079 1143 1164 1176 circa
1185 1142 1343 1176 dictarum
1363 1142 1570 1176 sodalitatum
1590 1142 1745 1186 tranquil-

1001 1198 1067 1230 lum
1096 1202 1233 1232 statum,
1257 1196 1439 1235 condendi,
1463 1202 1491 1229 et
1518 1195 1647 1229 condita
1673 1206 1744 1228 mu-

1001 1251 1089 1285 tandi
1116 1257 1145 1284 et
1177 1251 1216 1284 de
1245 1261 1327 1284 novo
1354 1250 1489 1290 edendi,
1513 1261 1596 1294 quae
1617 1260 1654 1283 eo
1675 1250 1745 1294 ipso

1001 1305 1085 1339 dicta
1105 1304 1293 1338 auctoritate
1313 1304 1503 1337 confirmata
1523 1309 1642 1344 essent,
1667 1314 1743 1337 con-

1002 1359 1104 1392 cessit.

1047 1413 1130 1456 3¹14.
1155 1413 1192 1446 Et
1211 1413 1342 1446 demum
1374 1412 1475 1445 felicis
1513 1411 1745 1444 recordationis

1002 1466 1104 1500 Sixtus
1124 1467 1209 1510 Papa
1229 1466 1273 1506 V,
1302 1466 1397 1499 etiam
1427 1466 1656 1510 praedecessor
1686 1476 1744 1498 no-

1758 832 1782 852 Et
1791 834 1868 852 statuta
1878 837 1942 857 quae-

1757 865 1846 885 cumque
1853 858 1943 879 conden-

1758 886 1785 908 di,
1808 891 1863 912 quae
1886 891 1897 905 a
1921 885 1942 905 S.

1758 913 1813 933 Sede
1820 912 1943 933 confirmata

1758 941 1891 960 censeantur.

1769 1420 1839 1451 Sixtus
1849 1421 1865 1440 V
1873 1421 1945 1450 huius-

1760 1448 1815 1468 modi
1829 1450 1908 1474 gratias
1918 1448 1945 1468 ad

1760 1475 1885 1528 fs'ssfifllfum
1897 1480 1945 1501 ‘³⁸⁰‘

1002 1581 1209 1620 peccatorum
1243 1574 1448 1607 remissiones
1481 1573 1532 1607 die
1568 1584 1621 1607 x1v
1656 1583 1743 1605 mar-

1003 1630 1036 1663 tii
1059 1640 1248 1667 MDLxxxm,
1271 1628 1478 1673 pontificatus
1506 1628 1554 1661 sui
1583 1638 1667 1661 anno
1696 1638 1746 1660 se-

1004 1684 1120 1721 cundo,
1145 1684 1184 1716 ad
1205 1683 1396 1716 decennium
1417 1693 1435 1715 a
1459 1682 1523 1715 fine
1552 1681 1656 1714 ultimi
1682 1686 1745 1714 ter-

1003 1737 1082 1769 mini
1104 1736 1370 1780 computandum,
1394 1735 1589 1779 prorogavit.

1049 1793 1064 1833 ξ
1086 1790 1138 1823 15.
1163 1792 1206 1824 Ac
1232 1789 1389 1823 universis
1421 1788 1683 1822 christifidelibus
1714 1789 1746 1821 in

1003 1844 1147 1888 partibus
1167 1843 1330 1877 Indiarum
1355 1854 1428 1876 rere
1458 1842 1697 1887 poenitentibus
1717 1847 1747 1875 et
1763 1851 1886 1880 infidelitate
1900 1857 1947 1871 con.

1004 1898 1154 1931 confessis
1174 1908 1210 1931 ac
1231 1897 1438 1931 Sanctissimo
1453 1896 1673 1930 Eucharistiae
1693 1896 1748 1929 Sa·
1763 1877 1948 1942 igit¹1i÷ii=¹i¹'f¹3i¹gss¹÷il

1003 1958 1168 1985 <eramento
1188 1951 1324 1991 refectis,
1349 1950 1474 1994 quoties
1491 1950 1631 1994 aliquem
1652 1950 1749 1983 exin·
1763 1938 1816 1952 ΠΜ
1836 1933 1948 1952 mmm

1003 2006 1155 2039 fidelitate
1184 2011 1213 2038 et
1238 2004 1420 2038 idololatria
1448 2005 1488 2037 ad
1514 2004 1581 2037 veri
1608 2003 1663 2037 Dei
1689 2014 1745 2037 co-

1003 2060 1180 2103 gnitionem
1200 2059 1406 2099 reducerent,
1429 2058 1661 2100 indulgentiam
1682 2058 1749 2102 ple-

1004 2114 1127 2146 nariam
1149 2124 1185 2146 ac
1205 2112 1380 2145 iubilaeum
1398 2112 1437 2145 ad
1459 2111 1651 2144 decennium
1673 2122 1748 2145 con-

1004 2167 1107 2201 cessit.

1049 2228 1064 2264 ξ
1087 2220 1138 2253 tc.
1162 2221 1249 2254 Idem
1271 2220 1366 2252 etiam
1387 2219 1461 2252 Pius
1485 2219 1522 2252 lY
1553 2219 1604 2252 die
1629 2230 1668 2253 xv
1698 2220 1747 2253 iu-

1004 2274 1067 2313 nii,
1096 2280 1129 2307 ut
1161 2274 1304 2307 eiusdem
1338 2273 1504 2306 Societatis
1535 2273 1747 2317 provinciales

1005 2330 1052 2362 vel
1073 2329 1111 2361 ab
1133 2329 1178 2362 eis
1199 2328 1341 2372 deputati
1362 2328 1538 2373 presbyteri
1566 2339 1638 2361 cum
1669 2339 1747 2361 neo-

1004 2383 1099 2427 phitis
1113 2383 1351 2427 provinciarum
1365 2382 1532 2426 utriusque
1552 2382 1660 2415 Indiae
1671 2382 1748 2415 alia-

1004 2448 1140 2481 rumque
1170 2437 1361 2479 regionum,
1390 2437 1421 2469 in
1455 2447 1661 2481 quocumque
1691 2448 1747 2471 seu
1763 2429 1948 2479 ξξξίᾚῖῗέξὲξᾶξζ

1005 2491 1168 2535 quibusvis
1199 2502 1215 2524 a
1245 2490 1313 2523 iure
1346 2490 1452 2523 divino
1482 2501 1547 2523 non
1578 2491 1747 2534 prohibitis
1763 2482 1891 2534 Ῐΐζῖξῐῄξῆζω
1905 2487 1947 2534 ¹}ssss

1004 2544 1289 2587 consanguinitatis
1308 2545 1356 2577 vel
1377 2544 1539 2577 affinitatis
1570 2544 1743 2586 gradibus,
1763 2536 1852 2582 ἓῖῗζᾟι·
1865 2537 1947 2582 ξὲἓῖἷὲζ

1004 2599 1051 2631 vel
1077 2598 1154 2631 alias
1185 2598 1363 2631 coniunctis
1392 2597 1633 2631 matrimonium
1665 2588 1947 2636 inte1·}¹.j.‘,¹.'1¹1i⁵„3¹i⁵¹³s{?g

1762 2642 1877 2662 conscient.
1901 2645 1947 2662 tan-

1003 2664 1035 2685 se
1056 2652 1245 2685 contrahere
1258 2679 1265 2692 ,
1289 2663 1344 2685 seu
1364 2651 1428 2685 iam
1449 2652 1498 2692 in,
1523 2651 1617 2684 etiam
1643 2651 1870 2716 scien—m,„:f1‚1‚‹¹¹
1887 2668 1947 2716 ⁰3⁶*

1715 2704 1720 2709 “
1760 2702 1814 2717 Harl!
1830 2701 1882 2716 &Cle
1893 2701 1905 2716 a
1922 2702 1948 2717 11'1

1005 2712 1071 2747 ter,
1105 2706 1296 2747 contractis,
1330 2716 1499 2740 remanere
1530 2705 1681 2745 valerent,
1713 2716 1745 2738 in
1760 2725 1856 2749 possum.

1784 1797 1809 1818 Et
1820 1797 1948 1820 christianis.

1763 1825 1798 1850 qui
1813 1825 1906 1850 aliquem
1922 1830 1947 1844 ex

1794 2214 1843 2235 Pius
1858 2214 1884 2235 lV
1900 2219 1948 2239 pr.)-

1764 2241 1889 2261 xincialibus
1899 2241 1947 2262 Soc.

1763 2269 1795 2288 iel
1811 2268 1838 2288 ab
1859 2268 1889 2288 cis
1911 2268 1948 2288 de-

1763 2297 1841 2321 putatis
1862 2295 1947 2315 faculta-

1764 2324 1804 2342 tem
1829 2321 1948 2347 impertitus

1764 2351 1793 2369 est
1805 2354 1851 2368 cuni
1860 2348 1947 2374 neophi-

1763 2376 1789 2395 tis
1798 2375 1854 2395 lndis
1867 2375 1887 2395 in
1897 2381 1947 2400 quo-

1763 2408 1852 2428 cumque
1860 2407 1947 2422 consau-
