2226 3070
188 261 241 290 An.
259 260 288 289 C.
307 260 376 290 1590

213 801 262 822 Pius
282 801 308 821 ΙΥ
332 804 369 821 la-

188 839 232 852 vim
253 831 370 852 huiusmodi

187 864 301 883 solutionis
331 867 369 889 pu-

187 895 272 914 tilicavit

433 250 498 286 ’146

983 260 1163 286 BULLARIUM
1183 261 1334 286 ROMANUM

1956 263 2010 292 An.
2027 262 2056 292 C.
2074 263 2143 292 ¹590

389 315 570 358 praedictas
586 325 651 348 non
672 314 822 358 amplius,
842 321 874 347 ut
897 319 1042 357 tempore
1068 314 1143 347 dicti
1184 313 1298 347 Sedent
1318 314 1534 358 Apostolicam
1565 316 1811 359 quomodolibet
1836 318 1938 357 sactis,

387 367 519 409 luliilll,
541 368 594 401 sed
617 368 699 401 sicut
720 373 793 400 ante
814 367 1052 410 impositionem
1071 368 1145 399 sub-

388 421 460 454 sidii
480 428 663 456 trecentum
686 421 785 454 millia
806 426 972 453 scutorum
994 432 1053 464 per
1074 421 1142 454 seli·

388 475 433 508 eis
453 475 688 509 recordationis
704 475 841 507 Paulum
862 475 912 515 Ill,
927 474 1144 518 ciuspraede-

388 539 561 569 cessorem,
585 528 736 561 omnibns
764 528 895 572 populis
929 527 1006 561 dicti
1036 528 1144 561 Status

388 581 604 615 Ecclesiastici
633 582 747 614 factam
774 581 991 621 solvebantur,
1022 581 1061 614 ab
1082 581 1143 614 eis-

388 635 460 667 dem
483 634 619 667 subditis
640 634 679 666 ad
701 633 1054 678 ipsiusbeneplacitum
1068 646 1142 679 per-

387 688 465 720 solvi
486 687 586 720 voluit
607 693 636 720 et
653 687 807 720 decrevit.

430 741 445 783 ἓ
469 740 501 773 3.
538 740 724 774 Successive
764 741 873 775 felicis·
905 742 1142 775 recordationis

386 794 461 826 Pius
481 794 566 837 Papa
597 794 645 833 lv,
679 800 789 828 noster
821 796 1062 839 praedecessor,
1085 807 1143 839 per

385 858 459 881 suas
479 848 591 882 eadem
613 848 717 882 forma
739 849 902 893 expeditas
924 849 1059 889 littera&
1083 850 1142 882 sub

385 901 496 934 datum
515 901 648 942 Romae,
671 902 721 935 die
742 912 780 935 xv
801 902 907 935 martii
920 912 1016 943 Ἀθη,
1034 902 1141 945 ponti-

387 956 501 989 ficatus
525 956 574 989 sui
595 966 680 989 anno
702 956 818 1000 primo,
847 956 974 989 easdem
1003 962 1091 989 taxas
1111 967 1142 989 e-

386 1019 528 1051 quorum
550 1009 581 1042 in
602 1010 754 1043 universo
785 1010 873 1043 Statu
904 1009 1140 1045 Ecclesiastico,

387 1062 482 1095 etiam
506 1074 524 1096 a
549 1069 695 1108 tempore
717 1064 895 1107 praedicto,
927 1075 992 1107 quo
1023 1064 1142 1097 Paulus

388 1116 471 1160 Papa
488 1117 524 1149 lv
545 1117 614 1150 illas
629 1129 686 1162 pro
703 1118 837 1151 Camera
858 1118 1041 1162 Apostoliea
1058 1118 1141 1161 exigi

386 1176 416 1202 et
436 1171 625 1214 recuperari
647 1172 820 1213 mandaxit,
843 1173 997 1215 quoniam
1017 1171 1141 1206 exactio

387 1224 575 1257 huiusmodi
588 1230 666 1258 tunc
678 1225 860 1259 executioni
874 1225 1064 1259 demandata
1076 1236 1138 1259 non

387 1278 499 1318 t'uerat,
518 1278 607 1318 citra,
622 1285 650 1311 et
669 1280 713 1312 sic
731 1279 910 1312 successive
930 1280 961 1312 in
982 1279 1140 1319 futurum,

386 1331 425 1362 ab
446 1331 598 1364 omnibus
619 1332 777 1375 personis,
801 1333 1089 1366 communitatibus
1111 1340 1140 1365 et

387 1384 661 1425 universitatibus,
685 1385 754 1417 illas
781 1387 903 1419 solvere
933 1386 1139 1427 debentibus,

386 1438 472 1471 iuxta
494 1444 597 1472 taxant
619 1439 797 1482 antiquam,
821 1451 856 1473 ex
878 1440 969 1473 libris
995 1440 1140 1473 eiusdem

386 1491 536 1525 Gamerae
567 1498 754 1531 exstat-tam,
792 1494 1023 1526 commissariis
1044 1504 1142 1537 super

386 1545 553 1578 exactione
578 1546 766 1579 huiusmodi
790 1547 986 1591 deputandis
1001 1548 1139 1580 dandam

386 1610 402 1630 a
433 1598 605 1633 Francisco
637 1600 832 1641 Odeseah-o,
872 1607 948 1634 tunc
987 1601 1140 1634 Gamerae

387 1654 603 1695 praesidente,
624 1665 720 1687 manu
744 1656 813 1687 eius
829 1655 1058 1698 subscriptam,
1081 1666 1140 1699 pro

387 1707 498 1739 eadem
520 1707 653 1741 Camera
670 1710 804 1741 omnino
826 1709 906 1752 exigi
923 1715 952 1742 et
973 1720 1046 1742 rum
1064 1709 1140 1742 effe—

387 1766 439 1792 ctu
462 1763 661 1805 recuperari.
690 1763 759 1806 lpse
781 1764 865 1795 enim
888 1763 992 1795 eidem
1012 1763 1141 1796 Franci-

386 1824 439 1845 seo
458 1815 654 1857 praesidenti
673 1816 892 1853 casciritates,
912 1823 1012 1849 terras
1029 1816 1140 1848 etloca

386 1866 424 1898 de
449 1867 567 1909 quibus
595 1874 665 1901 taxa
697 1881 755 1913 per
779 1880 833 1902 eos
854 1870 1004 1903 solvenda
1026 1870 1139 1902 liuius-

386 1921 472 1953 modi
490 1931 554 1954 non
566 1929 691 1965 reperta
702 1923 885 1963 suisset‚aut
897 1924 975 1956 alias
987 1924 1092 1956 forsan
1102 1924 1140 1955 de

385 1974 495 2007 eadem
510 1981 579 2008 taxa
591 1987 655 2008 non
669 1977 883 2020 apparuisset,
897 1977 935 2010 de
950 1988 1043 2017 noro,
1056 1978 1139 2009 iuxta

385 2034 487 2061 ratam
499 2029 636 2062 aliorum
652 2030 813 2070 locorum,
829 2031 971 2069 taxandi,
991 2037 1020 2063 et
1037 2037 1139 2063 laxam

386 2080 525 2114 debitam
547 2089 577 2115 et
598 2084 840 2117 convenientem
867 2085 910 2116 eis
937 2085 1138 2127 imponendi,

386 2134 427 2166 ita
440 2136 647 2179 utquaelibet
667 2138 884 2170 communitas
902 2144 929 2170 et
950 2138 1141 2170 universitas

386 2187 609 2223 indifferenter
631 2197 717 2223 taxas
734 2192 922 2224 huiusmodi
943 2192 1093 2231 solveret,
1111 2197 1138 2223 et

386 2252 609 2286 quoscumque
631 2246 820 2277 earnint‘lem
843 2251 990 2278 taxarum
1012 2245 1139 2277 debito-

386 2305 449 2335 res,
471 2297 509 2328 ad
536 2297 664 2330 illarum
696 2299 891 2331 sedationem
915 2299 994 2331 iuris
1016 2304 1043 2330 et
1066 2298 1138 2330 sacti

385 2349 536 2382 remediis
563 2352 697 2393 cogendi
720 2358 747 2384 et
771 2352 988 2395 (onipellendi
1012 2352 1139 2394 plenam

386 2409 413 2434 et
437 2403 571 2436 liberam
597 2405 781 2438 facultatem
805 2405 973 2439 concessit.
997 2406 1063 2437 Non
1086 2405 1141 2436 ol·-

387 2452 544 2486 stantibus
564 2454 729 2496 quibusvis
764 2454 1038 2491 concessionibus,
1067 2465 1139 2495 era-

385 2501 446 2541 tiis,
459 2501 716 2541 liberationibus,
733 2504 987 2541 remissionibus,
1009 2514 1141 2546 suspen-

385 2550 530 2583 sionibus
548 2559 577 2585 et
589 2553 660 2586 aliis
679 2553 850 2585 contrariis
863 2552 1140 2596 dispositionibus,

385 2613 444 2646 per
463 2613 686 2646 quoscumque
705 2603 865 2635 Romanos
885 2602 1056 2635 Pontifices
1073 2601 1141 2634 eius

385 2653 651 2697 praedecessores
686 2663 721 2684 ac
752 2652 848 2684 etiam
874 2661 938 2695 per
974 2651 1078 2693 ipsum
1112 2656 1141 2682 et

1185 373 1379 400 nontamen
1413 379 1449 400 ex
1481 379 1577 401 causa
1611 379 1761 410 onerosa,
1792 370 1941 404 videlicet

1185 420 1358 465 emptionis
1379 422 1540 455 dictarum
1558 427 1718 463 taxarum,
1741 429 1771 457 et
1791 425 1886 468 pretii
1904 425 1942 458 il-

1185 474 1289 506 larum
1307 474 1404 507 realis
1420 480 1447 507 ct
1467 475 1647 509 effectualis
1661 476 1831 510 solutionis
1850 488 1941 511 occa-

1184 527 1286 568 sione,
1306 528 1482 562 dummodo
1494 528 1647 573 deipsius
1660 530 1756 574 pretii
1777 531 1940 564 solutione

1184 581 1269 613 clare
1286 587 1459 622 constaret,
1478 582 1652 625 concessis,
1671 584 1853 627 ceterisque
1866 594 1942 617 con-

1185 634 1290 667 trariis
1312 635 1588 679 quibuscumque.

1227 688 1241 731 §
1266 688 1297 720 4.
1325 688 1412 727 Quae
1439 689 1724 732 praedecessorum
1753 697 1940 724 nostrorum

1183 740 1309 774 litterae
1331 742 1405 774 licet
1439 743 1620 776 executioni
1642 743 1788 777 mandari
1810 744 1940 778 debuis-
1957 734 2142 784 ἶξῗζῖῗᾞῗηῗῷῗ

1183 800 1262 835 sent,
1274 801 1395 836 tamen,
1409 797 1621 830 cameralium
1636 803 1825 831 exactorum
1847 798 1940 832 incu-
1957 793 2141 845 ζιξῖῗξζξὲῗῃῇζ·

1182 849 1241 889 ria,
1265 856 1461 883 conventum
1479 851 1576 884 fuisse
1595 852 1781 896 accepimus
1796 857 1840 893 ut,
1864 863 1942 886 con·
1957 856 1990 875 ¹³⁸2

1184 907 1229 934 tra
1251 913 1363 935 eorum
1386 903 1544 943 officium,
1566 904 1733 937 Cameram
1755 905 1788 938 in
1818 916 1941 949 posses—

1182 955 1271 988 sione
1299 956 1346 988 rel
1372 957 1463 1000 quasi
1487 957 1634 999 exigendi
1653 957 1834 1001 praedictas
1854 965 1941 992 taxas

1182 1019 1341 1052 equorum
1367 1020 1384 1042 a
1414 1010 1579 1054 plerisque
1605 1011 1746 1055 oppidis,
1774 1012 1886 1045 castris
1910 1019 1941 1045 et

1182 1062 1261 1095 locis
1280 1063 1385 1096 dictae
1400 1070 1530 1097 nostrae
1549 1064 1735 1108 provinciae
1746 1064 1941 1098 Romandio-

1182 1117 1243 1156 lae,
1266 1122 1338 1149 ante
1355 1117 1456 1149 dictas
1468 1117 1514 1149 Pii
1529 1117 1563 1150 IV
1581 1118 1703 1150 litteras
1725 1118 1940 1163 taxatis,quae

1182 1170 1273 1213 prius
1298 1170 1368 1203 illas
1388 1172 1511 1204 solvere
1530 1176 1716 1215 coeperant,
1737 1182 1938 1212 conservare,

1182 1230 1211 1256 et
1240 1235 1257 1257 a
1283 1224 1407 1261 castris,
1431 1225 1561 1268 oppidis
1588 1231 1618 1257 et
1643 1224 1734 1266 locis,
1758 1236 1841 1269 quae
1862 1231 1938 1259 tunc

1184 1283 1285 1310 taxata
1299 1289 1361 1311 non
1375 1278 1634 1322 reperiebantur,
1653 1289 1712 1322 per
1731 1279 1937 1313 Franciscum

1182 1330 1407 1372 Odescalcum,
1439 1332 1527 1364 iuxta
1548 1332 1608 1365 sibi
1630 1332 1660 1365 in
1683 1332 1802 1365 eisdem
1825 1333 1939 1366 litteris

1182 1385 1414 1429 praescriptam
1428 1386 1577 1426 sormam,
1597 1386 1719 1425 taxatis,
1741 1386 1939 1420 constituere

1181 1439 1395 1481 neglexerint,
1427 1439 1458 1472 in
1491 1450 1643 1482 magnum
1665 1439 1819 1473 Gamerae
1845 1440 1938 1474 detri-

1183 1497 1327 1525 mentum
1350 1498 1377 1525 et
1405 1492 1575 1525 iacturam.

1226 1548 1240 1589 ξ
1264 1547 1295 1579 5.
1320 1546 1469 1579 Volentes
1489 1546 1597 1588 igitur,
1613 1552 1772 1589 quantum
1794 1547 1825 1580 in
1846 1548 1939 1581 nobis
2006 1552 2139 1587 Cunfirnwss

1182 1606 1240 1641 est,
1265 1601 1349 1633 malo
1362 1600 1438 1632 huic
1453 1605 1688 1643 congruentem
1706 1600 1821 1633 afferre
1840 1601 1939 1634 medi-
1955 1584 2137 1636 *13225513'5'2'2'22'

1182 1654 1301 1694 cinam,
1325 1659 1352 1685 et
1375 1654 1528 1687 Gamerae
1555 1660 1684 1686 nostrae
1706 1653 1776 1686 iura
1801 1665 1818 1686 a
1840 1655 1937 1687 mini·
1954 1646 2137 1704 ξᾞζζζξζᾚνζῖξ

1181 1698 1320 1740 strorum
1344 1707 1540 1750 negligentia
1564 1707 1740 1747 vindieare;
1760 1714 1849 1740 motu
1867 1719 1939 1751 pro·
1954 1709 2047 1759 2:¹22}OE
2063 1715 2138 1760 23]ζὲἒῇ

1183 1761 1252 1804 prio
1274 1767 1301 1792 et
1326 1772 1360 1793 ex
1383 1767 1469 1794 certa
1491 1761 1635 1800 scientia,
1657 1771 1692 1793 ac
1718 1761 1757 1793 de
1782 1761 1937 1804 apostoli·
1955 1771 2038 1791 mandat
2059 1770 2136 1791 smus.

1182 1826 1235 1847 eae
1279 1815 1442 1857 potestatis
1484 1814 1703 1857 plenitudine,
1745 1821 1938 1848 memoratas

1182 1868 1269 1900 Pauli
1294 1869 1328 1900 tv
1350 1868 1559 1911 posteriores,
1583 1879 1618 1900 ac
1640 1867 1684 1900 Pii
1699 1868 1936 1907 etiamIV,nec-

1181 1932 1244 1954 non
1262 1921 1304 1953 Pii
1319 1923 1351 1961 V,
1367 1922 1652 1964 praedecessorum
1672 1926 1938 1961 nostrorum‚su-

1182 1986 1239 2019 per
1261 1975 1464 2008 revocatione
1486 1975 1730 2019 exemptionum
1747 1986 1763 2007 a
1778 1975 1938 2008 solutione

1181 2030 1370 2061 earumdem
1404 2035 1561 2069 taxarum,
1590 2030 1649 2061 sub
1670 2028 1780 2061 datum
1803 2028 1861 2060 suh
1882 2039 1938 2061 an-

1182 2084 1259 2115 nulo
1288 2083 1469 2119 piscatoris,
1501 2083 1551 2115 die
1572 2092 1626 2114 vui
1648 2082 1728 2114 iunii
1749 2090 1877 2122 MDwa,
1905 2093 1937 2115 e—

1183 2143 1327 2169 manatas
1349 2136 1484 2173 litteras,
1506 2146 1644 2178 quarum
1668 2135 1813 2167 omnium
1835 2141 1865 2168 et
1877 2135 1940 2168 sin—

1181 2191 1330 2233 gularnm
1353 2195 1480 2222 tenores
1508 2189 1559 2221 liic
1586 2199 1644 2232 pro
1667 2188 1865 2221 sufficienter
1885 2199 1938 2221 ex-

1182 2244 1299 2288 pressis
1324 2250 1355 2276 et
1382 2244 1420 2276 ad
1442 2242 1576 2275 verbum
1599 2242 1727 2274 insertis
1749 2242 1861 2275 haberi
1882 2252 1938 2275 vo—

1182 2298 1301 2336 lumus,
1335 2297 1575 2335 confirmantes,
1606 2297 1823 2339 approbantes
1844 2302 1872 2328 et
1894 2296 1941 2329 eis

1183 2358 1357 2395 perpetuae
1398 2351 1559 2383 firmitatis
1595 2350 1697 2382 robur
1739 2349 1939 2390 adiicientes,

1182 2411 1208 2437 et
1232 2411 1391 2448 ‹piati-nus
1413 2415 1495 2447 opus
1505 2404 1541 2435 sit
1557 2403 1838 2441 illasinnovantes,
1852 2413 1940 2436 suos-

1182 2465 1243 2497 que
1270 2454 1375 2486 sortiri
1405 2455 1537 2486 ell'eetus
1568 2452 1702 2485 omnino
1725 2452 1878 2491 volentes,
1905 2462 1939 2484 o-

1183 2514 1272 2535 nmes
1298 2510 1327 2535 et
1349 2503 1491 2545 singulas
1517 2508 1605 2534 taxas
1630 2501 1811 2545 praedictas
1840 2510 1939 2543 equo-

1184 2563 1268 2591 rum,
1293 2559 1355 2585 tam
1393 2563 1409 2584 a
1444 2551 1618 2584 Francisco
1643 2550 1831 2589 Odescalco,
1854 2560 1937 2592 quae

1183 2612 1350 2644 nunquam
1370 2602 1492 2634 solutae
1506 2607 1591 2639 sunt,
1614 2611 1710 2644 quam
1733 2600 1764 2632 in
1786 2598 1938 2632 Gamerae

1181 2650 1273 2683 libris
1293 2650 1384 2694 prius
1401 2656 1531 2689 taxatas,
1554 2660 1636 2692 quae
1654 2650 1760 2682 forsan
1782 2647 1889 2690 aliqua
1902 2657 1939 2680 ex

1970 700 2056 722 incuria
2070 704 2141 722 iumen
