2226 3070
285 248 338 276 An.
355 248 384 278 C.
403 249 470 278 ¹588

527 240 569 274 50

482 312 556 335 men
577 302 884 343 anniversariorum,
907 303 1079 335 missarum
1101 308 1131 335 et
1154 302 1232 334 divi-

482 366 600 389 norum
620 356 802 390 officiorum
824 355 1075 398 obligationibus
1095 360 1123 387 et
1145 365 1232 387 com-

482 409 689 442 missionibus
717 421 754 443 ac
782 409 844 453 piis
864 409 1090 442 defunctorum
1118 408 1232 441 suffra-

480 462 540 505 giis
560 463 734 503 consuetis,
762 463 883 506 siquae
902 462 977 501 sint,
992 462 1034 494 ita
1055 466 1090 495 ut
1106 461 1159 494 illa
1175 472 1232 505 per

483 516 585 560 ipsius
606 516 733 560 collegii
760 516 944 559 capellanos
970 521 1025 548 aut
1051 515 1129 548 alias
1153 526 1232 548 con—

481 580 560 612 grue
580 569 750 613 adimpleri
775 569 924 608 debeant,
956 569 1174 602 convertimus
1203 574 1233 602 et

481 628 736 658 commutamus:
759 622 929 664 eidemque
958 622 1094 665 collegio
1119 623 1233 656 Montis

480 676 542 709 Alti
559 675 727 709 ecclesiam
746 676 908 719 suppressi
931 675 1093 719 prioratus
1113 676 1145 709 S.
1168 677 1231 708 An-

481 729 559 762 tonii
580 729 777 770 huiusmodi,
799 740 871 762 eum
893 729 1049 767 sacristia,
1072 736 1232 763 coemete-

481 782 540 822 rio,
561 783 739 826 campanis.
767 782 929 823 crucibus,
955 783 1122 823 calicibus,
1143 789 1233 827 pate-

480 836 529 869 nis
545 836 651 869 aureis
669 841 699 869 et
715 836 886 879 argenteis,
900 847 937 870 ac
948 837 1160 876 ornamentis,
1180 848 1234 881 pa-

481 890 636 923 ramentIs
657 891 785 934 aliaque
805 901 896 924 sacra
917 897 947 924 et
968 901 1033 924 non
1056 902 1146 924 sacra
1160 901 1234 935 sup-

481 943 619 977 ellectile
645 944 676 977 in
708 956 744 978 ea
769 945 995 983 existentibus,
1016 955 1142 978 necnon
1168 956 1234 978 am-

481 997 562 1038 bitu,
594 998 744 1039 circuitu,
778 999 931 1039 claustro,
960 998 1121 1038 domibus,
1153 1004 1234 1031 stru-

481 1051 594 1092 cturis,
619 1052 789 1093 aedificiis,
812 1053 979 1093 membris,
1002 1053 1232 1094 adhaerentiis,

481 1105 614 1138 annexis
639 1111 669 1139 et
689 1106 890 1150 pertinentiis
911 1106 976 1140 suis
996 1106 1164 1146 universis,
1179 1118 1234 1139 au-

481 1159 628 1193 ctoritate
649 1165 679 1193 et
695 1166 806 1193 tenore
827 1160 999 1200 similibus,
1023 1160 1143 1204 pariter
1163 1172 1235 1204 per-

481 1218 579 1257 petuo
600 1213 810 1247 concedimus
831 1219 858 1247 et
888 1214 1098 1257 assignamus.
1128 1214 1235 1248 Mona-

480 1266 577 1300 steria
596 1277 671 1300 vero
692 1273 722 1300 et
743 1267 924 1311 prioratum
941 1267 972 1301 S.
986 1268 1102 1301 Mariae
1118 1269 1157 1301 de
1174 1269 1235 1301 An-

480 1319 572 1362 gelis,
594 1331 631 1354 ac
657 1326 805 1354 vacantes
833 1320 986 1354 eeclesias
1009 1332 1067 1354 seu
1094 1322 1234 1365 capellas

481 1384 610 1407 necnon
640 1373 853 1418 capellaniam
875 1380 906 1407 ct
929 1374 1088 1408 beneficia
1111 1376 1235 1418 praedi-

481 1433 544 1467 cta,
567 1427 741 1471 omniaque
762 1433 791 1461 et
812 1427 939 1470 singula
959 1428 1088 1461 illorum
1105 1439 1142 1461 ac
1159 1429 1233 1462 dicti

480 1480 644 1525 suppressi
672 1480 834 1525 prioratus
860 1481 891 1514 S.
914 1481 1042 1514 Antonii
1065 1487 1094 1514 et
1113 1482 1157 1515 eis
1183 1493 1234 1515 re—

481 1534 621 1577 spective
640 1544 840 1568 annexorum
855 1535 991 1575 fructus,
1010 1535 1143 1575 reditus,
1163 1546 1234 1579 pro-

481 1593 606 1628 ventus,
626 1588 852 1632 proprietates,
867 1588 991 1629 domos,
1009 1588 1111 1629 villas,
1124 1594 1234 1629 terras,

482 1651 588 1684 agros,
613 1641 842 1685 possessiones,
866 1641 996 1681 fundos,
1024 1652 1152 1683 census,
1179 1642 1234 1675 de-

482 1694 594 1735 cimas,
617 1701 720 1739 prata,
743 1706 875 1739 pascua,
889 1695 1001 1728 hortos
1021 1700 1052 1728 et
1071 1695 1133 1728 alia
1151 1696 1234 1728 bona

481 1759 721 1792 quaecumque,
746 1759 818 1781 eum
841 1748 977 1789 iuribus,
1001 1748 1233 1782 iurisdictioni-

482 1801 554 1842 bus,
577 1801 675 1835 rebus
686 1808 714 1835 et
727 1802 930 1846 pertinentiis
944 1801 1010 1835 suis
1023 1802 1235 1845 quilmscum-

481 1867 555 1899 que,
579 1855 703 1888 etiamsi
728 1855 807 1888 alias
828 1855 1034 1896 monasteria,
1057 1855 1231 1899 prioratus,

481 1910 637 1943 ecclesiae
664 1920 721 1942 seu
751 1910 895 1953 capellae
915 1916 1079 1950 vacantes,
1116 1921 1152 1943 ac
1181 1921 1233 1943 ca-

481 1962 620 2006 pellania
641 1968 673 1996 et
692 1962 849 1996 beneticia
866 1963 1031 2006 praedicta
1051 1964 1099 1995 vel
1120 1974 1232 1997 eorum

481 2016 591 2059 aliqua
616 2016 675 2060 ipsi
696 2017 832 2059 collegio
862 2017 893 2050 in
922 2016 1022 2060 priori
1050 2017 1136 2050 illius
1163 2028 1233 2051 ere-

482 2071 588 2104 ctione
617 2075 649 2103 et
669 2070 869 2104 institutione
893 2070 1079 2103 huiusmodi
1104 2071 1151 2103 vel
1175 2081 1233 2114 po-

481 2128 546 2156 stea
571 2123 846 2166 quandocumque
867 2123 955 2157 unita
974 2130 1004 2157 et
1023 2134 1147 2157 annexa
1168 2125 1233 2157 for-

482 2187 537 2209 san
565 2176 789 2220 reperiantur,
814 2177 881 2210 sine
906 2178 1065 2211 unionum
1087 2184 1117 2211 et
1137 2188 1234 2211 anne-

481 2230 610 2263 xionum
643 2231 828 2264 huiusmodi
858 2242 894 2264 ac
919 2231 998 2264 iuris
1028 2232 1157 2265 illarum
1191 2231 1234 2263 vi-

482 2294 558 2327 gore
579 2284 715 2328 quaesiti
737 2284 950 2328 praeiudicio,
973 2285 1089 2318 sedius
1106 2285 1167 2318 iuri
1180 2286 1233 2318 ad-

483 2337 588 2370 dendo
607 2343 637 2370 et
656 2338 905 2378 accumulando,
938 2343 1034 2381 atque
1064 2338 1233 2383 antiquum

484 2390 715 2430 conservando,
736 2391 828 2424 dietis
848 2391 1040 2425 auctoritate
1065 2398 1095 2425 et
1112 2397 1234 2432 tenore,

485 2439 593 2472 itidem
616 2445 774 2482 perpetuo
791 2440 932 2481 unimus,
951 2441 1167 2480 annectimus,
1187 2441 1235 2473 in-

484 2498 705 2532 corporamus,
738 2489 939 2531 applicamus
975 2496 1003 2522 et
1043 2490 1232 2533 appropria-

486 2548 568 2570 mus.
591 2537 635 2570 Ita
655 2538 740 2580 quod
763 2538 857 2570 liceat
876 2538 975 2581 ipsius
995 2539 1124 2581 collegii
1150 2540 1234 2572 Mon-

485 2587 523 2619 tis
549 2586 611 2619 Atti
637 2588 753 2620 rectori
780 2592 810 2619 et
834 2587 1036 2620 scholaribus
1069 2599 1127 2631 pro
1154 2594 1233 2621 tem-

486 2647 563 2680 pore
584 2636 802 2675 existentibus,
828 2635 957 2670 illorum
982 2637 1128 2670 omnium
1162 2648 1234 2670 cor-

1076 249 1256 273 BULLARIUM
1280 249 1431 273 ROMANUM

1274 301 1555 344 poralem‚realem
1568 302 1763 334 etactualem
1777 302 2023 346 possessionem,

1274 365 1332 398 per
1351 365 1384 387 se
1408 355 1456 387 vel
1477 354 1574 387 alium
1597 366 1651 388 seu
1666 355 1758 395 alios,
1776 366 1889 389 eorum
1902 362 1932 389 et
1947 356 2023 389 dicti

1275 408 1401 451 collegii
1431 408 1629 448 nominibus,
1659 408 1790 452 propria
1819 410 2022 450 auctoritate,

1274 461 1369 494 etiam
1400 462 1521 505 absque
1554 462 1692 495 alicuius
1715 461 1830 495 iudicis
1858 464 2022 503 mandato,

1274 515 1404 548 decreto
1425 521 1479 548 aut
1500 515 1688 555 ministerio,
1706 526 1743 548 ac
1763 515 1857 560 spolii
1873 521 1904 549 et
1923 522 2025 550 atten-

1276 574 1414 602 tatorum
1435 569 1527 609 vitio,
1555 579 1682 602 necnon
1707 568 1847 602 alicuius
1870 580 2026 603 censurae

1274 622 1321 654 vel
1342 632 1466 665 poenae
1487 622 1634 662 incursu,
1655 622 1755 655 libere
1765 623 2024 666 apprehendere,

1275 681 1329 707 aut
1358 675 1420 708 iam
1451 676 1545 709 etiam
1578 675 1729 709 Gamerae
1759 682 1789 709 et
1818 686 1872 710 scu
1899 676 2026 720 collegii

1276 728 1461 762 huiusmodi
1483 730 1680 770 nominibus,
1708 730 1805 763 etiam
1827 730 1940 763 litteris
1951 741 2028 774 apo-

1275 783 1397 816 stolicis
1412 783 1552 827 desuper
1576 794 1641 816 non
1662 784 1826 827 expeditis,
1847 784 2028 828 apprehen-

1276 846 1342 869 sam
1377 836 1569 870 continuare
1608 843 1640 869 et
1673 843 1830 880 perpetuo
1861 837 2025 875 retinere,

1276 899 1378 933 caque
1397 900 1509 933 regere
1531 895 1561 922 et
1579 889 1815 931 administrare,
1835 901 1873 924 ac
1890 892 2025 932 fructus,

1276 942 1415 983 reditus,
1438 949 1624 987 proventus,
1648 943 1717 976 iura
1731 970 1738 983 ,
1767 943 1976 977 obventiones
1996 949 2027 978 et

1276 997 1495 1029 emolumenta
1507 1007 1733 1041 quaecumque
1746 997 1820 1030 inde
1840 997 2029 1041 provenien—

1278 1049 1319 1082 tia
1346 1050 1527 1094 percipere,
1561 1050 1686 1093 exigere
1714 1056 1744 1084 et
1772 1051 1895 1091 levare,
1925 1062 1963 1084 ac
1996 1051 2028 1085 in

1276 1113 1351 1136 suos
1381 1104 1523 1148 dictique
1553 1104 1680 1147 collegii
1705 1110 1736 1137 et
1765 1104 1851 1138 illius
1875 1105 2029 1138 ecclesiae

1277 1152 1333 1190 seu
1361 1158 1505 1202 capellae
1532 1169 1609 1191 usus
1625 1184 1632 1198 ,
1662 1157 1833 1191 utilitatem
1859 1164 1890 1191 et
1915 1169 2028 1192 neces-

1277 1210 1385 1244 sitates
1414 1217 1612 1252 convertere,
1650 1222 1775 1245 necnon
1810 1212 2026 1252 monasteriis,

1278 1265 1499 1308 prioratibus,
1528 1265 1692 1306 ecclesiis,
1728 1265 1884 1308 capellis,
1919 1266 2026 1310 capel-

1277 1318 1380 1351 laniae
1410 1324 1441 1351 et
1464 1318 1631 1352 beneficiis
1651 1318 1750 1351 unitis
1779 1318 1952 1362 praedictis
1972 1329 2030 1363 per

1277 1372 1482 1416 presbyteros
1491 1373 1685 1411 saeculares,
1697 1373 1758 1411 vel,
1770 1372 1808 1405 de
1822 1373 2028 1416 superiorum

1276 1436 1407 1459 suorum
1430 1426 1572 1466 licentia,
1596 1425 1735 1459 cuiusvis
1754 1425 1882 1459 Ordinis
1902 1427 2029 1469 regula-

1277 1490 1339 1520 res,
1362 1479 1508 1521 idoneos,
1532 1479 1610 1513 inibi
1638 1480 1726 1513 iuxta
1747 1485 1866 1513 statuta
1890 1481 2031 1524 desuper

1277 1533 1399 1566 edenda
1421 1534 1589 1577 ponendos
1601 1540 1631 1567 et
1642 1534 1849 1574 amovendos,
1865 1534 1898 1567 in
1916 1534 2030 1567 divinis

1277 1587 1431 1620 deserviri
1454 1588 1571 1627 facere,
1595 1587 1864 1621 dioecesanorum
1882 1587 2029 1621 locorum

1276 1641 1324 1673 rel
1352 1641 1540 1683 quorumvis
1571 1641 1711 1674 aliorum
1736 1640 1866 1675 licentia
1891 1641 2032 1685 desuper

1278 1695 1410 1728 minime
1428 1695 1593 1738 requisita.

1321 1749 1335 1791 {i
1368 1747 1398 1781 7.
1435 1750 1572 1792 Insuper
1609 1748 1784 1791 collegium
1817 1748 1932 1781 Montis
1965 1748 2030 1782 Alti

1277 1801 1476 1842 huiusmodi,
1499 1802 1651 1845 illiusque.
1666 1813 1722 1845 pro
1734 1807 1880 1845 tempore
1889 1801 2027 1835 existen-

1277 1861 1323 1888 tes
1344 1861 1523 1895 rectorem‚
1543 1856 1726 1896 scholares,
1750 1855 1954 1898 capellanos,
1972 1865 2027 1888 oe-

1277 1919 1442 1949 conomos,
1463 1909 1629 1949 officiales,
1653 1909 1818 1942 ministros
1831 1913 1862 1942 et
1876 1918 2030 1952 personas

1277 1974 1313 1996 ac
1333 1963 1418 1996 bona
1439 1963 1571 1996 mobilia
1592 1969 1621 1996 et
1638 1962 1829 2002 immobilia,
1846 1962 2030 2006 praesentia

1277 2022 1306 2049 et
1328 2017 1435 2050 sutura
1456 2017 1692 2060 cuiuscumque
1707 2015 1870 2059 qualitatis
1882 2021 1913 2049 et
1924 2026 2028 2059 quan-

1279 2070 1375 2103 titatis
1396 2070 1575 2110 existentia,
1596 2081 1632 2103 ac
1652 2069 1787 2102 ubilibet
1809 2069 2027 2110 consistentia,

1275 2124 1315 2156 ab
1335 2123 1421 2156 omni
1444 2123 1678 2163 iurisdictione,
1701 2122 1858 2161 dominio,
1880 2122 2028 2166 superio-

1277 2177 1370 2210 ritate
1400 2183 1431 2210 et.
1451 2182 1606 2220 potestate
1634 2186 1692 2220 pro
1717 2182 1863 2219 tempore
1892 2176 2029 2209 existen-

1277 2230 1357 2263 tium
1382 2230 1483 2263 nostri
1508 2236 1538 2264 et
1558 2231 1662 2263 dictae
1687 2230 1777 2263 Sedis
1802 2230 1835 2262 in
1862 2229 2027 2273 praedicta

1277 2283 1401 2317 civitate
1426 2284 1638 2318 Bononiensis
1658 2283 1753 2326 legati
1783 2283 1822 2317 de
1851 2283 1966 2325 latere,
1997 2289 2028 2317 et

1276 2338 1513 2382 archiepiscopi
1534 2337 1746 2371 Bononiensis
1765 2347 1893 2370 necnon
1908 2336 2026 2380 guber-

1277 2391 1410 2431 natoris,
1432 2391 1601 2431 auditoris,
1647 2390 1769 2431 turoni,
1807 2390 2025 2431 antianorum,

1277 2439 1456 2480 vexilliferi,
1468 2440 1642 2483 potestatis,
1660 2438 1873 2483 quadraginta
1883 2439 2026 2473 virorum

1279 2490 1549 2529 reformatorum,
1580 2500 1617 2521 ac
1641 2488 1808 2532 regiminis
1836 2493 1866 2521 et
1895 2494 2026 2521 senatus

1279 2538 1377 2582 ipsius
1397 2538 1530 2571 civitatis
1543 2537 1768 2578 Bononiensis,
1781 2547 1908 2570 necnon
1920 2541 2025 2570 'recto-

1277 2588 1319 2620 ris
1332 2587 1550 2621 Universitatis
1567 2587 1670 2621 Studii
1686 2587 1847 2631 generalis
1866 2586 2023 2627 eiusdem,

1277 2638 1482 2681 aliorumque
1490 2638 1682 2680 legatorum,
1693 2636 2025 2681 archiepiscoporum,

2038 250 2091 278 An.
2108 249 2136 278 C.
2154 250 2222 279 1588

2044 1752 2226 1779 Collegiumprae-

2045 1785 2123 1805 dictum
2139 1785 2226 1811 eiusque

2042 1815 2099 1837 bona
2114 1819 2136 1836 et
2149 1822 2226 1843 perso—

2043 1853 2081 1868 nas
2098 1847 2123 1867 ab
2139 1847 2226 1867 menie<

2043 1878 2126 1905 piscopi
2137 1878 2226 1904 etlega-

2043 1910 2058 1930 ti
2087 1908 2226 1930 Bononiensis

2043 1941 2176 1967 aliorumque
2193 1942 2226 1961 iu-

2044 1972 2113 1992 dicum
2137 1972 2226 1992 iurisdi-

2044 2003 2115 2024 ctione
2128 2003 2206 2025 eximit.
