2226 3070
256 274 307 301 An.
324 274 352 301 C.
370 274 435 302 1591

287 543 386 569 Capellae
398 544 436 564 SS.

260 570 427 590 Resurrectinnis

254 597 273 616 in
300 597 390 616 verti-sia
415 598 435 617 S,

252 623 323 643 iacobi
339 623 364 643 de
381 623 435 643 [rbe
453 643 458 648 ,

254 650 361 669 nonnullas
376 650 434 670 attri-

253 676 298 696 buit
328 677 434 701 indulgen-

253 703 293 722 tias
309 708 346 727 pro
366 703 435 723 triduo

251 729 367 749 Pas-etuas.

484 265 548 299 458
1027 278 1209 302 BULLARIUM

453 324 521 367 ipsa
541 324 873 358 archiconfraternitas
893 331 1019 361 utetur,
1043 326 1183 363 fruetur,

452 377 592 420 potietur
611 384 640 410 et
661 379 826 420 gaudebit,
850 378 1010 411 licentiam
1032 384 1063 411 et
1082 380 1183 411 sacul-

453 435 549 463 tatem
566 442 624 474 per
642 437 824 475 praesentes
845 432 1060 464 concedimus.

496 484 558 528 §3
582 486 616 518 Et
638 491 672 518 ut
695 486 816 528 capella
846 485 988 518 eiusdem
1018 486 1185 519 Sanctissi-

452 548 522 570 mae
542 539 792 571 Resurrectionis
809 539 867 571 sita
888 539 918 571 in
948 540 1031 572 dicta
1057 541 1189 573 eci-lesia

451 591 481 623 S.
513 592 617 624 Iacobi
645 592 782 624 nationis
807 592 1021 636 Hispanorum
1048 594 1085 626 de
1106 594 1189 627 Urbe

451 654 481 675 in
520 644 624 677 debita
658 645 862 678 veneratione
897 646 1073 687 habeatur,
1107 652 1136 679 et
1173 660 1189 679 a

450 697 707 731 christifidelibus
729 709 869 741 congrue
889 700 1045 739 visitetur,
1067 701 1190 745 ipsique

450 751 671 784 christifideles
687 763 723 785 eo
741 752 890 786 libentius
905 754 1082 787 devotionis
1095 766 1189 789 causa

449 804 489 836 ad
506 804 593 837 illam
614 806 787 845 confluant,
803 818 867 850 quo
881 818 918 840 ex
934 808 995 841 hoc
1016 809 1101 842 dono
1120 820 1189 843 cae-
1206 817 1207 823 ¹

449 857 534 889 lestis
554 858 673 900 gratiae
694 861 915 903 conspexerint
928 872 960 894 se
974 862 1106 895 uberius
1122 874 1188 896 esse
1205 857 1206 871 ³

448 911 592 948 refectos.
617 912 655 945 de
677 913 907 957 omnipotentis
926 915 981 948 Dei
1007 909 1207 964 misericor-i

448 964 509 1005 dia,
534 975 569 998 ac
590 965 757 999 beatorum
778 968 862 1000 Petri
891 974 919 1001 et
945 969 1034 1001 Pauli
1060 966 1206 1013 aposto-J

446 1018 551 1051 lorum
575 1020 649 1053 Eius
669 1022 858 1055 auctoritate
883 1024 1014 1062 confisi,
1039 1025 1206 1060 omnibus.

447 1077 474 1104 et
496 1072 630 1115 singulis
649 1074 816 1118 utriusque
846 1087 937 1109 sexus
973 1077 1187 1111 christifideli-

446 1126 505 1159 bus
519 1127 622 1160 dictae
636 1128 996 1163 archiconfraternitatis
1011 1143 1046 1165 ac
1062 1133 1187 1167 duobus

446 1179 544 1223 ipsius
562 1181 918 1216 archiconfraternitatis
937 1185 1110 1228 capellanis
1128 1198 1185 1230 pro
1203 1199 1205 1213 ι

446 1238 589 1278 tempore
608 1246 683 1268 vere
706 1236 943 1280 poenitentibus
973 1244 1003 1271 et
1035 1240 1204 1276 confessis

445 1297 481 1320 ac
512 1299 602 1321 sacra
636 1290 866 1324 Communione
899 1293 1045 1333 relectis,
1069 1293 1123 1336 qui
1154 1294 1186 1326 in

445 1342 524 1375 festo
566 1343 727 1376 Paschatis
770 1345 1021 1379 Resurrectionis
1060 1348 1185 1381 Domini

443 1396 544 1429 nostri
571 1397 641 1430 Iesu
671 1398 783 1431 Cbristi
816 1400 971 1443 capellam
1002 1401 1185 1435 huiusmodi

445 1460 461 1482 a
482 1450 594 1493 primis
614 1452 754 1495 vesperis
775 1458 805 1486 et
828 1465 887 1497 per
915 1460 1016 1487 totum
1042 1456 1184 1489 triduum

444 1503 564 1536 dictum
579 1505 692 1538 festum
715 1506 899 1540 immediate
919 1519 1055 1552 sequens
1073 1510 1185 1543 devote

443 1557 650 1599 visitaverint;
675 1559 795 1603 quique
816 1561 911 1594 etiam
928 1573 1000 1595 vere
1021 1563 1185 1606 poeniten—

444 1617 490 1643 tes
511 1617 539 1644 et
566 1613 700 1645 confessi
721 1624 757 1647 ac
777 1614 872 1647 Sacra
893 1616 1185 1650 Communionere-

443 1665 516 1697 fecti
536 1665 584 1698 bis
597 1666 628 1698 in
640 1677 726 1707 ‚anno
740 1668 876 1701 orationi
896 1670 1107 1712 quadraginta
1120 1671 1180 1704 lio-

441 1729 549 1751 rarum
572 1719 603 1752 in
625 1720 693 1764 ipsa
714 1722 847 1754 ecclesia
867 1723 915 1754 vel
943 1724 1084 1757 oratorio
1106 1736 1182 1757 con-

441 1774 593 1807 struendo
622 1775 733 1807 devote
763 1776 984 1815 interfuerint,
1008 1788 1066 1821 per
1088 1779 1183 1811 unius

441 1827 553 1860 saltem
565 1828 663 1861 borae
677 1829 827 1872 spatium,
845 1836 873 1863 et
888 1830 931 1862 ibi
950 1831 1017 1874 pias
1031 1832 1070 1864 ad
1081 1832 1181 1865 Deum

440 1891 551 1924 preces
570 1893 629 1926 pro
650 1883 680 1916 S.
702 1883 737 1916 R.
761 1884 794 1916 E.
827 1884 1016 1918 exaltatione
1048 1891 1077 1918 et
1106 1886 1180 1919 fidei

441 1935 616 1968 catholicae
635 1937 829 1974 defensione,
848 1949 884 1971 ac
906 1938 980 1971 dicti
1001 1938 1139 1983 Philippi
1152 1946 1181 1972 et

439 2000 497 2032 pro
517 1995 660 2034 tempore
681 1990 841 2024 existentis
860 1992 1006 2025 catholici
1027 1993 1111 2035 regis
1130 2004 1180 2026 sa-

440 2042 505 2075 lute
535 2049 566 2076 et
596 2044 684 2083 alias,
708 2050 804 2088 prout
834 2045 1008 2089 unicuique
1034 2053 1181 2089 suggeret

440 2096 575 2135 devotio,
593 2098 777 2138 effuderint;
801 2110 860 2131 nee
881 2110 944 2132 non
963 2099 1082 2132 eisdem
1106 2111 1181 2133 con-

438 2149 587 2184 fratribus
599 2151 764 2195 utriusque
777 2163 879 2188 sexus,
897 2153 928 2185 in
945 2164 1056 2186 eorum
1070 2154 1181 2188 mortis

440 2204 573 2237 articulo
592 2206 784 2245 constitutis,
809 2206 833 2239 si
851 2206 971 2250 pariter
1002 2218 1075 2240 vere
1104 2219 1180 2251 poe-

439 2257 575 2291 nitentes
606 2265 634 2292 et
667 2260 805 2293 consessi
841 2272 996 2304 sacraque
1028 2273 1177 2295 commu-

439 2311 534 2344 nione
567 2312 690 2349 refecti.
714 2314 761 2346 vel
793 2314 905 2347 saltem
935 2326 1007 2348 vere
1040 2316 1179 2349 contrito

439 2365 535 2398 corde
554 2376 672 2399 nomen
693 2367 762 2400 lesu
789 2379 843 2401 ore
872 2369 921 2401 vel
943 2369 1040 2402 corde
1061 2369 1111 2413 pic
1133 2370 1180 2402 in-

437 2419 630 2460 vocaverint,
653 2420 832 2464 plenariam
853 2422 998 2455 omnium
1020 2429 1049 2456 et
1070 2423 1179 2465 singu-

438 2472 543 2506 lorum
563 2479 768 2516 peccatorum
792 2486 924 2508 suorum
946 2476 1177 2517 indulgentiam

438 2532 469 2560 et
501 2527 735 2568 remissionem,
777 2529 964 2563 auctoritate
1000 2536 1030 2563 et
1067 2536 1178 2565 tenore

437 2580 631 2624 praemissis,
653 2581 837 2623 elargimur.

481 2635 496 2677 ἓ
513 2634 543 2667 4.
568 2635 735 2667 Praeterea
753 2635 828 2678 ipsis
849 2636 1060 2669 confratribus
1074 2637 1178 2670 dictae
1194 2642 1196 2646 ’

437 2688 808 2730 archioonfraternitatis‚
846 2689 901 2733 qui
936 2690 1077 2733 legitime
1112 2701 1177 2724 non

1228 278 1382 302 ROMANUM

1221 326 1376 369 impediti,
1400 326 1555 369 capellam
1579 327 1774 370 praedictam
1799 339 1855 361 seu
1883 339 1958 362 ora-

1978 281 2028 307 An.
2045 280 2074 308 C.
2094 281 2157 309 159¹

2003 342 2076 363 Eidem
2087 342 2161 368 Capel-

1977 370 2009 390 lae
2025 370 2120 389 attribuit
2131 370 2162 390 in-

1222 379 1339 412 torium
1360 390 1420 423 pro
1439 385 1583 423 tempore
1604 381 1826 419 extruendum,
1850 382 1961 415 diebus
1977 396 2096 421 dulgentiam
2120 398 2162 416 sta-

1221 433 1394 466 stationum
1414 433 1506 466 Urbis
1523 433 1717 468 visitaverint
1738 440 1779 475 et,
1807 440 1843 468 ut
1868 446 1962 479 prae-

1222 487 1330 525 fertur,
1354 487 1524 527 oraverint,
1548 498 1600 520 eas
1620 498 1732 521 omnes
1750 488 1963 531 indulgentias

1223 545 1250 572 et
1272 546 1478 583 peccatorum
1498 541 1712 580 remissiones,
1738 552 1816 585 quas
1846 552 1960 575 conse-

1224 599 1398 636 querentur
1427 594 1453 627 si
1487 594 1637 627 ecclesias
1669 595 1752 638 ipsas
1789 595 1963 628 stationum

1224 647 1316 679 Urbis
1343 653 1418 680 tunc
1448 647 1560 681 devote
1579 648 1754 689 visitarent,
1778 648 1823 681 eis
1850 659 1964 682 conce-

1225 701 1328 733 dimus
1349 707 1379 734 et
1399 702 1685 735 communicamus

1269 761 1284 797 ξ
1303 754 1332 787 5.
1353 755 1401 788 Ad
1420 755 1499 789 baec
1520 756 1595 799 ipsis
1615 756 1840 793 confratribus,
1863 762 1895 789 ut
1914 756 1963 790 bis

1223 809 1254 841 in
1288 809 1349 842 vita
1381 815 1411 842 et
1442 810 1473 842 in
1507 810 1641 844 articulo
1677 811 1788 844 mortis
1823 811 1963 855 aliquem

1222 863 1445 907 presbyterum
1470 864 1666 897 saecularem
1684 865 1733 897 vel
1756 864 1892 897 cuiusvis
1909 875 1962 898 or-

1223 915 1305 948 dinis
1324 917 1505 958 regularem
1525 927 1561 949 cx
1580 917 1764 960 approbatis
1781 917 1898 960 eligere
1911 929 1964 951 va-

1222 969 1318 1008 leant,
1339 970 1394 1013 qui
1414 970 1536 1013 possint
1566 970 1637 1003 illos
1666 981 1683 1003 a
1713 971 1837 1004 casibus
1867 972 1963 1005 etiam

1223 1025 1325 1057 dictae
1354 1025 1427 1058 Sedi
1447 1025 1648 1069 Apostolicae
1669 1026 1836 1059 reservatis
1856 1026 1963 1060 absol-

1222 1090 1304 1115 vere,
1329 1089 1363 1111 ac
1384 1084 1457 1112 vota
1474 1090 1696 1123 quaecumque
1717 1080 1814 1123 (ultra
1831 1080 1964 1113 marinis

1204 1136 1205 1141 ’
1222 1132 1332 1165 limina
1352 1133 1519 1165 beatorum
1540 1133 1623 1165 Petri
1642 1138 1672 1165 et
1688 1132 1777 1166 Pauli
1796 1134 1960 1177 apostolo-

1221 1197 1292 1219 rum
1314 1187 1352 1219 de
1370 1186 1454 1219 dicta
1472 1187 1568 1223 Urbe.
1589 1198 1624 1219 ac
1645 1186 1675 1220 S.
1699 1187 1805 1220 lacobi
1826 1187 1963 1231 Compo-

1221 1241 1351 1276 stcllae.
1381 1246 1409 1272 et
1442 1240 1575 1273 Sanctae
1608 1240 1725 1273 Mariae
1756 1241 1796 1273 de
1826 1241 1962 1274 Laureto

1203 1300 1204 1309 ¹
1221 1293 1370 1326 ecclesias
1388 1293 1550 1331 visitandi,
1573 1293 1803 1337 religionisque
1820 1299 1851 1327 et
1869 1295 1962 1327 casti-

1222 1347 1294 1379 tatis
1314 1347 1394 1379 votis
1416 1348 1580 1380 dumtaxat
1600 1347 1794 1391 exceptis)in
1814 1347 1875 1380 alia
1891 1348 1961 1392 pie-

1220 1401 1291 1434 tatis
1322 1412 1420 1445 opera
1450 1407 1670 1442 commutare3
1699 1412 1757 1434 nec
1788 1412 1853 1434 non
1884 1401 1960 1446 ipsis

1221 1455 1434 1488 confratribus
1454 1455 1650 1499 ubicumque
1667 1455 1906 1496 decedentibus,
1926 1460 1962 1488 ut

1220 1508 1341 1552 possint
1362 1514 1505 1553 tempore
1520 1508 1680 1542 interdicti
1693 1508 1832 1552 sepelliri
1843 1508 1875 1541 in
1888 1509 1960 1542 loco

1219 1572 1321 1601 sacro,
1342 1562 1409 1595 sine
1429 1573 1548 1606 pompa
1566 1568 1671 1595 tamen
1693 1562 1839 1602 funerati,
1861 1562 1957 1595 dum-

1219 1617 1316 1649 modo
1337 1626 1401 1648 non
1423 1616 1569 1649 dederint.
1586 1626 1715 1649 causam
1736 1615 1919 1649 interdicto.

1264 1669 1330 1712 36.
1358 1670 1427 1703 Non
1456 1670 1655 1703 obstantibus
1687 1675 1795 1703 nostra
1823 1669 1862 1702 de
1893 1680 1959 1703 non

1218 1723 1431 1756 concedendis
1442 1723 1650 1766 indulgentiis
1661 1724 1700 1757 ad
1714 1723 1823 1765 instar,
1839 1734 1875 1757 ae
1888 1723 1959 1757 aliis

1217 1777 1380 1820 quibusvis
1401 1777 1680 1810 constitutionibus
1700 1783 1730 1810 et
1750 1777 1959 1811 ordinationi-

1217 1830 1274 1863 bus
1313 1830 1495 1873 apostolicis
1510 1858 1517 1871 ,
1551 1831 1748 1874 caeterisque
1788 1831 1958 1864 contrariis

1217 1884 1485 1927 quibuscumque.

1261 1943 1276 1978 ξ
1293 1936 1321 1969 7.
1339 1937 1493 1970 Volumus
1511 1943 1617 1970 autem
1635 1938 1723 1981 quod
1739 1938 1958 1982 praesentium

1215 1990 1444 2033 transumptis,
1469 1991 1563 2024 etiam
1595 1991 1759 2035 impressis
1791 1996 1820 2024 ct
1859 2002 1958 2024 manu

1216 2043 1347 2077 alicuius
1386 2044 1502 2077 notarii
1541 2045 1660 2088 publici
1698 2044 1894 2089 subscriptiS,
1922 2055 1959 2078 ac

1215 2097 1318 2140 sigillo
1346 2097 1447 2131 dictae
1468 2098 1827 2132 archiconfraternitatis
1846 2098 1955 2132 muni-

1215 2151 1253 2184 tis
1275 2152 1386 2184 eadem
1407 2162 1539 2196 prorsus
1559 2152 1639 2185 fides
1657 2153 1859 2194 adhibeatur,
1875 2163 1957 2196 quae

1215 2206 1435 2249 praesentibus
1456 2206 1674 2248 adhiberetur,
1698 2206 1723 2239 si
1744 2207 1848 2239 forent
1872 2206 1959 2239 exhi-

1214 2260 1299 2292 bitae
1320 2261 1366 2293 vel
1386 2266 1542 2293 ostensae..

1258 2315 1371 2347 Datum
1393 2315 1514 2347 Romae
1534 2314 1567 2346 in
1587 2314 1691 2347 Monte
1708 2313 1875 2353 Quirinali,
1897 2306 1956 2346 sub

1214 2368 1333 2401 annulo
1344 2368 1523 2409 piscatoris,
1541 2368 1591 2401 die
1604 2379 1645 2402 xx
1662 2368 1730 2401 iulii
1749 2378 1860 2407 nroxm,
1876 2378 1957 2411 pon-

1214 2421 1350 2454 tificatus
1372 2422 1471 2454 nostri
1492 2432 1576 2454 anno
1594 2432 1615 2455 1.

1249 2483 1306 2511 Dat.
1325 2483 1367 2512 die
1383 2484 1417 2511 20
1431 2484 1489 2511 iulii
1507 2484 1584 2518 1591,
1601 2487 1674 2520 pont.
1693 2492 1737 2511 an.
1753 2490 1772 2511 1.

1976 423 2056 443 tionum
2064 428 2101 448 pro
2112 427 2161 443 con-

1978 449 2082 470 fratribus.

2027 768 2072 789 Alia
2087 773 2161 789 eonce-

1978 795 2008 815 dit
2021 795 2161 816 confratribus

1978 822 2095 848 privilegia.

2001 1679 2093 1709 Derngat
2110 1684 2158 1699 ron-

1974 1708 2052 1726 trariis.

2007 1947 2158 1974 Transumpto·

1973 1979 2019 1994 rum
2033 1973 2092 1994 fides.
