2226 3070
491 226 534 261 38

251 235 305 262 An,
323 234 351 262 c,
367 236 433 264 1588
1065 234 1246 259 BULLARIUM
1265 234 1416 259 ROMANUM
2011 239 2062 267 ΛΠ,
2079 240 2108 267 C.
2128 240 2193 267 1588

450 303 486 325 ac
514 294 720 328 censeantur,
749 299 808 321 nec
832 288 871 320 ad
900 288 1043 331 aliquam
1069 286 1202 320 solutio·
1246 296 1309 328 que
1330 286 1906 330 deliuiusmodi‚mulctisseupoenis
1917 298 1994 320 eon-

450 357 524 379 nem
546 354 676 388 quoquc
697 343 793 375 modo
814 341 885 384 cogi
896 347 950 375 aut
965 340 1115 383 compelli
1130 350 1202 382 pos-
1245 338 1358 370 trarias
1379 338 1536 382 disponet,
1561 339 1601 371 ad
1626 339 1861 384 cuiuscumque
1886 347 1916 374 et
1940 341 1996 374 Ca-

450 399 524 431 Sjm,
1247 402 1353 424 merae
1375 392 1579 436 Apostolicae
1600 392 1741 426 savorem
1766 394 1876 434 saetas,
1903 405 1995 427 revo-

494 452 509 495 §
528 451 581 484 114.
605 449 752 483 Districte
772 453 879 480 autem
901 445 1204 488 interdicimusqui-
1246 456 1358 477 (amus
1376 450 1407 478 et
1422 446 1640 479 annullamus.

265 512 435 532 Protnbiiiomo-
450 505 655 548 busssumque
677 501 835 546 personis,
857 500 897 532 ad
918 509 998 541 quas
1010 499 1204 531 exactioliu-
1290 500 1304 541 ᾗ
1331 499 1382 531 15.
1410 499 1577 532 Postremo
1603 499 1774 532 statuimus
1805 505 1837 532 et
1866 500 1996 533 ordina·
2041 504 2195 531 Cavcnssnh‘rss

1248 562 1318 585 mus
1346 553 1433 596 quod
1455 552 1475 585 ii
1496 558 1638 596 quatuor
1662 553 1771 586 clerici
1801 553 1995 593 saeculares,
2013 536 2197 588 lissssassir'i‘mfiff

1246 606 1301 649 qui
1323 616 1410 639 nune
1431 612 1506 639 sunt
1532 617 1590 650 pro
1619 606 1795 650 capellanis
1825 607 1865 639 ad
1886 606 1998 639 missas
2013 597 2198 650 ξζξῃῗζῗέιωζζ,

1247 659 1456 692 celebrandas
1480 666 1748 703 sacramentaque
1782 660 1999 693 ecclesiastiea
2014 660 2197 710 Lum‘lfflfibffl'ffl·

2029 694 2147 711 eatscumc
2156 693 2197 712 siu*

1246 712 1499 745 amministranda
1527 713 1558 745 in
1585 713 1700 746 eodem
1726 713 1876 757 hospitali
1899 713 1999 757 depu-
2014 722 2067 747 gulis
2082 723 2150 743 annis-

253 544 343 563 ¹⁰⁸⁴³⁰d¹
361 543 589 592 '¹⁰⁵¹'¹'ius1110di
625 565 773 594 onerum,
804 553 1017 596 gabessarum,
1052 553 1203 585 collecta-

451 622 535 652 rum,
557 610 730 647 talliarum,
752 605 886 640 subsidii
912 610 943 638 et
957 605 1104 638 dolianae
1124 616 1204 648 quo-

453 665 629 698 modolibet
647 661 815 706 spectabit,
844 671 885 693 ne
910 659 1096 703 quicquam,
1126 670 1203 701 quo-

451 719 496 751 vis
521 722 701 761 praetextu,
721 720 833 748 contra
853 719 996 746 nostram
1017 713 1203 746 huiusmodi

253 576 293 595 tato
305 580 368 601 *uper
377 580 436 601 prae-

253 608 324 628 meus:

451 770 693 803 concessionem
712 773 822 812 petere
842 772 897 800 aut
921 766 1060 809 exigere,
1083 766 1205 810 ipsum-

451 834 513 865 que
538 823 696 866 hospitale
723 822 770 854 vel
805 820 875 853 eius
900 819 1065 852 ministros
1085 827 1140 852 aut
1169 830 1203 851 a-

452 877 510 909 lios
527 876 567 909 ab
583 887 621 909 eo
635 885 765 908 eausam
778 875 932 907 babentes
944 873 1114 906 molestare
1127 883 1205 915 quo-

451 940 516 974 quo
538 930 634 961 modo
654 928 794 961 audeant
813 928 860 960 vel
886 932 1104 970 praesumant.
1128 926 1204 965 Qui-

452 983 540 1016 uimo
561 982 685 1015 dilectis
709 981 783 1014 tiliis
804 980 968 1014 modernis
988 986 1015 1012 ct
1044 990 1102 1022 pro
1125 985 1204 1012 tcm-

453 1047 530 1081 pore
569 1035 778 1070 existentibus
812 1035 844 1067 S.
878 1034 914 1066 R.
944 1034 978 1066 E.
1010 1033 1203 1073 camerario,

453 1100 577 1123 necnon
590 1090 743 1123 Gamerae
758 1087 960 1132 Apostolicac
977 1086 1102 1130 clericis
1114 1098 1206 1130 prae-

453 1143 631 1177 sidentibus
643 1154 700 1187 per
716 1147 902 1186 praesentes
919 1141 1111 1174 mandamus
1127 1152 1206 1184 qua-

454 1203 548 1230 tenus
569 1197 627 1240 ipsi
650 1197 696 1230 vel
717 1207 830 1229 eorum
852 1195 980 1239 aliquis,
1003 1194 1130 1237 quoties
1147 1205 1205 1238 pro

454 1255 542 1294 parte
567 1249 733 1294 hospitalis
761 1248 916 1292 praedicti
941 1248 1038 1281 suerit
1067 1248 1204 1291 requisi-

454 1310 514 1341 tus,
539 1309 723 1347 praesentes
744 1303 866 1335 litteras
887 1307 915 1334 et
938 1301 969 1334 in
991 1301 1035 1334 eis
1056 1306 1204 1334 contenta

452 1367 680 1400 ‹piaecumque
702 1356 891 1389 solemniter
912 1355 1124 1398 publicantes,
1146 1355 1205 1387 eis—

452 1421 515 1453 que
547 1410 685 1443 ellicacis
716 1409 912 1441 detensionis
942 1408 1103 1451 praesidio
1128 1409 1206 1440 assi-

452 1468 583 1501 stentes,
606 1463 763 1506 hospitale
784 1462 985 1506 praedictum
999 1461 1133 1503 eiusque
1149 1461 1205 1492 mi-

452 1517 582 1557 nistros,
609 1517 807 1550 affictuarios
831 1522 862 1549 et
881 1516 960 1548 alios
980 1526 1204 1559 quoscumque

452 1581 511 1614 pro
530 1582 568 1603 co
589 1576 730 1613 agentes,
754 1570 871 1602 saciant
894 1569 1117 1613 exemptione,
1145 1569 1204 1600 im-

454 1624 611 1657 numitate
632 1624 786 1666 illiusque
808 1623 993 1655 extensione
1019 1628 1049 1655 et
1069 1622 1204 1666 amplia-

455 1678 541 1710 tione
564 1677 736 1721 praedictis
757 1677 890 1720 pacifice
912 1676 973 1709 frui
995 1681 1025 1709 et
1049 1676 1202 1718 gaudere.

454 1731 522 1763 Non
543 1731 767 1774 permittentes
787 1730 858 1763 illos
878 1729 989 1773 quovis
1005 1730 1100 1762 modo
1116 1730 1205 1762 inde-

454 1784 518 1816 bite
540 1784 717 1824 molestari;
732 1784 988 1816 contradictores
1008 1794 1065 1826 per
1085 1794 1205 1826 opper-

454 1843 532 1870 tuna
549 1837 628 1870 iuris
648 1842 679 1869 et
700 1837 771 1870 sacti
790 1836 933 1869 remedia
955 1837 1204 1879 compescendo,

455 1891 602 1923 invocato
633 1890 728 1923 etiam
761 1891 799 1923 ad
830 1890 904 1929 hoc,
932 1890 957 1922 si
988 1901 1070 1933 opus
1096 1890 1205 1930 fuerit,

454 1944 574 1977 auxilio
604 1943 728 1977 brachii
763 1943 949 1976 saecularis.
977 1943 1148 1982 Ceterum,
1175 1954 1207 1976 o-

456 2008 546 2030 nmes
567 1998 705 2030 mulctas
725 2003 752 2030 et
780 2008 902 2040 poenas
928 1997 967 2029 ab
988 1997 1025 2029 iis
1046 1997 1205 2040 personis,

454 2062 537 2093 quae
558 2051 643 2083 cirea
667 2050 753 2083 datia
774 2056 800 2083 ct
827 2051 981 2093 gabellas,
1008 2055 1043 2083 ut
1064 2050 1207 2093 praeser-

456 2110 518 2144 tur,
555 2103 640 2137 dicto
671 2104 821 2148 hospitali
854 2109 917 2136 tam
943 2115 1002 2147 per
1022 2109 1208 2146 praesentes

454 2168 550 2200 quain
573 2169 631 2200 per
652 2157 729 2189 alias
749 2162 875 2190 nostras
895 2157 1017 2190 litteras
1041 2168 1205 2197 concessa,

455 2211 615 2253 assignata
636 2217 666 2243 et
685 2211 860 2254 applicata,
892 2211 1039 2243 fraudem
1066 2210 1207 2254 aliquam

456 2264 674 2303 cornuallem,
697 2275 756 2307 pro
779 2269 924 2307 tempore
945 2264 1129 2306 exigendas,
1159 2263 1207 2296 in-

456 2322 543 2359 tegre
568 2316 637 2360 ipso
667 2317 836 2360 hospitali,
871 2322 906 2349 ut
930 2317 1209 2350 administratores

456 2369 590 2414 praefati
611 2370 650 2402 tle
668 2370 731 2402 illis
750 2381 809 2403 suo
826 2370 960 2403 arbitrio
976 2370 1077 2403 libere
1103 2370 1210 2414 dispo-

456 2424 545 2459 nant,
570 2424 727 2462 perpetuo
741 2418 977 2459 «concedimus,
1000 2419 1158 2452 donamus
1179 2425 1210 2452 et,

456 2468 672 2512 applicamus,
699 2474 730 2500 et
753 2473 913 2511 quatenus
933 2468 966 2501 in
987 2469 1056 2512 ipso
1082 2474 1209 2502 contra-

456 2521 509 2549 ctu
540 2517 689 2560 appaltus
718 2527 773 2549 seu
795 2517 1021 2550 conductionis
1046 2517 1208 2551 datiorum

456 2572 488 2599 et
516 2566 716 2609 gabellarum
747 2565 944 2606 huiusmodi,
965 2577 1021 2599 seu
1042 2566 1074 2599 in
1095 2577 1208 2600 eorum

1247 765 1312 804 tati,
1334 766 1408 799 iude
1428 767 1535 810 quoad
1561 766 1708 807 vixerint,
1737 778 1795 810 per
1825 767 1999 799 modernos

1246 823 1299 850 aut
1321 830 1379 861 pro
1402 827 1546 862 tempore
1567 819 1738 852 existentes
1762 819 2000 853 administrato-

1247 882 1297 904 res
1317 872 1458 904 amoveri
1484 873 1574 904 nullo
1596 873 1691 905 modo
1712 872 1835 915 possint
1856 883 1915 906 nec
1942 873 1998 905 de-

1247 925 1361 964 beant,
1383 925 1531 968 quinimo
1552 936 1665 958 eorum
1679 925 1809 958 cuilibet
1827 926 2001 969 nonaginta

1247 985 1337 1011 scuta
1359 985 1505 1011 monetae
1522 979 1685 1012 Romanae
1705 990 1741 1012 ex
1763 979 1934 1020 fructibus,
1953 991 2001 1012 re-

1247 1032 1367 1064 ditibus
1384 1038 1414 1064 et
1435 1032 1644 1075 proventibus
1662 1032 1821 1065 dictarum
1847 1033 1999 1065 ecclesia-

1249 1096 1332 1125 rum,
1356 1086 1611 1129 capellaniarum
1626 1090 1656 1118 et
1672 1085 1905 1119 beneficiorum
1927 1087 2000 1120 uni-

1248 1144 1355 1171 torum
1377 1149 1435 1182 per
1452 1138 1625 1171 modernos
1645 1144 1676 1171 et
1693 1149 1752 1182 pro
1774 1144 1919 1183 tempore
1933 1140 1999 1173 exi-

1247 1197 1365 1225 stentes
1394 1193 1495 1236 ipsius
1525 1192 1694 1236 hospitalis
1723 1192 2001 1227 administiatores

1247 1246 1414 1279 annuatim
1436 1247 1673 1289 persolvantur,
1696 1257 1732 1278 ac
1748 1251 1935 1289 praesentes
1950 1247 2001 1280 lit-

1247 1306 1333 1332 terae
1364 1299 1488 1332 validae
1517 1305 1547 1332 ct
1581 1299 1720 1332 efficacis
1754 1300 1936 1333 collationis
1969 1305 2001 1334 et

1248 1352 1440 1396 provisionis
1464 1364 1576 1386 eorum
1603 1353 1735 1385 cuilibet
1760 1353 1861 1386 sactae
1881 1353 1944 1387 vim
1969 1359 1997 1387 et

1248 1407 1348 1439 robur
1370 1406 1546 1439 obtineant.
1569 1407 1674 1449 Atque
1698 1418 1735 1439 cx
1764 1417 1852 1439 nunc
1881 1407 1913 1439 in
1947 1418 2000 1440 ea-

1249 1460 1332 1504 pella
1352 1461 1497 1493 eiusdem
1523 1460 1691 1504 hospitalis
1717 1465 1858 1503 quatuor
1883 1471 1999 1505 perpe-

1248 1518 1318 1546 tuas
1337 1513 1406 1547 sine
1433 1524 1523 1553 cura,
1551 1514 1889 1556 personalemtamen
1920 1515 2000 1547 resi—

1247 1566 1389 1599 dentiam
1422 1567 1648 1610 requirentes,
1679 1567 1894 1610 capellanias,
1925 1577 2000 1600 nec-

1250 1630 1313 1652 non
1326 1620 1390 1653 duo
1407 1620 1468 1652 alia
1483 1620 1578 1653 etiam
1601 1620 1669 1652 sine
1685 1631 1776 1660 cura,
1796 1621 2000 1664 personalem

1249 1679 1355 1706 tamen
1376 1674 1583 1707 residentiam
1606 1674 1818 1716 requirentia,
1846 1674 2003 1708 beneficia

1248 1727 1478 1767 ecclesiastica,
1501 1727 1674 1761 clericatus
1695 1728 1929 1771 nuncupanda,
1946 1739 2004 1771 per

1249 1786 1435 1824 praesentes
1460 1786 1617 1824 perpetuo
1638 1779 1793 1823 erigimus
1813 1786 1840 1813 et
1864 1780 2002 1827 institui-

1251 1846 1334 1875 mus,
1357 1834 1467 1877 eisque
1492 1834 1537 1867 sic
1562 1834 1677 1866 crectis
1707 1838 1737 1866 et
1766 1833 1919 1867 institutis
1945 1845 2003 1877 pro

1249 1899 1393 1931 congrua
1413 1889 1486 1921 dote
1508 1899 1545 1921 ac
1566 1888 1728 1920 dictorum
1743 1887 1839 1920 etiam
1856 1898 1915 1931 pro
1925 1893 2004 1921 tem-

1251 1953 1328 1985 pore
1356 1942 1562 1975 existentium
1600 1941 1845 1984 capellanorum
1881 1946 1912 1974 et
1941 1942 2005 1974 cle-

1251 1996 1394 2028 ricorum
1416 2006 1560 2038 congrua
1576 1994 1819 2035 sustentatione,
1840 1995 1895 2038 qui
1916 1995 2004 2028 vide-

1251 2048 1321 2081 licet
1338 2047 1497 2092 capellani
1524 2048 1555 2080 in
1576 2048 1645 2091 ipsa
1664 2048 1788 2091 capella
1811 2047 1924 2080 missas
1952 2059 2005 2080 ce-

1250 2102 1396 2141 lebrare,
1432 2113 1468 2134 ac
1506 2101 1653 2144 personis
1686 2100 1854 2144 hospitalis
1881 2101 2006 2144 praedi-

1250 2155 1304 2195 cti,
1327 2156 1413 2188 iuxta
1434 2155 1570 2187 sormam
1592 2154 1740 2198 priorum
1756 2159 1943 2187 nostrarum
1956 2154 2006 2187 lit-

1251 2215 1393 2242 terarum
1415 2219 1514 2252 super
1531 2208 1633 2251 ipsius
1653 2207 1823 2251 hospitalis
1843 2207 2006 2241 erectione

1251 2262 1423 2301 editarum,
1444 2261 1878 2294 sacramentaecclesiastica
1908 2261 2005 2294 mini-

1251 2321 1365 2355 st1·are;
1381 2314 1492 2348 clerici
1512 2325 1588 2348 vero
1609 2314 1655 2347 eis
1674 2314 1707 2347 in
1728 2314 1839 2348 altaris
1859 2313 2005 2348 ministe-

1252 2369 1299 2402 rio
1321 2374 1351 2401 ct
1371 2373 1652 2401 sacramentorum
1669 2367 1948 2401 administratione
1960 2367 2007 2400 in-

1251 2417 1370 2451 servire
1396 2418 1547 2457 debeant,
1569 2416 1704 2459 singulis
1734 2416 1867 2460 quidem
1896 2417 2004 2460 capel-

1251 2467 1346 2500 laniis
1370 2466 1560 2509 nonaginta,
1583 2465 1717 2508 singulis
1737 2476 1813 2498 vero
1838 2465 2006 2498 beneficiis

1252 2516 1424 2560 praedictis
1461 2526 1520 2559 pro
1552 2515 1697 2558 quolibet
1736 2514 1855 2548 clerico
1894 2514 2005 2557 viginti

1251 2571 1341 2599 scuta
1361 2564 1547 2598 huiusmodi
1573 2563 1740 2597 annuatim
1766 2573 1878 2596 eorum
1912 2563 2006 2595 cuili-

458 2614 664 2661 impositione
684 2614 777 2649 aliter
796 2615 835 2649 de
848 2614 886 2648 iis
897 2619 1019 2657 caveat,
1037 2625 1210 2659 quascum-
1251 2615 1305 2648 bet
1325 2625 1382 2661 per
1403 2613 1491 2659 ipsos
1506 2613 1798 2657 administratores,
1816 2617 1850 2645 ut
1865 2612 2008 2656 praeser-
