2226 3070
275 299 322 325 An.
341 299 369 325 c..
390 298 455 325 1592
503 288 565 321 548

284 1573 452 1598 Exequutwneni

271 1599 405 1619 thesaurario
434 1601 452 1618 et

271 1626 371 1645 *inuictae
394 1631 404 1642 c
415 1631 432 1644 ci

270 1658 280 1669 c·
292 1658 300 1671 s
316 1652 433 1671 conunitttt.

317 2259 454 2279 obstantibus

271 2286 365 2311 derogal.

473 352 519 379 ter
533 352 560 379 et
575 346 612 379 de
627 345 854 378 venerabilium
877 344 1010 376 fratrum
1031 348 1215 375 nostrorum

472 400 500 433 S.
527 400 561 432 R.
586 400 617 431 E.
643 398 853 431 cardinalium
874 396 1007 429 consilio
1028 401 1059 428 et
1086 405 1215 428 assensu

473 456 692 489 emanassent,
730 461 784 482 seu
816 449 956 481 venditio
985 448 1148 492 praedicta
1183 448 1214 480 in

472 506 601 537 Camera
635 503 794 546 praedicta
825 503 905 534 facta
931 507 1030 542 esset,
1059 506 1214 544 perpetuo

473 558 538 589 sore
561 562 587 588 ct
610 566 676 588 esse
702 554 844 591 censeri,
868 554 997 597 vimque
1017 553 1112 586 validi
1132 564 1211 586 con-

473 616 589 643 tractus
623 610 704 641 inter
736 619 793 641 nos
826 614 853 640 et
886 608 1064 645 Cameram,
1089 618 1213 640 necnon

471 664 621 695 loannem
657 661 828 704 Baptistam
862 660 1051 694 Ubertinum
1087 660 1214 704 praedi-

471 722 555 748 ctum
579 715 645 747 initi
667 721 694 747 ct
716 715 856 758 stipulati
884 714 1014 755 habere,
1038 725 1155 758 easque
1175 714 1213 747 ad

471 768 579 800 onmia
600 773 625 800 et
655 767 779 809 singula
808 767 982 811 praemissa
1013 767 1107 810 plene
1138 778 1214 810 pro—

470 821 610 853 bandum
634 820 766 853 omnino
795 820 955 859 sufficere,
978 830 1037 853 nee
1058 820 1097 852 ad
1116 819 1147 852 id
1168 820 1213 852 al-

471 873 567 905 terius
588 873 786 916 probationis
806 872 1038 905 adminiculum
1069 871 1211 915 requiri;

469 926 578 969 sicque
614 932 642 958 et
678 936 743 958 non
777 926 868 958 aliter
902 937 960 968 per
994 936 1215 969 quoscumque

471 979 612 1019 iudices,
637 979 818 1011 ordinarios
847 984 874 1010 et
908 979 1090 1020 delegatos.
1119 978 1214 1011 etiam

470 1042 637 1065 cansartun
659 1031 769 1064 Palatii
791 1031 964 1075 Apostolici
985 1031 1158 1069 auditores,
1179 1041 1215 1063 ae

469 1085 498 1118 S.
522 1085 558 1117 R.
582 1085 614 1117 E.
640 1084 817 1117 cardinales
832 1111 839 1122 ‚
863 1084 958 1117 etiam
986 1085 1024 1116 de
1054 1085 1151 1116 latere
1172 1084 1215 1116 le-

469 1144 569 1180 gatos,
593 1138 717 1170 sublata
739 1138 783 1170 eis
804 1143 832 1170 et
854 1148 966 1170 eorum
988 1137 1116 1170 cuilibet
1136 1149 1214 1181 qua-

470 1191 514 1223 vis
531 1191 622 1223 aliter
644 1191 804 1223 iudicandi
823 1196 853 1224 et
866 1191 1095 1234 interpretandi
1118 1192 1215 1223 sacul-

471 1250 532 1277 tate
562 1250 589 1276 et
624 1243 833 1283 auctoritate,
857 1243 990 1276 iudicari
1021 1249 1050 1276 et
1083 1244 1213 1276 diffiniri

470 1298 603 1332 debere:
618 1308 675 1329 nec
698 1307 761 1329 non
780 1297 804 1329 si
823 1308 914 1330 secus
931 1297 1088 1340 superbis
1102 1309 1118 1330 a
1133 1308 1213 1341 quo-

470 1361 581 1394 quam,
618 1350 728 1394 quavis
757 1350 963 1389 auctoritate,
998 1350 1134 1382 scienter
1166 1351 1213 1383 vel

470 1405 655 1447 ignoranter
675 1404 841 1445 contigerit
861 1404 1008 1437 attentari
1031 1404 1167 1440 irritum.
1185 1410 1213 1438 et

471 1459 563 1491 inane
585 1457 798 1491 decernimus.

515 1513 529 1555 ξ
551 1512 602 1544 21.
627 1512 811 1544 Mandantes
832 1516 1140 1555 proptereanuneet
1156 1522 1214 1555 pro

472 1572 614 1609 tempore
636 1565 840 1598 existentibus
861 1565 1051 1602 camerario,
1075 1565 1214 1598 vice-ca-

440 1632 453 1644 1-
471 1618 620 1654 merario,
636 1618 846 1658 thesaurario,
866 1628 925 1651 nec
946 1628 1011 1650 non
1031 1618 1215 1661 ljn‘aesiden-

470 1672 554 1703 til‘ms
576 1678 605 1704 et
623 1671 746 1706 clericis
766 1671 910 1704 eiusdem
928 1671 1088 1709 Gamerae,
1110 1677 1214 1704 caete-

470 1724 576 1767 risque
595 1725 633 1756 ad
646 1735 726 1767 quos
746 1730 865 1767 spectat
887 1730 914 1756 et
936 1724 967 1756 in
989 1725 1130 1756 futurum
1145 1735 1215 1767 spe-

471 1777 586 1815 ctabit,
608 1783 637 1809 ut
666 1777 793 1809 easdem
816 1782 998 1820 praesentes
1020 1777 1049 1808 in
1072 1777 1137 1820 ipsa
1158 1778 1214 1809 Ca-

470 1841 558 1862 mera
572 1830 751 1869 admittant,
769 1835 797 1862 et
820 1830 849 1862 in
865 1830 948 1862 illius
968 1829 1057 1862 libris
1078 1830 1214 1863 describi

470 1889 499 1916 et
520 1883 681 1925 registrari
705 1883 830 1919 saciant.
850 1883 1077 1915 inviolabiliter
1097 1883 1210 1916 obser-

470 1942 540 1969 vent
559 1942 589 1969 et
606 1937 767 1969 observari
784 1937 947 1973 mandent,
963 1937 1042 1969 etad
1058 1937 1213 1969 maiorem

470 1990 544 2022 dicti
566 1989 691 2022 Ioannis
718 1990 875 2033 Baptistae
892 1990 1037 2022 [bertini
1059 1990 1213 2033 emptoris

470 2044 625 2076 cautelam
648 2043 785 2086 desuper
802 2048 946 2086 patentes
966 2043 1102 2084 litteras,
1124 2054 1213 2076 man—

470 2097 541 2129 data
563 2102 589 2129 et
612 2096 689 2128 alias
707 2096 879 2139 scripturas
904 2103 1103 2140 opportunas
1121 2108 1213 2141 expe-

471 2150 557 2183 diant
578 2156 605 2183 ct
629 2150 768 2193 expediri
791 2156 913 2182 curent.

515 2202 601 2244 3222.
626 2203 692 2235 Non
720 2203 919 2235 obstantibus
948 2203 1153 2246 praemissis,
1178 2214 1212 2235 ae

470 2257 658 2289 recolendae
690 2256 864 2289 memoriae
894 2257 1083 2295 Simmachi,
1107 2258 1209 2290 Bene-

470 2309 543 2342 dicti
566 2310 635 2349 xlt,
660 2309 778 2342 Callixti
805 2310 854 2348 ΙΙΙ,
875 2310 963 2342 Pauli
984 2311 1008 2343 ll
1036 2316 1065 2343 et
1085 2310 1130 2343 Pii
1151 2311 1209 2349 tv,

470 2363 671 2405 aliorumspte
686 2363 904 2395 Romanorum
915 2363 1106 2395 Pontificum
1121 2374 1212 2407 prae-

470 2417 673 2449 decessorum
687 2421 882 2453 nostrorum,
898 2417 936 2448 de
948 2416 1043 2448 rebus
1054 2417 1213 2449 Ecclesiae

470 2479 534 2501 non
564 2468 755 2506 alienandis,
787 2474 817 2501 ct
847 2480 904 2511 per
935 2480 1013 2512 quas
1043 2470 1214 2502 mandatur

470 2523 555 2565 quod
578 2527 681 2554 certae
704 2521 886 2563 diligentiae
908 2528 935 2554 ct
959 2523 1091 2561 formae,
1116 2523 1212 2556 etiam

469 2576 527 2608 sub
549 2574 701 2607 nullitatis
728 2574 947 2607 venditionum
978 2581 1005 2608 ct
1035 2576 1213 2609 concessio-

470 2639 546 2661 num
568 2628 659 2661 aliter
679 2627 909 2668 faciendarum,
931 2628 1064 2671 aliisque
1093 2629 1212 2671 gravis-

1054 294 1236 318 BULLARIUM
1257 293 1409 317 ROMANUM

1250 341 1320 374 fieri
1340 340 1478 384 possint3
1508 351 1545 373 ae
1568 341 1732 384 quibusvis
1751 342 1820 375 aliis
1840 343 1992 376 constitu-

1250 393 1390 427 tionibus
1403 399 1433 426 et
1445 393 1702 427 ordinationibus
1714 395 1914 438 apostolicis;
1934 407 1993 429 nec

1250 457 1314 479 non
1333 446 1434 479 dictae
1455 447 1622 487 Gamerae,
1646 447 1848 488 iuramento,
1873 448 1992 481 confir-

1250 500 1391 532 matione
1404 499 1579 543 apostoliea
1588 500 1636 532 vel
1649 500 1759 543 quavis
1768 500 1920 534 firmitate
1932 502 1993 534 alia

1249 552 1419 591 roboratis,
1437 552 1571 591 statutis,
1588 553 1885 592 consuetudinibus,
1899 554 1990 597 stylo,

1249 605 1487 646 stahilimentis,
1511 605 1622 638 usibus
1643 611 1673 638 et
1692 606 1824 639 naturis¹
1845 607 1908 640 Nee
1929 618 1993 641 non

1249 659 1459 692 cancellariae
1488 665 1615 692 nostrae
1646 660 1785 701 regulis,
1813 665 1843 693 et
1870 661 1909 693 de
1929 671 1993 694 non

1249 713 1391 745 tollendo
1420 713 1489 746 iure
1518 713 1681 756 quaesito·‚
1709 713 1882 757 privilegiis
1913 725 1994 758 quo-

1249 776 1322 808 que,
1347 765 1478 799 indultis
1499 771 1529 798 et
1549 766 1663 799 litteris
1684 766 1869 809 apostolicis
1890 766 1994 800 eidem

1249 818 1399 851 Gamerae
1417 818 1511 851 etiam
1540 830 1597 862 per
1622 829 1679 852 nos
1705 825 1735 852 et
1762 819 1991 862 praedecesso-

1249 882 1298 903 res
1319 877 1446 904 nostros
1474 883 1547 904 cnm
1578 872 1741 915 quibusvis
1773 873 1994 915 derogatoria-

1250 935 1321 959 rum
1354 925 1567 967 derogatoriis
1596 925 1730 969 aliisque
1761 925 1994 959 efficacioribus

1250 982 1277 1009 et
1299 976 1433 1010 insolitis
1454 977 1615 1017 clausulis,
1641 978 1841 1011 irritantibus
1867 984 1899 1011 et
1926 978 1995 1012 aliis

1250 1030 1395 1071 decretis,
1420 1030 1451 1063 in
1472 1041 1590 1073 genere
1610 1031 1657 1063 vel
1680 1031 1711 1063 in
1724 1031 1840 1075 specie,
1859 1042 1895 1064 ae
1916 1031 1996 1065 alias

1250 1084 1494 1126 quomodolibet
1515 1084 1684 1125 concessis,
1699 1083 1884 1128 approbatis
1901 1090 1932 1118 et
1948 1084 1996 1117 in-

1249 1137 1386 1177 novatis;
1410 1148 1446 1170 ae
1467 1137 1562 1170 etiam
1593 1137 1885 1179 constitutionibus,
1913 1138 1996 1172 eius-

1250 1190 1322 1223 dem
1344 1191 1389 1223 Pii
1415 1191 1453 1224 IV
1480 1202 1516 1224 ae
1544 1191 1683 1224 aliorum
1709 1191 1995 1235 praedeeessorum

1249 1249 1445 1283 nostrorum,
1469 1243 1585 1287 quibus
1617 1249 1746 1277 cavetur
1766 1244 1855 1288 quod
1883 1246 2009 1289 perso-¹

1249 1307 1308 1329 nae
1328 1302 1356 1329 et
1379 1297 1531 1329 officiales
1556 1297 1658 1329 dietae
1688 1297 1840 1330 Gamerae
1867 1303 1995 1332 nostrae

1250 1351 1280 1383 in
1301 1352 1396 1384 rebus
1416 1356 1447 1384 et
1466 1351 1683 1384 contractibus
1697 1351 1910 1384 eameralihus
1929 1362 1996 1385 non

1248 1404 1462 1447 participent,
1486 1409 1606 1437 attento
1635 1404 1723 1447 quod
1752 1404 1836 1437 idem
1861 1405 1996 1438 loannes

1249 1457 1388 1500 Baptista
1416 1457 1590 1490 Ubertiuus
1618 1462 1665 1489 est
1695 1457 1906 1500 pecuniarum
1938 1468 1996 1492 no-

1249 1516 1387 1543 strarum
1415 1517 1446 1543 et
1474 1510 1577 1543 dietae
1604 1511 1754 1543 Gamerae
1784 1511 1996 1555 depositarius

1250 1563 1423 1604 generalis,
1458 1563 1574 1607 quibus
1605 1563 1773 1604 omnibns,
1802 1563 1927 1597 etiamsi
1957 1565 1996 1598 de

1250 1618 1311 1650 illis
1335 1627 1513 1660 eorumque
1532 1616 1606 1649 totis
1630 1617 1796 1650 tenoribus
1824 1617 1992 1661 specialis,

1249 1670 1408 1714 specifica,
1424 1680 1570 1714 expressa
1582 1675 1612 1702 et
1625 1669 1788 1703 individua
1799 1680 1836 1703 ae
1847 1671 1886 1704 de
1899 1671 1996 1705 verbo

1249 1725 1289 1756 ad
1310 1724 1456 1764 verbum,
1480 1733 1544 1756 non
1566 1728 1674 1755 autem
1695 1734 1752 1766 per
1772 1724 1930 1757 clausulas
1943 1734 1996 1767 ge-

1249 1777 1374 1810 nerales
1406 1777 1491 1809 idem
1528 1776 1757 1820 importantcs,
1787 1778 1908 1811 mentio
1939 1789 1995 1811 seu

1249 1831 1379 1874 quaevis
1410 1830 1471 1863 alia
1510 1829 1671 1873 expressio
1705 1836 1759 1863 aut
1793 1830 1901 1874 aliqua
1934 1832 1995 1865 alia

1249 1883 1402 1927 exquisita
1423 1884 1526 1915 forma
1547 1884 1586 1915 ad
1618 1883 1678 1915 hoc
1705 1884 1860 1917 servanda
1889 1884 1991 1925 soret,

1249 1942 1375 1969 tenores
1392 1936 1588 1975 huiusmodi,
1606 1946 1640 1968 ac
1654 1936 1679 1968 si
1701 1937 1739 1969 de
1760 1937 1857 1969 verbo
1875 1938 1915 1970 ad
1927 1948 1995 1971 ver-

1247 1990 1336 2027 bum,
1360 1990 1440 2022 nihil
1464 1990 1591 2033 penitus
1623 1990 1761 2030 omisso,
1786 1996 1815 2023 et
1837 1991 1941 2024 forma
1962 1991 1993 2024 in

1248 2043 1308 2075 illis
1321 2043 1436 2076 tradita
1449 2043 1626 2081 observata,
1644 2043 1754 2076 inserti
1769 2044 1884 2084 forent,
1900 2055 1994 2088 prae-

1247 2096 1389 2129 sentibus
1409 2106 1468 2140 pro
1486 2096 1681 2129 sufficienter
1700 2096 1854 2139 expressis
1875 2097 1994 2130 haben-

1250 2156 1305 2190 tes,
1322 2150 1383 2182 illis
1403 2150 1482 2182 alias
1499 2150 1530 2182 in
1545 2160 1603 2183 suo
1623 2150 1741 2183 robore
1761 2151 1990 2194 permansuris,

1248 2204 1306 2236 hac
1328 2203 1394 2236 vice
1412 2203 1778 2246 dumtaxat,speeialiter
1798 2209 1828 2236 et
1847 2214 1993 2247 expresse

1248 2258 1460 2299 derogamus,
1495 2257 1693 2300 caeterisque
1724 2256 1892 2289 contrariis
1923 2257 1993 2301 qui-

1247 2310 1457 2353 buscumquc.

1294 2364 1309 2405 ξ
1330 2362 1382 2395 ἑῧ.
1404 2362 1488 2396 Nulli
1510 2372 1587 2405 ergo
1616 2362 1748 2395 omnino
1767 2362 1935 2395 hominum
1955 2363 1993 2396 li-

1249 2422 1315 2450 ceat
1329 2416 1410 2449 hane
1423 2416 1575 2459 paginam
1589 2420 1715 2448 nostrae
1730 2415 1910 2457 creationis,
1925 2426 1993 2449 ere-

1249 2470 1372 2511 ctionis,
1395 2469 1483 2509 sacti,
1508 2469 1730 2510 institutionis,
1752 2469 1988 2510 concessionis,

1248 2523 1480 2567 applicationis,
1505 2523 1739 2565 assignationis,
1756 2522 1992 2567 appropriatio-

1247 2575 1306 2615 nis,
1329 2575 1508 2620 positionis,
1529 2575 1775 2615 substitutionis,
1796 2574 1993 2617 surrogatio-

1247 2629 1306 2667 nis,
1331 2629 1556 2672 exemptionis,
1579 2628 1800 2669 liberationis,
1824 2627 1992 2670 obligatio-

469 2682 557 2715 simis
577 2681 688 2725 poenis
709 2681 826 2713 servari
852 2681 1007 2721 debeant,
1032 2692 1091 2714 nee
1122 2679 1305 2726 alitcrlni&
1330 2682 1538 2726 hypothecae,
1560 2682 1834 2722 constitutionum,
1858 2682 1992 2725 deputa-

2004 295 2053 322 An.
2073 296 2101 322 C.
2123 296 2192 324 ¹592

2021 2369 2133 2389 Ctausutae
2142 2374 2191 2394 pue·

2008 2395 2074 2416 nates.
