2226 3070
496 264 557 297 700
1045 275 1227 298 ssrLLAmun

466 336 549 369 CLV.
574 337 779 370 Confirmatio
800 337 927 369 unionis
948 336 1224 378 congreg-ationis'

554 391 659 424 Sancti
669 391 827 423 Aiiilu·osii
838 389 1081 422 Mediolanensis
1093 390 1207 421 915311-

556 443 596 475 cti
614 444 777 476 Barnabae
798 442 979 485 provinciae
1001 442 1157 474 Marchiae
1178 447 1204 473 ct
1224 468 1225 486 ἶ

554 496 682 529 Genuae
696 496 753 527 sub
768 496 887 534 Regula
901 495 1005 527 Sancti
1025 495 1204 536 Augustini,

555 561 627 581 cum
648 548 810 581 nonnullis
831 548 1096 580 conventionilms
1127 538 1225 586 iuter}

554 602 637 644 ipsas
655 601 750 635 initis,
779 599 847 631 117.
1224 600 1225 626 1

467 663 564 695 CLXI.
589 664 631 695 De
663 662 817 694 electione
852 662 967 705 prioris
999 661 1157 703 generalis
1179 668 1225 709 ct}

553 716 690 748 aliorum
711 716 929 759 praelatormu
949 715 1225 757 congregationis}

553 768 782 801 canonicorum
812 769 1009 809 regularium
1040 769 1069 801 S.
1102 769 1225 801 Salva-·

554 822 640 861 toris,
664 821 791 854 Ordinis
812 822 841 854 5.
866 822 1045 863 Augustini,
1072 821 1140 854 tttt.
1223 850 1225 864 y

1223 867 1224 881 l

465 891 578 925 CLvlt.
603 892 810 925 Confirmatio
838 891 1030 925 venditionis
1061 891 1122 924 Ioei
1148 890 1224 935 prol

553 945 745 977 fabricandis
775 945 958 978 carceribus
987 945 1018 977 in
1050 946 1145 983 Ifrbe,
1174 951 1224 997 ut¹

553 998 687 1034 clericis.
712 998 879 1040 religiosis,
904 998 1050 1030 hebraeis
1072 1003 1101 1030 et
1122 998 1224 1035 chri-t

553 1051 662 1083 stianis
676 1051 936 1094 delinquffltibus
950 1051 1117 1083 distinctus
1138 1062 1206 1083 car-

554 1114 606 1136 eer
626 1103 779 1145 assignari
802 1103 909 1146 possit,
940 1103 1008 1135 1:³1.

464 1175 593 1208 CLVIII.
614 1175 776 1208 Indultum
795 1181 829 1208 ut
847 1175 970 1212 decani,
989 1176 1205 1210 archidiaconi
1223 1166 1224 1174 ¹

553 1235 581 1261 et
603 1229 761 1267 canonici,
786 1240 821 1262 ac
840 1230 917 1262 alias
936 1229 1106 1271 dignitates
1127 1231 1207 1264 obti-

552 1287 663 1314 nentes
693 1281 723 1313 in
754 1281 981 1314 Mexicanensis
1012 1289 1039 1315 ct
1067 1284 1136 1316 aliis
1158 1295 1225 1324 ec-¹

552 1335 655 1368 clesiis
672 1346 772 1367 novae
791 1335 962 1378 Hispaniae
983 1341 1013 1368 ct
1030 1336 1206 1369 insularum

551 1388 806 1432 Philippinarum
826 1389 922 1421 maris
943 1389 1070 1429 Oceani,
1086 1391 1124 1423 ab
1145 1390 1204 1423 Or·
1223 1397 1224 1412 ¹

552 1442 683 1474 dinariis
704 1442 849 1474 locorum
872 1442 918 1474 vel
945 1443 1107 1485 quibusvis
1139 1444 1207 1477 aliis

552 1495 622 1536 cogi
644 1505 708 1527 non
730 1495 848 1537 possint
882 1506 938 1538 per
968 1501 1030 1528 tres
1061 1507 1203 1536 menses,

552 1548 640 1581 iustis
676 1554 783 1581 tamen
820 1554 849 1581 et
887 1549 1132 1583 rationabilibus
1168 1552 1207 1583 de

551 1601 664 1638 causis,
697 1602 736 1633 ad
768 1601 974 1635 residentiam
1003 1604 1205 1646 personalem

552 1654 582 1686 in
600 1655 664 1687 suis
685 1655 837 1691 ecclesiis.
867 1655 935 1687 124.

463 1716 565 1750 CLIX.
599 1717 805 1749 Confirmatio
838 1719 1007 1750 erectionis
1042 1720 1205 1753 seminarii

552 1770 742 1802 clericorum
774 1771 986 1803 saecularium
1021 1772 1051 1803 in
1086 1773 1223 1815 oppido}

550 1823 936 1856 S.TrudonisLeodicnsis
950 1824 1116 1863 dioecesis,
1134 1825 1200 1858 125.

462 1893 549 1926 CLX.
578 1894 756 1925 Nonnullae
787 1894 1006 1927 ordinationes
1036 1907 1094 1938 pro
1120 1897 1204 1929 bono

550 1947 706 1988 regimine
739 1953 769 1979 ct.
802 1948 958 1989 gubernio
989 1949 1204 1983 thesaurariae

551 2011 651 2032 novae
672 2006 702 2032 et
722 2001 834 2033 veteris
865 2002 1079 2039 Iononiensis,
1105 2003 1177 2036 tv27.
1220 2017 1221 2051 3

464 2071 564 2104 CLXI.
589 2072 796 2105 Confirmatio
817 2074 1087 2106 concordatorum
1111 2059 1221 2107 inito-¹

550 2136 620 2157 rum
648 2125 731 2158 inter
752 2126 937 2170 episcopum
971 2133 999 2160 ct
1024 2128 1201 2171 Capitulum

550 2179 745 2216 Pataviense,
768 2179 835 2212 1:30.

462 2239 577 2272 CLXII.
596 2240 784 2283 Suppressio
806 2242 939 2275 instituti
959 2244 1091 2275 I'ratrum
1110 2244 1199 2275 Scal-

551 2299 713 2326 ceatorum
732 2294 837 2327 Sancti
859 2296 1017 2328 Francisci
1040 2297 1070 2328 in
1089 2298 1177 2330 Italia
1193 2326 1198 2335 ,
1218 2323 1219 2334 2

550 2357 726 2390 eorumque.
747 2348 891 2380 locorum
914 2349 1078 2382 concessio
1099 2337 1219 2382 fratri-³

549 2400 608 2431 bus
621 2399 794 2432 Minoribus
807 2400 1074 2434 Coiix·e1111ffltit2›i1s
1093 2404 1201 2435 Rel'or-
1218 2407 1219 2418 ³

550 2453 662 2491 matis,
687 2452 812 2486 Ordinis
843 2453 986 2507 eiusdem
1016 2455 1046 2487 S.
1075 2456 1220 2489 Franci-,¹

550 2506 604 2547 sci,
634 2505 702 2539 138.

462 2568 593 2602 CLXIII.
610 2568 816 2602 Confirmatio
835 2570 946 2613 synodi
961 2571 1202 2606 Petricoviensis

550 2621 677 2654 habitae
702 2622 741 2654 ab
760 2621 916 2665 episcopis
940 2624 1028 2665 regni
1051 2624 1201 2657 PolonIa(¹

550 2685 646 2718 super
670 2675 824 2708 electione
851 2681 881 2708 et
907 2676 1111 2719 qualitatibus
1140 2679 1198 2711 eli-

1252 276 1403 299 ROMANUM

1329 336 1423 377 genili
1446 336 1476 368 in
1498 346 1605 378 regem
1631 347 1666 368 ac
1688 337 1982 379 promovendorum

1330 391 1368 421 ad
1391 389 1605 432 episcopatus,
1632 389 1700 421 140.

1241 459 1371 492 CLXIV.
1396 459 1574 491 Declaratio
1603 459 1839 491 constitutionis
1858 460 1981 501 Grego-

1332 512 1368 543 rii
1382 513 1447 544 XIII
1465 523 1562 554 super
1575 512 1778 544 concordatis
1795 512 1985 545 Germaniae

1332 565 1362 596 in
1395 565 1576 607 provisione
1606 565 1838 597 beneficiorum
1871 565 1983 597 obser-

1331 618 1457 650 vandis:
1479 629 1534 650 seu
1550 619 1587 650 de
1600 618 1794 661 publicanda
1805 618 1986 661 provisione

1331 671 1507 714 apostolica
1537 672 1619 704 intra
1647 677 1708 704 tres
1737 682 1862 704 menses
1891 677 1985 704 notae

1330 723 1514 760 vacationis,
1545 723 1612 755 143.

1242 786 1355 819 CLXV.
1381 786 1548 818 Restitutio
1571 791 1659 818 taxae
1677 796 1834 829 equorum
1856 787 1896 819 ad
1916 788 1983 820 sor-

1330 850 1415 871 mam
1438 840 1522 871 illius
1540 850 1621 883 quae
1643 840 1792 883 imposita
1812 840 1875 872 iam
1897 840 1986 874 suita

1313 893 1428 925 Paulo
1449 893 1533 936 Papa
1558 893 1607 931 IV,
1632 903 1703 925 cum
1733 893 1986 937 praescriptione

1332 946 1453 978 t'ormae
1471 956 1541 977 eam
1563 946 1720 987 exigendh
1742 945 1816 978 145.

1242 1016 1371 1049 CLXXI.
1396 1016 1613 1049 Alicnationes
1644 1017 1825 1049 officiorum
1855 1028 1911 1051 seu
1937 1017 1985 1050 iu-

1336 1069 1418 1101 rium
1457 1076 1486 1102 ct
1522 1071 1839 1111 emolumentorum,
1872 1071 1986 1104 officiis

1331 1123 1427 1155 etiam
1459 1123 1635 1156 maioribus
1664 1124 1693 1156 S.
1718 1124 1753 1156 R.
1778 1124 1810 1157 E.
1840 1135 1983 1157 annexo-

1332 1187 1414 1217 rum,
1439 1177 1478 1209 ab
1499 1177 1690 1209 officialibus
1717 1183 1828 1210 contra
1848 1178 1986 1211 formam

1331 1241 1442 1263 eorum
1465 1231 1648 1273 primaevae
1666 1231 1838 1265 erectionis
1859 1233 1960 1266 factae
1976 1260 1983 1273 ,

1332 1283 1568 1319 rescinduntur,
1601 1290 1629 1316 ct
1660 1284 1690 1316 in
1721 1290 1885 1327 posterum
1916 1285 1985 1318 fieri

1331 1336 1555 1379 prohibentur,
1581 1336 1654 1369 148.

1352 1386 1356 1389 ’
1374 1391 1711 1433 Sequiturdeclaratio
1732 1397 1760 1424 ct
1783 1393 1985 1426 confirmatio

1331 1444 1512 1476 officiorum
1535 1444 1806 1477 vice-cancellarii
1829 1445 1859 1478 S.
1879 1446 1914 1479 P..
1934 1447 1981 1483 E..

1336 1495 1404 1529 155.

1241 1558 1384 1592 CLXXII.
1418 1559 1624 1592 Confirmatio
1657 1560 1887 1593 nonnullorum
1924 1561 1982 1594 de·-

1330 1617 1491 1644 cretorum
1514 1623 1571 1655 per
1585 1613 1842 1646 commissarium
1863 1619 1894 1647 et
1914 1614 1986 1647 visi-

1331 1671 1467 1698 tatorem
1497 1666 1528 1698 in
1557 1666 1721 1709 provincia
1753 1667 1985 1701 Romandiolae

1330 1720 1519 1763 deputatum
1548 1720 1716 1759 sactorum,
1740 1731 1798 1764 pro
1826 1722 1911 1754 bono
1933 1732 1983 1754 re-

1328 1773 1448 1815 gimine
1470 1778 1497 1805 et
1519 1773 1677 1815 gubernio
1695 1774 1865 1807 comitatus
1891 1780 1921 1808 et
1941 1775 1984 1808 ci-

1329 1826 1431 1859 vitatis
1448 1827 1696 1865 Caesenatensis,
1719 1827 1792 1859 158.

1240 1896 1398 1930 CLXVIII.
1423 1897 1603 1930 Iurisdictio
1625 1904 1652 1931 et
1676 1899 1839 1931 facultates
1858 1899 1984 1932 thesau-

1327 1950 1402 1982 rarii
1424 1951 1582 1992 generalis
1602 1951 1737 1983 Romani
1756 1952 1930 1991 Pontificis,
1954 1958 1980 1985 et

1328 2003 1508 2035 collectoris
1526 2004 1704 2046 spoliorum
1719 2005 1757 2036 ad
1776 2005 1982 2038 reverendam

1327 2058 1490 2090 Cameram
1506 2058 1722 2101 Apostolicam
1741 2069 1872 2102 quoquo
1886 2060 1983 2092 modo

1326 2111 1550 2154 spectantium,
1578 2111 1646 2143 105.

1218 2169 1220 2180 Ι
1237 2183 1369 2216 CLXIX.
1388 2184 1429 2216 De
1450 2185 1558 2226 Aquae
1573 2183 1696 2223 Felicis,
1718 2194 1790 2215 mox
1808 2185 1847 2216 ad
1865 2185 1981 2217 Urbem

1326 2237 1514 2274 conductae,
1527 2236 1650 2268 ratione
1663 2242 1691 2269 ct
1705 2247 1780 2269 cura
1790 2237 1982 2270 demandata

1326 2289 1567 2331 congregationi
1595 2290 1624 2321 5.
1649 2290 1684 2321 R.
1708 2290 1741 2322 E.
1768 2290 1981 2323 cardinalium

1325 2342 1486 2375 institutae
1507 2342 1547 2374 ad
1567 2353 1687 2385 aquas,
1712 2342 1776 2375 vias
1805 2348 1982 2387 pontesque

1326 2396 1505 2434 curandos3
1530 2396 1625 2427 aede
1656 2395 1762 2428 otlicio
1790 2401 1819 2428 et
1849 2407 1982 2429 munere

1326 2448 1442 2481 civium
1464 2449 1685 2481 Romanorum
1715 2449 1858 2481 eiusdem
1880 2460 1981 2492 aquae

1324 2501 1537 2540 visitatorum,
1572 2501 1641 2534 177.

1236 2571 1353 2605 CLXX.
1371 2572 1529 2605 Cardinali
1543 2572 1688 2605 Comensi
1701 2573 1979 2616 archipresbytero

1325 2626 1477 2659 ecclesiae
1507 2626 1611 2658 Sancti
1634 2626 1716 2658 Petri
1742 2626 1780 2659 de
1801 2626 1895 2666 Urbe,
1924 2637 1978 2659 co-

1324 2679 1500 2721 gnoscendi
1518 2690 1639 2720 causas,
1656 2685 1719 2712 tam
1738 2679 1856 2713 dictam
1877 2680 1978 2712 eccle-
