<?xml version="1.0" encoding="UTF-8"?>
<!DOCTYPE html PUBLIC "-//W3C//DTD XHTML 1.0 Transitional//EN"
    "http://www.w3.org/TR/xhtml1/DTD/xhtml1-transitional.dtd">
<html xmlns="http://www.w3.org/1999/xhtml" xml:lang="en" lang="en">
 <head>
  <title>
</title>
<meta http-equiv="Content-Type" content="text/html;charset=utf-8" />
  <meta name='ocr-system' content='tesseract 3.04.00' />
  <meta name='ocr-capabilities' content='ocr_page ocr_carea ocr_par ocr_line ocrx_word'/>
</head>
<body>
  <div class='ocr_page' id='page_1' title='image "./bullarumdiplomat09cath/bullarumdiplomat09cath_0493.png"; bbox 0 0 2226 3070; ppageno 0'>
   <div class='ocr_carea' id='block_1_1' title="bbox 48 315 228 345">
    <p class='ocr_par' dir='ltr' id='par_1_1' title="bbox 48 315 228 345">
     <span class='ocr_line' id='line_1_1' title="bbox 48 315 228 345; baseline -0.011 -1"><span class='ocrx_word' id='word_1_1' title='bbox 48 317 98 344; x_wconf 76' lang='lat' dir='ltr'>An.</span> <span class='ocrx_word' id='word_1_2' title='bbox 112 316 140 345; x_wconf 90' lang='lat' dir='ltr'>C.</span> <span class='ocrx_word' id='word_1_3' title='bbox 163 315 228 344; x_wconf 77' lang='lat'>1591</span> 
     </span>
    </p>
   </div>
   <div class='ocr_carea' id='block_1_2' title="bbox 49 1389 234 1464">
    <p class='ocr_par' dir='ltr' id='par_1_2' title="bbox 49 1389 234 1464">
     <span class='ocr_line' id='line_1_2' title="bbox 83 1389 234 1411; baseline -0.007 0"><span class='ocrx_word' id='word_1_4' title='bbox 83 1389 135 1411; x_wconf 79' lang='lat' dir='ltr'>Hinc</span> <span class='ocrx_word' id='word_1_5' title='bbox 150 1390 234 1410; x_wconf 75' lang='lat' dir='ltr'>diversa</span> 
     </span>
     <span class='ocr_line' id='line_1_3' title="bbox 49 1417 234 1443; baseline 0 -6"><span class='ocrx_word' id='word_1_6' title='bbox 49 1417 117 1442; x_wconf 74' lang='lat' dir='ltr'>litigia</span> <span class='ocrx_word' id='word_1_7' title='bbox 139 1417 234 1443; x_wconf 76' lang='lat' dir='ltr'>prosecta</span> 
     </span>
     <span class='ocr_line' id='line_1_4' title="bbox 50 1446 104 1464; baseline 0 0"><span class='ocrx_word' id='word_1_8' title='bbox 50 1446 104 1464; x_wconf 69' lang='lat' dir='ltr'>sunt.</span> 
     </span>
    </p>
   </div>
   <div class='ocr_carea' id='block_1_3' title="bbox 57 2299 238 2374">
    <p class='ocr_par' dir='ltr' id='par_1_3' title="bbox 57 2299 238 2374">
     <span class='ocr_line' id='line_1_5' title="bbox 77 2299 238 2326; baseline 0 -5"><span class='ocrx_word' id='word_1_9' title='bbox 77 2299 188 2326; x_wconf 70' lang='lat' dir='ltr'><strong>Gregorius</strong></span> <span class='ocrx_word' id='word_1_10' title='bbox 202 2301 238 2321; x_wconf 75' lang='lat' dir='ltr'>de-</span> 
     </span>
     <span class='ocr_line' id='line_1_6' title="bbox 57 2327 238 2353; baseline 0.006 -6"><span class='ocrx_word' id='word_1_11' title='bbox 57 2327 124 2348; x_wconf 78' lang='lat' dir='ltr'>clarat</span> <span class='ocrx_word' id='word_1_12' title='bbox 141 2329 203 2353; x_wconf 82' lang='lat' dir='ltr'>prout</span> <span class='ocrx_word' id='word_1_13' title='bbox 218 2334 238 2348; x_wconf 91' lang='lat' dir='ltr'>m</span> 
     </span>
     <span class='ocr_line' id='line_1_7' title="bbox 58 2353 147 2374; baseline 0 0"><span class='ocrx_word' id='word_1_14' title='bbox 58 2353 147 2374; x_wconf 79' lang='lat' dir='ltr'>rubrica.</span> 
     </span>
    </p>
   </div>
   <div class='ocr_carea' id='block_1_4' title="bbox 848 315 1167 341">
    <p class='ocr_par' dir='ltr' id='par_1_4' title="bbox 848 315 1167 341">
     <span class='ocr_line' id='line_1_8' title="bbox 848 315 1167 341; baseline -0.003 -1"><span class='ocrx_word' id='word_1_15' title='bbox 848 315 1025 341; x_wconf 83' lang='lat' dir='ltr'>GREGORIUS</span> <span class='ocrx_word' id='word_1_16' title='bbox 1045 316 1098 341; x_wconf 74' lang='lat' dir='ltr'>XIV</span> <span class='ocrx_word' id='word_1_17' title='bbox 1117 315 1167 340; x_wconf 85' lang='lat' dir='ltr'>PP.</span> 
     </span>
    </p>
   </div>
   <div class='ocr_carea' id='block_1_5' title="bbox 244 363 1002 891">
    <p class='ocr_par' dir='ltr' id='par_1_5' title="bbox 244 363 1002 891">
     <span class='ocr_line' id='line_1_9' title="bbox 244 363 983 407; baseline 0 -10"><span class='ocrx_word' id='word_1_18' title='bbox 244 363 423 397; x_wconf 87' lang='lat' dir='ltr'>incolarum</span> <span class='ocrx_word' id='word_1_19' title='bbox 445 370 475 397; x_wconf 88' lang='lat' dir='ltr'>et</span> <span class='ocrx_word' id='word_1_20' title='bbox 494 364 710 397; x_wconf 77' lang='lat' dir='ltr'>habitatorum</span> <span class='ocrx_word' id='word_1_21' title='bbox 724 364 813 407; x_wconf 77' lang='lat' dir='ltr'>regni</span> <span class='ocrx_word' id='word_1_22' title='bbox 826 365 983 398; x_wconf 83' lang='lat' dir='ltr'>Navarrac</span> 
     </span>
     <span class='ocr_line' id='line_1_10' title="bbox 245 418 1002 462; baseline 0.001 -12"><span class='ocrx_word' id='word_1_23' title='bbox 245 418 337 451; x_wconf 91' lang='lat' dir='ltr'>nobis</span> <span class='ocrx_word' id='word_1_24' title='bbox 356 418 449 451; x_wconf 85' lang='lat' dir='ltr'>suerit</span> <span class='ocrx_word' id='word_1_25' title='bbox 467 418 644 462; x_wconf 79' lang='lat' dir='ltr'>expositum</span> <span class='ocrx_word' id='word_1_26' title='bbox 675 419 773 462; x_wconf 81' lang='lat' dir='ltr'>quod,</span> <span class='ocrx_word' id='word_1_27' title='bbox 808 418 880 451; x_wconf 90' lang='lat' dir='ltr'>licet</span> <span class='ocrx_word' id='word_1_28' title='bbox 909 429 1002 459; x_wconf 51' lang='lat' dir='ltr'>con-¹</span> 
     </span>
     <span class='ocr_line' id='line_1_11' title="bbox 244 471 982 515; baseline -0.001 -11"><span class='ocrx_word' id='word_1_29' title='bbox 244 472 365 505; x_wconf 90' lang='lat' dir='ltr'>stitutio</span> <span class='ocrx_word' id='word_1_30' title='bbox 385 471 483 504; x_wconf 85' lang='lat' dir='ltr'>felicis</span> <span class='ocrx_word' id='word_1_31' title='bbox 503 471 734 505; x_wconf 87' lang='lat' dir='ltr'>recordationis</span> <span class='ocrx_word' id='word_1_32' title='bbox 754 471 800 504; x_wconf 90' lang='lat' dir='ltr'>Pii</span> <span class='ocrx_word' id='word_1_33' title='bbox 818 472 921 515; x_wconf 89' lang='lat' dir='ltr'>Papae</span> <span class='ocrx_word' id='word_1_34' title='bbox 947 472 982 509; x_wconf 87' lang='lat' dir='ltr'>V,</span> 
     </span>
     <span class='ocr_line' id='line_1_12' title="bbox 244 525 985 570; baseline -0.004 -11"><span class='ocrx_word' id='word_1_35' title='bbox 244 526 499 570; x_wconf 79' lang='lat' dir='ltr'>praedecessoris</span> <span class='ocrx_word' id='word_1_36' title='bbox 510 526 620 566; x_wconf 78' lang='lat' dir='ltr'>nostri,</span> <span class='ocrx_word' id='word_1_37' title='bbox 635 537 731 570; x_wconf 90' lang='lat' dir='ltr'>super</span> <span class='ocrx_word' id='word_1_38' title='bbox 742 526 844 558; x_wconf 87' lang='lat' dir='ltr'>forma</span> <span class='ocrx_word' id='word_1_39' title='bbox 857 525 985 558; x_wconf 80' lang='lat' dir='ltr'>creandi</span> 
     </span>
     <span class='ocr_line' id='line_1_13' title="bbox 245 577 986 622; baseline -0.001 -11"><span class='ocrx_word' id='word_1_40' title='bbox 245 590 359 612; x_wconf 90' lang='lat' dir='ltr'>census</span> <span class='ocrx_word' id='word_1_41' title='bbox 379 580 417 612; x_wconf 93' lang='lat' dir='ltr'>de</span> <span class='ocrx_word' id='word_1_42' title='bbox 439 589 548 612; x_wconf 88' lang='lat' dir='ltr'>meuse</span> <span class='ocrx_word' id='word_1_43' title='bbox 570 579 705 612; x_wconf 86' lang='lat' dir='ltr'>ianuarii</span> <span class='ocrx_word' id='word_1_44' title='bbox 725 590 856 615; x_wconf 67' lang='lat' dir='ltr'>MDXle,</span> <span class='ocrx_word' id='word_1_45' title='bbox 881 577 986 622; x_wconf 85' lang='lat' dir='ltr'>ponti-</span> 
     </span>
     <span class='ocr_line' id='line_1_14' title="bbox 246 632 987 670; baseline -0.001 -5"><span class='ocrx_word' id='word_1_46' title='bbox 246 633 357 666; x_wconf 83' lang='lat' dir='ltr'>ficatus</span> <span class='ocrx_word' id='word_1_47' title='bbox 377 633 425 665; x_wconf 87' lang='lat' dir='ltr'>sui</span> <span class='ocrx_word' id='word_1_48' title='bbox 446 643 530 665; x_wconf 87' lang='lat' dir='ltr'>anno</span> <span class='ocrx_word' id='word_1_49' title='bbox 552 643 593 670; x_wconf 81' lang='lat' dir='ltr'>1v,</span> <span class='ocrx_word' id='word_1_50' title='bbox 607 633 691 666; x_wconf 90' lang='lat' dir='ltr'>edita</span> <span class='ocrx_word' id='word_1_51' title='bbox 713 638 743 665; x_wconf 90' lang='lat' dir='ltr'>et</span> <span class='ocrx_word' id='word_1_52' title='bbox 764 633 794 664; x_wconf 92' lang='lat' dir='ltr'>in</span> <span class='ocrx_word' id='word_1_53' title='bbox 808 633 892 664; x_wconf 91' lang='lat' dir='ltr'>alma</span> <span class='ocrx_word' id='word_1_54' title='bbox 904 632 987 665; x_wconf 79' lang='lat' dir='ltr'>Urbe</span> 
     </span>
     <span class='ocr_line' id='line_1_15' title="bbox 246 686 989 729; baseline -0.003 -10"><span class='ocrx_word' id='word_1_55' title='bbox 246 686 455 729; x_wconf 89' lang='lat' dir='ltr'>publicata‚in</span> <span class='ocrx_word' id='word_1_56' title='bbox 468 696 567 728; x_wconf 76' lang='lat' dir='ltr'>regno</span> <span class='ocrx_word' id='word_1_57' title='bbox 579 686 737 719; x_wconf 74' lang='lat' dir='ltr'>Navarrae</span> <span class='ocrx_word' id='word_1_58' title='bbox 751 686 922 729; x_wconf 75' lang='lat' dir='ltr'>perplures</span> <span class='ocrx_word' id='word_1_59' title='bbox 934 696 989 717; x_wconf 90' lang='lat' dir='ltr'>au-</span> 
     </span>
     <span class='ocr_line' id='line_1_16' title="bbox 247 739 989 783; baseline -0.003 -10"><span class='ocrx_word' id='word_1_60' title='bbox 247 750 305 773; x_wconf 91' lang='lat' dir='ltr'>nos</span> <span class='ocrx_word' id='word_1_61' title='bbox 325 751 384 773; x_wconf 95' lang='grc'><strong>11311</strong></span> <span class='ocrx_word' id='word_1_62' title='bbox 405 746 533 783; x_wconf 87' lang='lat' dir='ltr'>recepta</span> <span class='ocrx_word' id='word_1_63' title='bbox 553 750 618 772; x_wconf 88' lang='grc'><strong>11011</strong></span> <span class='ocrx_word' id='word_1_64' title='bbox 639 739 763 779; x_wconf 84' lang='lat' dir='ltr'>suissct;</span> <span class='ocrx_word' id='word_1_65' title='bbox 780 739 989 772; x_wconf 72' lang='lat' dir='ltr'>nihilominus</span> 
     </span>
     <span class='ocr_line' id='line_1_17' title="bbox 247 793 986 838; baseline -0.001 -12"><span class='ocrx_word' id='word_1_66' title='bbox 247 793 305 837; x_wconf 92' lang='lat' dir='ltr'>ipsi</span> <span class='ocrx_word' id='word_1_67' title='bbox 326 794 531 838; x_wconf 88' lang='lat' dir='ltr'>postmodum</span> <span class='ocrx_word' id='word_1_68' title='bbox 553 793 584 826; x_wconf 94' lang='lat' dir='ltr'>in</span> <span class='ocrx_word' id='word_1_69' title='bbox 605 793 808 836; x_wconf 75' lang='lat' dir='ltr'>generalibus</span> <span class='ocrx_word' id='word_1_70' title='bbox 834 793 986 830; x_wconf 84' lang='lat' dir='ltr'>comitiis,</span> 
     </span>
     <span class='ocr_line' id='line_1_18' title="bbox 247 847 991 891; baseline -0.001 -11"><span class='ocrx_word' id='word_1_71' title='bbox 247 848 286 880; x_wconf 89' lang='lat' dir='ltr'>de</span> <span class='ocrx_word' id='word_1_72' title='bbox 306 858 389 880; x_wconf 90' lang='grc'><strong>1111110</strong></span> <span class='ocrx_word' id='word_1_73' title='bbox 410 847 535 880; x_wconf 85' lang='lat' dir='ltr'>Domini</span> <span class='ocrx_word' id='word_1_74' title='bbox 556 857 700 887; x_wconf 75' lang='lat' dir='ltr'>MDLxxx,</span> <span class='ocrx_word' id='word_1_75' title='bbox 724 858 821 891; x_wconf 85' lang='lat' dir='ltr'>super</span> <span class='ocrx_word' id='word_1_76' title='bbox 839 847 935 880; x_wconf 90' lang='lat' dir='ltr'>rebus</span> <span class='ocrx_word' id='word_1_77' title='bbox 961 852 991 879; x_wconf 84' lang='lat' dir='ltr'>et</span> 
     </span>
    </p>
   </div>
   <div class='ocr_carea' id='block_1_6' title="bbox 1000 364 1010 954">
    <p class='ocr_par' dir='ltr' id='par_1_6' title="bbox 1000 364 1010 954">
     <span class='ocr_line' id='line_1_19' title="bbox 1000 364 1010 954; baseline 0 0"><span class='ocrx_word' id='word_1_78' title='bbox 1000 364 1010 954; x_wconf 95' lang='lat' dir='ltr'> </span> 
     </span>
    </p>
   </div>
   <div class='ocr_carea' id='block_1_7' title="bbox 245 901 994 1752">
    <p class='ocr_par' dir='ltr' id='par_1_7' title="bbox 245 901 993 1322">
     <span class='ocr_line' id='line_1_20' title="bbox 246 901 991 944; baseline -0.001 -10"><span class='ocrx_word' id='word_1_79' title='bbox 246 901 383 944; x_wconf 79' lang='lat' dir='ltr'>negotiis</span> <span class='ocrx_word' id='word_1_80' title='bbox 404 901 672 935; x_wconf 81' lang='lat' dir='ltr'>concernentibus</span> <span class='ocrx_word' id='word_1_81' title='bbox 686 912 857 935; x_wconf 85' lang='lat' dir='ltr'>commune</span> <span class='ocrx_word' id='word_1_82' title='bbox 875 901 991 944; x_wconf 69' lang='lat' dir='ltr'>guber-</span> 
     </span>
     <span class='ocr_line' id='line_1_21' title="bbox 246 954 991 998; baseline -0.001 -10"><span class='ocrx_word' id='word_1_83' title='bbox 246 955 335 988; x_wconf 91' lang='lat' dir='ltr'>nium</span> <span class='ocrx_word' id='word_1_84' title='bbox 349 955 438 988; x_wconf 90' lang='lat' dir='ltr'>istius</span> <span class='ocrx_word' id='word_1_85' title='bbox 454 955 545 998; x_wconf 77' lang='lat' dir='ltr'>regni</span> <span class='ocrx_word' id='word_1_86' title='bbox 564 955 658 988; x_wconf 84' lang='lat' dir='ltr'>tentis</span> <span class='ocrx_word' id='word_1_87' title='bbox 676 955 820 988; x_wconf 89' lang='lat' dir='ltr'>eiusdem</span> <span class='ocrx_word' id='word_1_88' title='bbox 836 954 881 988; x_wconf 87' lang='lat' dir='ltr'>Pii</span> <span class='ocrx_word' id='word_1_89' title='bbox 895 955 952 987; x_wconf 78' lang='lat' dir='ltr'>Pr.</span> <span class='ocrx_word' id='word_1_90' title='bbox 968 955 991 987; x_wconf 82' lang='lat' dir='ltr'>V</span> 
     </span>
     <span class='ocr_line' id='line_1_22' title="bbox 245 1008 990 1052; baseline -0.003 -10"><span class='ocrx_word' id='word_1_91' title='bbox 245 1009 499 1052; x_wconf 84' lang='lat' dir='ltr'>praedecessoris</span> <span class='ocrx_word' id='word_1_92' title='bbox 511 1008 770 1042; x_wconf 87' lang='lat' dir='ltr'>constitutionem</span> <span class='ocrx_word' id='word_1_93' title='bbox 782 1008 990 1052; x_wconf 80' lang='lat' dir='ltr'>praedictam,</span> 
     </span>
     <span class='ocr_line' id='line_1_23' title="bbox 246 1062 988 1096; baseline 0 -1"><span class='ocrx_word' id='word_1_94' title='bbox 246 1068 277 1096; x_wconf 85' lang='lat' dir='ltr'>et</span> <span class='ocrx_word' id='word_1_95' title='bbox 306 1063 390 1096; x_wconf 90' lang='lat' dir='ltr'>illius</span> <span class='ocrx_word' id='word_1_96' title='bbox 427 1063 459 1095; x_wconf 92' lang='lat' dir='ltr'>in</span> <span class='ocrx_word' id='word_1_97' title='bbox 492 1062 641 1096; x_wconf 89' lang='lat' dir='ltr'>omnibus</span> <span class='ocrx_word' id='word_1_98' title='bbox 670 1062 903 1096; x_wconf 78' lang='lat' dir='ltr'>observantiam</span> <span class='ocrx_word' id='word_1_99' title='bbox 935 1073 988 1095; x_wconf 92' lang='lat' dir='ltr'>so-</span> 
     </span>
     <span class='ocr_line' id='line_1_24' title="bbox 247 1116 990 1160; baseline -0.001 -11"><span class='ocrx_word' id='word_1_100' title='bbox 247 1116 395 1150; x_wconf 86' lang='lat' dir='ltr'>lemniter</span> <span class='ocrx_word' id='word_1_101' title='bbox 415 1117 446 1149; x_wconf 92' lang='lat' dir='ltr'>in</span> <span class='ocrx_word' id='word_1_102' title='bbox 468 1116 552 1150; x_wconf 89' lang='lat' dir='ltr'>dicto</span> <span class='ocrx_word' id='word_1_103' title='bbox 572 1126 683 1159; x_wconf 81' lang='lat' dir='ltr'>regno,</span> <span class='ocrx_word' id='word_1_104' title='bbox 707 1117 814 1160; x_wconf 87' lang='lat' dir='ltr'>quoad</span> <span class='ocrx_word' id='word_1_105' title='bbox 834 1126 946 1149; x_wconf 90' lang='lat' dir='ltr'>omnes</span> <span class='ocrx_word' id='word_1_106' title='bbox 963 1122 990 1148; x_wconf 93' lang='lat' dir='ltr'>et</span> 
     </span>
     <span class='ocr_line' id='line_1_25' title="bbox 246 1169 993 1214; baseline -0.001 -11"><span class='ocrx_word' id='word_1_107' title='bbox 246 1170 387 1213; x_wconf 79' lang='lat' dir='ltr'>singulas</span> <span class='ocrx_word' id='word_1_108' title='bbox 411 1170 495 1203; x_wconf 89' lang='lat' dir='ltr'>illius</span> <span class='ocrx_word' id='word_1_109' title='bbox 522 1181 693 1214; x_wconf 81' lang='lat' dir='ltr'>personas,</span> <span class='ocrx_word' id='word_1_110' title='bbox 724 1170 772 1203; x_wconf 88' lang='lat' dir='ltr'>vel</span> <span class='ocrx_word' id='word_1_111' title='bbox 793 1169 825 1202; x_wconf 91' lang='lat' dir='ltr'>in</span> <span class='ocrx_word' id='word_1_112' title='bbox 848 1180 886 1202; x_wconf 88' lang='lat' dir='ltr'>eo</span> <span class='ocrx_word' id='word_1_113' title='bbox 913 1180 993 1213; x_wconf 87' lang='lat' dir='ltr'>quo-</span> 
     </span>
     <span class='ocr_line' id='line_1_26' title="bbox 248 1223 992 1263; baseline 0 -8"><span class='ocrx_word' id='word_1_114' title='bbox 248 1224 424 1257; x_wconf 81' lang='lat' dir='ltr'>modolibet</span> <span class='ocrx_word' id='word_1_115' title='bbox 451 1233 576 1256; x_wconf 85' lang='lat' dir='ltr'>moram</span> <span class='ocrx_word' id='word_1_116' title='bbox 607 1223 790 1263; x_wconf 86' lang='lat' dir='ltr'>trahentes,</span> <span class='ocrx_word' id='word_1_117' title='bbox 815 1234 875 1256; x_wconf 86' lang='grc'><strong>11311</strong></span> <span class='ocrx_word' id='word_1_118' title='bbox 904 1223 992 1256; x_wconf 88' lang='grc'><strong>1113111</strong></span> 
     </span>
     <span class='ocr_line' id='line_1_27' title="bbox 247 1284 448 1322; baseline -0.005 -11"><span class='ocrx_word' id='word_1_119' title='bbox 247 1284 448 1322; x_wconf 89' lang='lat' dir='ltr'>receperunt.</span> 
     </span>
    </p>

    <p class='ocr_par' dir='ltr' id='par_1_8' title="bbox 249 1330 994 1752">
     <span class='ocr_line' id='line_1_28' title="bbox 293 1330 992 1375; baseline 0 -12"><span class='ocrx_word' id='word_1_120' title='bbox 293 1331 308 1375; x_wconf 56' lang='grc' dir='ltr'>ᾖ</span> <span class='ocrx_word' id='word_1_121' title='bbox 328 1330 358 1363; x_wconf 64' lang='grc' dir='ltr'>Ξ.</span> <span class='ocrx_word' id='word_1_122' title='bbox 379 1331 441 1365; x_wconf 87' lang='lat' dir='ltr'>Sed</span> <span class='ocrx_word' id='word_1_123' title='bbox 461 1342 534 1364; x_wconf 90' lang='lat' dir='ltr'>cum</span> <span class='ocrx_word' id='word_1_124' title='bbox 554 1331 762 1375; x_wconf 89' lang='lat' dir='ltr'>postmodum</span> <span class='ocrx_word' id='word_1_125' title='bbox 783 1331 866 1364; x_wconf 88' lang='lat' dir='ltr'>inter</span> <span class='ocrx_word' id='word_1_126' title='bbox 889 1331 992 1364; x_wconf 78' lang='lat' dir='ltr'>varios</span> 
     </span>
     <span class='ocr_line' id='line_1_29' title="bbox 249 1385 992 1429; baseline -0.001 -10"><span class='ocrx_word' id='word_1_127' title='bbox 249 1396 286 1419; x_wconf 86' lang='lat' dir='ltr'>ex</span> <span class='ocrx_word' id='word_1_128' title='bbox 305 1385 538 1419; x_wconf 87' lang='lat' dir='ltr'>habitatoribus</span> <span class='ocrx_word' id='word_1_129' title='bbox 559 1385 633 1418; x_wconf 89' lang='lat' dir='ltr'>dieti</span> <span class='ocrx_word' id='word_1_130' title='bbox 653 1385 743 1428; x_wconf 78' lang='lat' dir='ltr'>regni</span> <span class='ocrx_word' id='word_1_131' title='bbox 765 1396 861 1429; x_wconf 89' lang='lat' dir='ltr'>super</span> <span class='ocrx_word' id='word_1_132' title='bbox 880 1385 992 1418; x_wconf 77' lang='lat' dir='ltr'>invali-</span> 
     </span>
     <span class='ocr_line' id='line_1_30' title="bbox 250 1438 989 1483; baseline -0.003 -10"><span class='ocrx_word' id='word_1_133' title='bbox 250 1440 346 1473; x_wconf 89' lang='lat' dir='ltr'>ditate</span> <span class='ocrx_word' id='word_1_134' title='bbox 371 1444 605 1479; x_wconf 80' lang='lat' dir='ltr'>contractuum,</span> <span class='ocrx_word' id='word_1_135' title='bbox 630 1438 884 1483; x_wconf 83' lang='lat' dir='ltr'>impositionum,</span> <span class='ocrx_word' id='word_1_136' title='bbox 912 1450 989 1472; x_wconf 87' lang='lat' dir='ltr'>cen-</span> 
     </span>
     <span class='ocr_line' id='line_1_31' title="bbox 249 1492 994 1537; baseline -0.003 -10"><span class='ocrx_word' id='word_1_137' title='bbox 249 1504 342 1527; x_wconf 86' lang='lat' dir='ltr'>suum</span> <span class='ocrx_word' id='word_1_138' title='bbox 363 1495 398 1537; x_wconf 84' lang='lat' dir='ltr'>(a</span> <span class='ocrx_word' id='word_1_139' title='bbox 411 1493 461 1526; x_wconf 88' lang='lat' dir='ltr'>die</span> <span class='ocrx_word' id='word_1_140' title='bbox 474 1492 700 1537; x_wconf 78' lang='lat' dir='ltr'>publicationis</span> <span class='ocrx_word' id='word_1_141' title='bbox 720 1492 822 1525; x_wconf 84' lang='lat' dir='ltr'>dictae</span> <span class='ocrx_word' id='word_1_142' title='bbox 843 1492 994 1525; x_wconf 88' lang='lat' dir='ltr'>constitu-</span> 
     </span>
     <span class='ocr_line' id='line_1_32' title="bbox 251 1547 993 1591; baseline -0.001 -10"><span class='ocrx_word' id='word_1_143' title='bbox 251 1548 344 1581; x_wconf 90' lang='lat' dir='ltr'>tionis</span> <span class='ocrx_word' id='word_1_144' title='bbox 380 1547 412 1580; x_wconf 90' lang='lat' dir='ltr'>in</span> <span class='ocrx_word' id='word_1_145' title='bbox 439 1548 523 1580; x_wconf 89' lang='lat' dir='ltr'>alma</span> <span class='ocrx_word' id='word_1_146' title='bbox 553 1547 654 1584; x_wconf 62' lang='lat' dir='ltr'>Urbe,</span> <span class='ocrx_word' id='word_1_147' title='bbox 688 1552 721 1580; x_wconf 92' lang='lat' dir='ltr'>ut</span> <span class='ocrx_word' id='word_1_148' title='bbox 751 1558 847 1591; x_wconf 88' lang='lat' dir='ltr'>supra</span> <span class='ocrx_word' id='word_1_149' title='bbox 876 1547 993 1589; x_wconf 75' lang='lat' dir='ltr'>sactae)</span> 
     </span>
     <span class='ocr_line' id='line_1_33' title="bbox 249 1601 993 1646; baseline -0.003 -11"><span class='ocrx_word' id='word_1_150' title='bbox 249 1602 538 1646; x_wconf 81' lang='lat' dir='ltr'>infrascriptorum,</span> <span class='ocrx_word' id='word_1_151' title='bbox 563 1607 593 1634; x_wconf 84' lang='lat' dir='ltr'>et</span> <span class='ocrx_word' id='word_1_152' title='bbox 613 1612 708 1645; x_wconf 88' lang='lat' dir='ltr'>super</span> <span class='ocrx_word' id='word_1_153' title='bbox 733 1601 801 1634; x_wconf 85' lang='lat' dir='ltr'>aliis</span> <span class='ocrx_word' id='word_1_154' title='bbox 832 1601 927 1634; x_wconf 82' lang='lat' dir='ltr'>rebus</span> <span class='ocrx_word' id='word_1_155' title='bbox 962 1601 993 1633; x_wconf 92' lang='lat' dir='ltr'>in</span> 
     </span>
     <span class='ocr_line' id='line_1_34' title="bbox 250 1654 994 1696; baseline -0.003 -8"><span class='ocrx_word' id='word_1_156' title='bbox 250 1655 342 1688; x_wconf 85' lang='lat' dir='ltr'>dictis</span> <span class='ocrx_word' id='word_1_157' title='bbox 361 1654 576 1688; x_wconf 86' lang='lat' dir='ltr'>contractibus</span> <span class='ocrx_word' id='word_1_158' title='bbox 590 1654 747 1687; x_wconf 82' lang='lat' dir='ltr'>contentis</span> <span class='ocrx_word' id='word_1_159' title='bbox 762 1654 994 1696; x_wconf 70' lang='lat' dir='ltr'>diversalitigia</span> 
     </span>
     <span class='ocr_line' id='line_1_35' title="bbox 251 1708 994 1752; baseline -0.003 -10"><span class='ocrx_word' id='word_1_160' title='bbox 251 1709 448 1743; x_wconf 88' lang='lat' dir='ltr'>contentiosa</span> <span class='ocrx_word' id='word_1_161' title='bbox 468 1708 594 1752; x_wconf 84' lang='lat' dir='ltr'>aliaque</span> <span class='ocrx_word' id='word_1_162' title='bbox 615 1708 800 1751; x_wconf 71' lang='lat' dir='ltr'>gravissima</span> <span class='ocrx_word' id='word_1_163' title='bbox 822 1708 994 1741; x_wconf 80' lang='lat' dir='ltr'>inconven-</span> 
     </span>
    </p>
   </div>
   <div class='ocr_carea' id='block_1_8' title="bbox 252 1762 1011 1805">
    <p class='ocr_par' dir='ltr' id='par_1_9' title="bbox 252 1762 1011 1805">
     <span class='ocr_line' id='line_1_36' title="bbox 252 1762 1011 1805; baseline -0.003 -9"><span class='ocrx_word' id='word_1_164' title='bbox 252 1763 293 1796; x_wconf 87' lang='lat' dir='ltr'>tia</span> <span class='ocrx_word' id='word_1_165' title='bbox 312 1763 344 1796; x_wconf 91' lang='lat' dir='ltr'>in</span> <span class='ocrx_word' id='word_1_166' title='bbox 366 1763 569 1796; x_wconf 85' lang='lat' dir='ltr'>manifestum</span> <span class='ocrx_word' id='word_1_167' title='bbox 597 1763 751 1795; x_wconf 90' lang='lat' dir='ltr'>damnum</span> <span class='ocrx_word' id='word_1_168' title='bbox 782 1772 905 1799; x_wconf 83' lang='lat' dir='ltr'>eorum,</span> <span class='ocrx_word' id='word_1_169' title='bbox 939 1762 1011 1805; x_wconf 72' lang='lat' dir='ltr'>qui&#39;</span> 
     </span>
    </p>
   </div>
   <div class='ocr_carea' id='block_1_9' title="bbox 249 1816 997 2605">
    <p class='ocr_par' dir='ltr' id='par_1_10' title="bbox 249 1816 994 2235">
     <span class='ocr_line' id='line_1_37' title="bbox 250 1816 989 1861; baseline -0.003 -10"><span class='ocrx_word' id='word_1_170' title='bbox 250 1818 334 1851; x_wconf 88' lang='lat' dir='ltr'>bona</span> <span class='ocrx_word' id='word_1_171' title='bbox 353 1817 416 1851; x_wconf 86' lang='lat' dir='ltr'>fide</span> <span class='ocrx_word' id='word_1_172' title='bbox 437 1818 476 1850; x_wconf 87' lang='lat' dir='ltr'>ad</span> <span class='ocrx_word' id='word_1_173' title='bbox 489 1816 670 1861; x_wconf 88' lang='lat' dir='ltr'>praedictos</span> <span class='ocrx_word' id='word_1_174' title='bbox 691 1822 872 1849; x_wconf 89' lang='lat' dir='ltr'>contractus</span> <span class='ocrx_word' id='word_1_175' title='bbox 893 1817 989 1849; x_wconf 80' lang='lat' dir='ltr'>deve-</span> 
     </span>
     <span class='ocr_line' id='line_1_38' title="bbox 250 1869 992 1913; baseline -0.003 -9"><span class='ocrx_word' id='word_1_176' title='bbox 250 1878 375 1912; x_wconf 88' lang='lat' dir='ltr'>nerunt,</span> <span class='ocrx_word' id='word_1_177' title='bbox 409 1871 540 1904; x_wconf 89' lang='lat' dir='ltr'>suborta</span> <span class='ocrx_word' id='word_1_178' title='bbox 570 1870 701 1908; x_wconf 79' lang='lat' dir='ltr'>suerint,</span> <span class='ocrx_word' id='word_1_179' title='bbox 737 1876 767 1903; x_wconf 87' lang='lat' dir='ltr'>et</span> <span class='ocrx_word' id='word_1_180' title='bbox 796 1870 854 1903; x_wconf 90' lang='grc'><strong>11131</strong></span> <span class='ocrx_word' id='word_1_181' title='bbox 884 1869 992 1913; x_wconf 90' lang='lat' dir='ltr'>aliquo</span> 
     </span>
     <span class='ocr_line' id='line_1_39' title="bbox 249 1923 989 1969; baseline -0.003 -11"><span class='ocrx_word' id='word_1_182' title='bbox 249 1931 431 1969; x_wconf 89' lang='lat' dir='ltr'>opportuno</span> <span class='ocrx_word' id='word_1_183' title='bbox 452 1924 595 1957; x_wconf 87' lang='lat' dir='ltr'>adhibito</span> <span class='ocrx_word' id='word_1_184' title='bbox 620 1923 764 1957; x_wconf 87' lang='lat' dir='ltr'>remedio</span> <span class='ocrx_word' id='word_1_185' title='bbox 791 1929 989 1963; x_wconf 79' lang='lat' dir='ltr'>occurratur,</span> 
     </span>
     <span class='ocr_line' id='line_1_40' title="bbox 251 1977 991 2022; baseline -0.003 -11"><span class='ocrx_word' id='word_1_186' title='bbox 251 1979 345 2021; x_wconf 79' lang='lat' dir='ltr'>longe</span> <span class='ocrx_word' id='word_1_187' title='bbox 363 1978 509 2022; x_wconf 75' lang='lat' dir='ltr'>graviora</span> <span class='ocrx_word' id='word_1_188' title='bbox 539 1978 571 2011; x_wconf 91' lang='lat' dir='ltr'>in</span> <span class='ocrx_word' id='word_1_189' title='bbox 603 1978 745 2011; x_wconf 78' lang='lat' dir='ltr'>futurum</span> <span class='ocrx_word' id='word_1_190' title='bbox 766 1977 905 2010; x_wconf 88' lang='lat' dir='ltr'>suboriri</span> <span class='ocrx_word' id='word_1_191' title='bbox 926 1977 991 2010; x_wconf 87' lang='lat' dir='ltr'>sor—</span> 
     </span>
     <span class='ocr_line' id='line_1_41' title="bbox 250 2031 993 2075; baseline -0.003 -10"><span class='ocrx_word' id='word_1_192' title='bbox 250 2031 404 2073; x_wconf 85' lang='lat' dir='ltr'>midetur,</span> <span class='ocrx_word' id='word_1_193' title='bbox 427 2031 520 2065; x_wconf 92' lang='lat' dir='ltr'>nobis</span> <span class='ocrx_word' id='word_1_194' title='bbox 541 2031 706 2064; x_wconf 85' lang='lat' dir='ltr'>humiliter</span> <span class='ocrx_word' id='word_1_195' title='bbox 727 2036 897 2075; x_wconf 87' lang='lat' dir='ltr'>propterea</span> <span class='ocrx_word' id='word_1_196' title='bbox 918 2042 993 2074; x_wconf 85' lang='lat' dir='ltr'>sup-</span> 
     </span>
     <span class='ocr_line' id='line_1_42' title="bbox 251 2084 993 2129; baseline -0.003 -11"><span class='ocrx_word' id='word_1_197' title='bbox 251 2084 362 2129; x_wconf 91' lang='lat' dir='ltr'>plicari</span> <span class='ocrx_word' id='word_1_198' title='bbox 382 2085 540 2125; x_wconf 77' lang='lat' dir='ltr'>fecerunt,</span> <span class='ocrx_word' id='word_1_199' title='bbox 564 2090 599 2117; x_wconf 87' lang='lat' dir='ltr'>ut</span> <span class='ocrx_word' id='word_1_200' title='bbox 620 2084 650 2117; x_wconf 89' lang='lat' dir='ltr'>iu</span> <span class='ocrx_word' id='word_1_201' title='bbox 671 2084 853 2128; x_wconf 81' lang='lat' dir='ltr'>praemissis</span> <span class='ocrx_word' id='word_1_202' title='bbox 875 2095 993 2128; x_wconf 89' lang='lat' dir='ltr'>oppor-</span> 
     </span>
     <span class='ocr_line' id='line_1_43' title="bbox 251 2137 994 2183; baseline -0.003 -11"><span class='ocrx_word' id='word_1_203' title='bbox 251 2144 328 2172; x_wconf 83' lang='lat' dir='ltr'>tune</span> <span class='ocrx_word' id='word_1_204' title='bbox 344 2139 512 2183; x_wconf 88' lang='lat' dir='ltr'>providere</span> <span class='ocrx_word' id='word_1_205' title='bbox 533 2138 572 2172; x_wconf 91' lang='lat' dir='ltr'>de</span> <span class='ocrx_word' id='word_1_206' title='bbox 596 2138 793 2181; x_wconf 69' lang='lat' dir='ltr'>benignitate</span> <span class='ocrx_word' id='word_1_207' title='bbox 820 2137 994 2182; x_wconf 82' lang='lat' dir='ltr'>apostolica</span> 
     </span>
     <span class='ocr_line' id='line_1_44' title="bbox 252 2193 469 2235; baseline 0 -10"><span class='ocrx_word' id='word_1_208' title='bbox 252 2193 469 2235; x_wconf 78' lang='lat' dir='ltr'>dignaremur.</span> 
     </span>
    </p>

    <p class='ocr_par' dir='ltr' id='par_1_11' title="bbox 253 2246 997 2605">
     <span class='ocr_line' id='line_1_45' title="bbox 297 2246 994 2291; baseline -0.003 -11"><span class='ocrx_word' id='word_1_209' title='bbox 297 2247 312 2291; x_wconf 60' lang='grc' dir='ltr'><strong>ἓ</strong></span> <span class='ocrx_word' id='word_1_210' title='bbox 332 2246 362 2279; x_wconf 82' lang='grc'>3.</span> <span class='ocrx_word' id='word_1_211' title='bbox 386 2247 448 2280; x_wconf 86' lang='lat' dir='ltr'>Nos</span> <span class='ocrx_word' id='word_1_212' title='bbox 468 2246 575 2289; x_wconf 77' lang='lat' dir='ltr'>igitur,</span> <span class='ocrx_word' id='word_1_213' title='bbox 599 2246 652 2290; x_wconf 90' lang='lat' dir='ltr'>qui</span> <span class='ocrx_word' id='word_1_214' title='bbox 674 2257 732 2290; x_wconf 89' lang='lat' dir='ltr'>pro</span> <span class='ocrx_word' id='word_1_215' title='bbox 753 2246 895 2279; x_wconf 91' lang='lat' dir='ltr'>muneris</span> <span class='ocrx_word' id='word_1_216' title='bbox 924 2246 994 2279; x_wconf 83' lang='lat' dir='ltr'>ossi-</span> 
     </span>
     <span class='ocr_line' id='line_1_46' title="bbox 253 2299 996 2343; baseline -0.001 -11"><span class='ocrx_word' id='word_1_217' title='bbox 253 2299 294 2332; x_wconf 91' lang='lat' dir='ltr'>cii</span> <span class='ocrx_word' id='word_1_218' title='bbox 313 2310 348 2332; x_wconf 80' lang='lat' dir='ltr'>ex</span> <span class='ocrx_word' id='word_1_219' title='bbox 374 2300 437 2333; x_wconf 89' lang='lat' dir='ltr'>alto</span> <span class='ocrx_word' id='word_1_220' title='bbox 462 2300 554 2333; x_wconf 89' lang='lat' dir='ltr'>nobis</span> <span class='ocrx_word' id='word_1_221' title='bbox 575 2299 736 2333; x_wconf 79' lang='lat' dir='ltr'>commissi</span> <span class='ocrx_word' id='word_1_222' title='bbox 766 2299 872 2332; x_wconf 89' lang='lat' dir='ltr'>debito</span> <span class='ocrx_word' id='word_1_223' title='bbox 902 2310 996 2343; x_wconf 87' lang='lat' dir='ltr'>quas-</span> 
     </span>
     <span class='ocr_line' id='line_1_47' title="bbox 254 2353 995 2397; baseline -0.001 -11"><span class='ocrx_word' id='word_1_224' title='bbox 254 2364 391 2397; x_wconf 85' lang='lat' dir='ltr'>cumque</span> <span class='ocrx_word' id='word_1_225' title='bbox 411 2353 618 2387; x_wconf 89' lang='lat' dir='ltr'>dissentiendi</span> <span class='ocrx_word' id='word_1_226' title='bbox 640 2353 824 2386; x_wconf 82' lang='lat' dir='ltr'>occasiones</span> <span class='ocrx_word' id='word_1_227' title='bbox 851 2364 868 2386; x_wconf 88' lang='grc'>0</span> <span class='ocrx_word' id='word_1_228' title='bbox 888 2353 995 2386; x_wconf 84' lang='grc'><strong>11101110</strong></span> 
     </span>
     <span class='ocr_line' id='line_1_48' title="bbox 255 2406 996 2451; baseline -0.001 -11"><span class='ocrx_word' id='word_1_229' title='bbox 255 2406 376 2447; x_wconf 89' lang='lat' dir='ltr'>tollere,</span> <span class='ocrx_word' id='word_1_230' title='bbox 394 2418 430 2440; x_wconf 85' lang='lat' dir='ltr'>ac</span> <span class='ocrx_word' id='word_1_231' title='bbox 437 2407 634 2449; x_wconf 81' lang='lat' dir='ltr'>singularum</span> <span class='ocrx_word' id='word_1_232' title='bbox 646 2406 888 2451; x_wconf 82' lang='lat' dir='ltr'>particularium</span> <span class='ocrx_word' id='word_1_233' title='bbox 902 2406 996 2439; x_wconf 88' lang='lat' dir='ltr'>unius</span> 
     </span>
     <span class='ocr_line' id='line_1_49' title="bbox 255 2460 992 2504; baseline -0.001 -11"><span class='ocrx_word' id='word_1_234' title='bbox 255 2460 368 2503; x_wconf 78' lang='lat' dir='ltr'>integri</span> <span class='ocrx_word' id='word_1_235' title='bbox 389 2461 478 2503; x_wconf 75' lang='lat' dir='ltr'>regni</span> <span class='ocrx_word' id='word_1_236' title='bbox 491 2471 702 2504; x_wconf 89' lang='lat' dir='ltr'>personarum</span> <span class='ocrx_word' id='word_1_237' title='bbox 714 2460 869 2504; x_wconf 86' lang='lat' dir='ltr'>spirituali</span> <span class='ocrx_word' id='word_1_238' title='bbox 883 2460 992 2503; x_wconf 83' lang='lat' dir='ltr'>quieti,</span> 
     </span>
     <span class='ocr_line' id='line_1_50' title="bbox 255 2513 996 2558; baseline -0.004 -10"><span class='ocrx_word' id='word_1_239' title='bbox 255 2515 361 2558; x_wconf 92' lang='lat' dir='ltr'>quoad</span> <span class='ocrx_word' id='word_1_240' title='bbox 378 2514 410 2547; x_wconf 94' lang='lat' dir='ltr'>in</span> <span class='ocrx_word' id='word_1_241' title='bbox 423 2514 558 2548; x_wconf 90' lang='lat' dir='ltr'>Domino</span> <span class='ocrx_word' id='word_1_242' title='bbox 572 2524 752 2558; x_wconf 90' lang='lat' dir='ltr'>possumus,</span> <span class='ocrx_word' id='word_1_243' title='bbox 776 2513 932 2557; x_wconf 83' lang='lat' dir='ltr'>paternali</span> <span class='ocrx_word' id='word_1_244' title='bbox 950 2514 996 2546; x_wconf 82' lang='lat' dir='ltr'>at-</span> 
     </span>
     <span class='ocr_line' id='line_1_51' title="bbox 256 2567 997 2605; baseline -0.004 -4"><span class='ocrx_word' id='word_1_245' title='bbox 256 2569 339 2602; x_wconf 83' lang='lat' dir='ltr'>fectu</span> <span class='ocrx_word' id='word_1_246' title='bbox 359 2568 526 2601; x_wconf 88' lang='lat' dir='ltr'>consulere</span> <span class='ocrx_word' id='word_1_247' title='bbox 546 2573 704 2605; x_wconf 84' lang='lat' dir='ltr'>tenemur,</span> <span class='ocrx_word' id='word_1_248' title='bbox 728 2577 840 2600; x_wconf 87' lang='grc'><strong>01111103</strong></span> <span class='ocrx_word' id='word_1_249' title='bbox 870 2567 940 2599; x_wconf 85' lang='grc'><strong>11103</strong></span> <span class='ocrx_word' id='word_1_250' title='bbox 966 2572 997 2599; x_wconf 86' lang='lat' dir='ltr'>et.</span> 
     </span>
    </p>
   </div>
   <div class='ocr_carea' id='block_1_10' title="bbox 1018 362 1761 461">
    <p class='ocr_par' dir='ltr' id='par_1_12' title="bbox 1018 362 1761 461">
     <span class='ocr_line' id='line_1_52' title="bbox 1018 362 1759 407; baseline -0.004 -10"><span class='ocrx_word' id='word_1_251' title='bbox 1018 363 1369 403; x_wconf 84' lang='lat' dir='ltr'>excommunicationis,</span> <span class='ocrx_word' id='word_1_252' title='bbox 1384 362 1604 407; x_wconf 78' lang='lat' dir='ltr'>suspensionis</span> <span class='ocrx_word' id='word_1_253' title='bbox 1617 368 1647 395; x_wconf 90' lang='lat' dir='ltr'>et</span> <span class='ocrx_word' id='word_1_254' title='bbox 1661 362 1759 395; x_wconf 87' lang='lat' dir='ltr'>inter-</span> 
     </span>
     <span class='ocr_line' id='line_1_53' title="bbox 1019 416 1761 461; baseline -0.004 -10"><span class='ocrx_word' id='word_1_255' title='bbox 1019 418 1105 458; x_wconf 80' lang='lat' dir='ltr'>dicti,</span> <span class='ocrx_word' id='word_1_256' title='bbox 1120 417 1252 461; x_wconf 82' lang='lat' dir='ltr'>aliisque</span> <span class='ocrx_word' id='word_1_257' title='bbox 1263 416 1483 451; x_wconf 80' lang='lat' dir='ltr'>ecclesiasticis</span> <span class='ocrx_word' id='word_1_258' title='bbox 1497 416 1671 455; x_wconf 81' lang='lat' dir='ltr'>sententiis,</span> <span class='ocrx_word' id='word_1_259' title='bbox 1687 426 1761 449; x_wconf 86' lang='grc'><strong>0011-</strong></span> 
     </span>
    </p>
   </div>
   <div class='ocr_carea' id='block_1_11' title="bbox 1001 462 1757 514">
    <p class='ocr_par' dir='ltr' id='par_1_13' title="bbox 1001 462 1757 514">
     <span class='ocr_line' id='line_1_54' title="bbox 1001 462 1757 514; baseline -0.004 -10"><span class='ocrx_word' id='word_1_260' title='bbox 1001 462 1100 504; x_wconf 57' lang='grc' dir='ltr'>ἲ311113</span> <span class='ocrx_word' id='word_1_261' title='bbox 1131 477 1161 504; x_wconf 88' lang='lat' dir='ltr'>ct</span> <span class='ocrx_word' id='word_1_262' title='bbox 1182 471 1293 514; x_wconf 86' lang='lat' dir='ltr'>poenis</span> <span class='ocrx_word' id='word_1_263' title='bbox 1323 481 1340 503; x_wconf 91' lang='lat' dir='ltr'>a</span> <span class='ocrx_word' id='word_1_264' title='bbox 1371 469 1439 502; x_wconf 89' lang='lat' dir='ltr'>iure</span> <span class='ocrx_word' id='word_1_265' title='bbox 1467 470 1514 502; x_wconf 70' lang='lat' dir='ltr'>vel</span> <span class='ocrx_word' id='word_1_266' title='bbox 1545 469 1584 501; x_wconf 87' lang='lat' dir='ltr'>ab</span> <span class='ocrx_word' id='word_1_267' title='bbox 1615 469 1757 509; x_wconf 90' lang='lat' dir='ltr'>bomine,</span> 
     </span>
    </p>
   </div>
   <div class='ocr_carea' id='block_1_12' title="bbox 1021 523 1773 2009">
    <p class='ocr_par' dir='ltr' id='par_1_14' title="bbox 1021 523 1773 2009">
     <span class='ocr_line' id='line_1_55' title="bbox 1021 523 1763 569; baseline -0.005 -11"><span class='ocrx_word' id='word_1_268' title='bbox 1021 525 1130 569; x_wconf 81' lang='lat' dir='ltr'>quavis</span> <span class='ocrx_word' id='word_1_269' title='bbox 1150 525 1318 558; x_wconf 80' lang='lat' dir='ltr'>occasione</span> <span class='ocrx_word' id='word_1_270' title='bbox 1338 525 1386 557; x_wconf 78' lang='lat' dir='ltr'>vel</span> <span class='ocrx_word' id='word_1_271' title='bbox 1401 523 1587 560; x_wconf 75' lang='lat' dir='ltr'>causalatis,</span> <span class='ocrx_word' id='word_1_272' title='bbox 1609 524 1633 555; x_wconf 90' lang='lat' dir='ltr'>si</span> <span class='ocrx_word' id='word_1_273' title='bbox 1648 524 1763 567; x_wconf 79' lang='lat' dir='ltr'>quibus</span> 
     </span>
     <span class='ocr_line' id='line_1_56' title="bbox 1022 577 1763 622; baseline -0.003 -11"><span class='ocrx_word' id='word_1_274' title='bbox 1022 579 1266 622; x_wconf 84' lang='lat' dir='ltr'>quomodolibet</span> <span class='ocrx_word' id='word_1_275' title='bbox 1286 578 1457 611; x_wconf 86' lang='lat' dir='ltr'>innodatae</span> <span class='ocrx_word' id='word_1_276' title='bbox 1478 577 1624 617; x_wconf 83' lang='lat' dir='ltr'>existunt,</span> <span class='ocrx_word' id='word_1_277' title='bbox 1649 577 1688 609; x_wconf 91' lang='lat' dir='ltr'>ad</span> <span class='ocrx_word' id='word_1_278' title='bbox 1721 577 1763 609; x_wconf 89' lang='lat' dir='ltr'>cs-</span> 
     </span>
     <span class='ocr_line' id='line_1_57' title="bbox 1024 632 1765 676; baseline -0.003 -11"><span class='ocrx_word' id='word_1_279' title='bbox 1024 633 1139 665; x_wconf 69' lang='grc'><strong>10011111]</strong></span> <span class='ocrx_word' id='word_1_280' title='bbox 1160 632 1376 676; x_wconf 87' lang='lat' dir='ltr'>praesentium</span> <span class='ocrx_word' id='word_1_281' title='bbox 1391 633 1554 665; x_wconf 83' lang='lat' dir='ltr'>dumtaxat</span> <span class='ocrx_word' id='word_1_282' title='bbox 1567 641 1765 675; x_wconf 86' lang='lat' dir='ltr'>consequen-</span> 
     </span>
     <span class='ocr_line' id='line_1_58' title="bbox 1023 685 1765 724; baseline -0.001 -6"><span class='ocrx_word' id='word_1_283' title='bbox 1023 687 1111 724; x_wconf 89' lang='lat' dir='ltr'>dum,</span> <span class='ocrx_word' id='word_1_284' title='bbox 1127 687 1241 719; x_wconf 88' lang='lat' dir='ltr'>barum</span> <span class='ocrx_word' id='word_1_285' title='bbox 1256 687 1336 719; x_wconf 85' lang='lat' dir='ltr'>serie</span> <span class='ocrx_word' id='word_1_286' title='bbox 1350 687 1549 719; x_wconf 73' lang='lat' dir='ltr'>absolventes</span> <span class='ocrx_word' id='word_1_287' title='bbox 1563 692 1591 719; x_wconf 90' lang='lat' dir='ltr'>et</span> <span class='ocrx_word' id='word_1_288' title='bbox 1604 685 1765 719; x_wconf 84' lang='lat' dir='ltr'>absolutas</span> 
     </span>
     <span class='ocr_line' id='line_1_59' title="bbox 1024 739 1765 783; baseline -0.003 -10"><span class='ocrx_word' id='word_1_289' title='bbox 1024 740 1090 773; x_wconf 87' lang='lat' dir='ltr'>sore</span> <span class='ocrx_word' id='word_1_290' title='bbox 1115 746 1289 779; x_wconf 79' lang='lat' dir='ltr'>censentes,</span> <span class='ocrx_word' id='word_1_291' title='bbox 1318 740 1503 773; x_wconf 83' lang='lat' dir='ltr'>huiusmodi</span> <span class='ocrx_word' id='word_1_292' title='bbox 1524 739 1765 783; x_wconf 86' lang='lat' dir='ltr'>supplicationi-</span> 
     </span>
     <span class='ocr_line' id='line_1_60' title="bbox 1024 793 1764 831; baseline -0.001 -5"><span class='ocrx_word' id='word_1_293' title='bbox 1024 794 1083 826; x_wconf 85' lang='lat' dir='ltr'>bus</span> <span class='ocrx_word' id='word_1_294' title='bbox 1103 794 1256 831; x_wconf 85' lang='lat' dir='ltr'>inclinati‚</span> <span class='ocrx_word' id='word_1_295' title='bbox 1280 794 1319 827; x_wconf 91' lang='lat' dir='ltr'>de</span> <span class='ocrx_word' id='word_1_296' title='bbox 1340 794 1472 826; x_wconf 88' lang='lat' dir='ltr'>consilio</span> <span class='ocrx_word' id='word_1_297' title='bbox 1486 793 1580 826; x_wconf 86' lang='lat' dir='ltr'>etiam</span> <span class='ocrx_word' id='word_1_298' title='bbox 1594 799 1622 825; x_wconf 85' lang='lat' dir='ltr'>et</span> <span class='ocrx_word' id='word_1_299' title='bbox 1637 803 1764 825; x_wconf 88' lang='lat' dir='ltr'>assensu</span> 
     </span>
     <span class='ocr_line' id='line_1_61' title="bbox 1024 847 1762 881; baseline -0.001 -1"><span class='ocrx_word' id='word_1_300' title='bbox 1024 849 1254 881; x_wconf 87' lang='lat' dir='ltr'>venerabilium</span> <span class='ocrx_word' id='word_1_301' title='bbox 1276 849 1409 881; x_wconf 84' lang='lat' dir='ltr'>fratrum</span> <span class='ocrx_word' id='word_1_302' title='bbox 1431 854 1614 881; x_wconf 87' lang='lat' dir='ltr'>nostrorum</span> <span class='ocrx_word' id='word_1_303' title='bbox 1636 847 1707 881; x_wconf 67' lang='lat' dir='ltr'>SR.</span> <span class='ocrx_word' id='word_1_304' title='bbox 1729 847 1762 879; x_wconf 89' lang='lat' dir='ltr'>E.</span> 
     </span>
     <span class='ocr_line' id='line_1_62' title="bbox 1026 901 1766 946; baseline -0.001 -12"><span class='ocrx_word' id='word_1_305' title='bbox 1026 902 1236 935; x_wconf 87' lang='lat' dir='ltr'>cardinalium</span> <span class='ocrx_word' id='word_1_306' title='bbox 1256 913 1352 946; x_wconf 87' lang='lat' dir='ltr'>super</span> <span class='ocrx_word' id='word_1_307' title='bbox 1371 902 1467 935; x_wconf 86' lang='lat' dir='ltr'>rebus</span> <span class='ocrx_word' id='word_1_308' title='bbox 1487 902 1592 934; x_wconf 86' lang='lat' dir='ltr'>dubiis</span> <span class='ocrx_word' id='word_1_309' title='bbox 1613 901 1697 934; x_wconf 89' lang='lat' dir='ltr'>circa</span> <span class='ocrx_word' id='word_1_310' title='bbox 1711 901 1766 934; x_wconf 90' lang='lat' dir='ltr'>de-</span> 
     </span>
     <span class='ocr_line' id='line_1_63' title="bbox 1026 955 1768 998; baseline -0.003 -9"><span class='ocrx_word' id='word_1_311' title='bbox 1026 962 1111 990; x_wconf 88' lang='lat' dir='ltr'>creta</span> <span class='ocrx_word' id='word_1_312' title='bbox 1131 956 1262 990; x_wconf 88' lang='lat' dir='ltr'>Concilii</span> <span class='ocrx_word' id='word_1_313' title='bbox 1282 955 1457 988; x_wconf 83' lang='lat' dir='ltr'>Tridentini</span> <span class='ocrx_word' id='word_1_314' title='bbox 1478 966 1534 988; x_wconf 84' lang='grc'><strong>3011</strong></span> <span class='ocrx_word' id='word_1_315' title='bbox 1555 955 1632 987; x_wconf 91' lang='lat' dir='ltr'>alias</span> <span class='ocrx_word' id='word_1_316' title='bbox 1649 955 1768 998; x_wconf 57' lang='lat' dir='ltr'>{prove-</span> 
     </span>
     <span class='ocr_line' id='line_1_64' title="bbox 1025 1009 1764 1053; baseline -0.003 -11"><span class='ocrx_word' id='word_1_317' title='bbox 1025 1009 1146 1042; x_wconf 82' lang='lat' dir='ltr'>nientia</span> <span class='ocrx_word' id='word_1_318' title='bbox 1176 1009 1356 1053; x_wconf 85' lang='lat' dir='ltr'>specialiter</span> <span class='ocrx_word' id='word_1_319' title='bbox 1376 1019 1393 1041; x_wconf 86' lang='lat' dir='ltr'>a</span> <span class='ocrx_word' id='word_1_320' title='bbox 1414 1009 1506 1041; x_wconf 91' lang='lat' dir='ltr'>nobis</span> <span class='ocrx_word' id='word_1_321' title='bbox 1527 1009 1764 1052; x_wconf 82' lang='lat' dir='ltr'>deputatorum,</span> 
     </span>
     <span class='ocr_line' id='line_1_65' title="bbox 1026 1061 1765 1107; baseline -0.003 -11"><span class='ocrx_word' id='word_1_322' title='bbox 1026 1064 1066 1096; x_wconf 87' lang='lat' dir='ltr'>ad</span> <span class='ocrx_word' id='word_1_323' title='bbox 1087 1074 1167 1107; x_wconf 89' lang='lat' dir='ltr'>quos</span> <span class='ocrx_word' id='word_1_324' title='bbox 1186 1062 1370 1095; x_wconf 87' lang='lat' dir='ltr'>huiusmodi</span> <span class='ocrx_word' id='word_1_325' title='bbox 1391 1062 1554 1105; x_wconf 67' lang='lat' dir='ltr'>negotium</span> <span class='ocrx_word' id='word_1_326' title='bbox 1573 1061 1765 1102; x_wconf 86' lang='lat' dir='ltr'>remisimus,</span> 
     </span>
     <span class='ocr_line' id='line_1_66' title="bbox 1027 1116 1768 1160; baseline -0.003 -10"><span class='ocrx_word' id='word_1_327' title='bbox 1027 1122 1137 1150; x_wconf 89' lang='lat' dir='ltr'>tenore</span> <span class='ocrx_word' id='word_1_328' title='bbox 1154 1116 1382 1160; x_wconf 88' lang='lat' dir='ltr'>praesentium,</span> <span class='ocrx_word' id='word_1_329' title='bbox 1408 1116 1467 1149; x_wconf 85' lang='lat' dir='ltr'>hac</span> <span class='ocrx_word' id='word_1_330' title='bbox 1483 1121 1593 1149; x_wconf 89' lang='lat' dir='ltr'>nostra</span> <span class='ocrx_word' id='word_1_331' title='bbox 1613 1121 1768 1159; x_wconf 89' lang='lat' dir='ltr'>perpetuo</span> 
     </span>
     <span class='ocr_line' id='line_1_67' title="bbox 1026 1169 1770 1214; baseline -0.003 -10"><span class='ocrx_word' id='word_1_332' title='bbox 1026 1171 1161 1204; x_wconf 87' lang='lat' dir='ltr'>valitura</span> <span class='ocrx_word' id='word_1_333' title='bbox 1178 1170 1415 1210; x_wconf 83' lang='lat' dir='ltr'>constitutione,</span> <span class='ocrx_word' id='word_1_334' title='bbox 1436 1169 1611 1214; x_wconf 87' lang='lat' dir='ltr'>apostolica</span> <span class='ocrx_word' id='word_1_335' title='bbox 1631 1169 1770 1203; x_wconf 87' lang='lat' dir='ltr'>auctori-</span> 
     </span>
     <span class='ocr_line' id='line_1_68' title="bbox 1026 1223 1770 1263; baseline -0.003 -6"><span class='ocrx_word' id='word_1_336' title='bbox 1026 1230 1089 1257; x_wconf 89' lang='lat' dir='ltr'>tate</span> <span class='ocrx_word' id='word_1_337' title='bbox 1124 1224 1296 1263; x_wconf 78' lang='lat' dir='ltr'>sancimus,</span> <span class='ocrx_word' id='word_1_338' title='bbox 1333 1225 1479 1257; x_wconf 83' lang='lat' dir='ltr'>volumus</span> <span class='ocrx_word' id='word_1_339' title='bbox 1511 1229 1541 1257; x_wconf 89' lang='lat' dir='ltr'>et</span> <span class='ocrx_word' id='word_1_340' title='bbox 1568 1223 1770 1256; x_wconf 87' lang='lat' dir='ltr'>decernimus</span> 
     </span>
     <span class='ocr_line' id='line_1_69' title="bbox 1027 1277 1767 1321; baseline -0.003 -10"><span class='ocrx_word' id='word_1_341' title='bbox 1027 1289 1063 1311; x_wconf 88' lang='lat' dir='ltr'>ac</span> <span class='ocrx_word' id='word_1_342' title='bbox 1083 1278 1179 1311; x_wconf 87' lang='lat' dir='ltr'>etiam</span> <span class='ocrx_word' id='word_1_343' title='bbox 1199 1278 1400 1311; x_wconf 86' lang='lat' dir='ltr'>declaramus</span> <span class='ocrx_word' id='word_1_344' title='bbox 1414 1277 1557 1311; x_wconf 89' lang='lat' dir='ltr'>eiusdem</span> <span class='ocrx_word' id='word_1_345' title='bbox 1570 1277 1616 1310; x_wconf 88' lang='lat' dir='ltr'>Pii</span> <span class='ocrx_word' id='word_1_346' title='bbox 1629 1278 1733 1321; x_wconf 88' lang='lat' dir='ltr'>Papae</span> <span class='ocrx_word' id='word_1_347' title='bbox 1744 1277 1767 1309; x_wconf 91' lang='lat' dir='ltr'>V</span> 
     </span>
     <span class='ocr_line' id='line_1_70' title="bbox 1025 1331 1773 1376; baseline -0.003 -11"><span class='ocrx_word' id='word_1_348' title='bbox 1025 1331 1279 1376; x_wconf 87' lang='lat' dir='ltr'>praedecessoris</span> <span class='ocrx_word' id='word_1_349' title='bbox 1290 1331 1562 1371; x_wconf 88' lang='lat' dir='ltr'>constitutionem,</span> <span class='ocrx_word' id='word_1_350' title='bbox 1579 1331 1685 1374; x_wconf 89' lang='lat' dir='ltr'>quoad</span> <span class='ocrx_word' id='word_1_351' title='bbox 1697 1341 1773 1363; x_wconf 91' lang='lat' dir='ltr'>con-</span> 
     </span>
     <span class='ocr_line' id='line_1_71' title="bbox 1027 1383 1772 1428; baseline -0.003 -10"><span class='ocrx_word' id='word_1_352' title='bbox 1027 1390 1146 1418; x_wconf 85' lang='lat' dir='ltr'>tractus</span> <span class='ocrx_word' id='word_1_353' title='bbox 1186 1394 1467 1428; x_wconf 87' lang='lat' dir='ltr'>quorumcumque</span> <span class='ocrx_word' id='word_1_354' title='bbox 1503 1394 1657 1417; x_wconf 86' lang='lat' dir='ltr'>censuum</span> <span class='ocrx_word' id='word_1_355' title='bbox 1689 1383 1772 1417; x_wconf 87' lang='lat' dir='ltr'>inter</span> 
     </span>
     <span class='ocr_line' id='line_1_72' title="bbox 1027 1437 1770 1483; baseline -0.003 -12"><span class='ocrx_word' id='word_1_356' title='bbox 1027 1449 1247 1483; x_wconf 86' lang='lat' dir='ltr'>quascumque</span> <span class='ocrx_word' id='word_1_357' title='bbox 1267 1449 1420 1482; x_wconf 89' lang='lat' dir='ltr'>personas</span> <span class='ocrx_word' id='word_1_358' title='bbox 1432 1438 1529 1470; x_wconf 88' lang='lat' dir='ltr'>trium</span> <span class='ocrx_word' id='word_1_359' title='bbox 1543 1442 1682 1470; x_wconf 88' lang='lat' dir='ltr'>statuum</span> <span class='ocrx_word' id='word_1_360' title='bbox 1696 1437 1770 1470; x_wconf 90' lang='lat' dir='ltr'>dicti</span> 
     </span>
     <span class='ocr_line' id='line_1_73' title="bbox 1028 1490 1769 1535; baseline -0.004 -10"><span class='ocrx_word' id='word_1_361' title='bbox 1028 1493 1118 1535; x_wconf 70' lang='lat' dir='ltr'>regni</span> <span class='ocrx_word' id='word_1_362' title='bbox 1139 1493 1296 1526; x_wconf 80' lang='lat' dir='ltr'>Navarrae</span> <span class='ocrx_word' id='word_1_363' title='bbox 1320 1491 1433 1531; x_wconf 88' lang='lat' dir='ltr'>initos,</span> <span class='ocrx_word' id='word_1_364' title='bbox 1457 1492 1496 1524; x_wconf 88' lang='lat' dir='ltr'>ab</span> <span class='ocrx_word' id='word_1_365' title='bbox 1529 1501 1612 1524; x_wconf 92' lang='lat' dir='ltr'>anno</span> <span class='ocrx_word' id='word_1_366' title='bbox 1642 1490 1769 1524; x_wconf 90' lang='lat' dir='ltr'>Domini</span> 
     </span>
     <span class='ocr_line' id='line_1_74' title="bbox 1027 1544 1770 1589; baseline -0.005 -9"><span class='ocrx_word' id='word_1_367' title='bbox 1027 1557 1156 1580; x_wconf 80' lang='lat' dir='ltr'>MDLxxx</span> <span class='ocrx_word' id='word_1_368' title='bbox 1175 1546 1340 1589; x_wconf 84' lang='lat' dir='ltr'>praedicto</span> <span class='ocrx_word' id='word_1_369' title='bbox 1361 1551 1482 1578; x_wconf 86' lang='lat' dir='ltr'>tantum</span> <span class='ocrx_word' id='word_1_370' title='bbox 1506 1545 1646 1587; x_wconf 73' lang='lat' dir='ltr'>vigorem</span> <span class='ocrx_word' id='word_1_371' title='bbox 1659 1544 1697 1588; x_wconf 72' lang='lat' dir='ltr'>¹in</span> <span class='ocrx_word' id='word_1_372' title='bbox 1718 1555 1770 1577; x_wconf 92' lang='grc'>00-</span> 
     </span>
     <span class='ocr_line' id='line_1_75' title="bbox 1029 1597 1767 1643; baseline -0.004 -10"><span class='ocrx_word' id='word_1_373' title='bbox 1029 1601 1101 1634; x_wconf 84' lang='lat' dir='ltr'>dem</span> <span class='ocrx_word' id='word_1_374' title='bbox 1123 1610 1222 1643; x_wconf 73' lang='lat' dir='ltr'>regno</span> <span class='ocrx_word' id='word_1_375' title='bbox 1240 1600 1398 1633; x_wconf 86' lang='lat' dir='ltr'>Navarrae</span> <span class='ocrx_word' id='word_1_376' title='bbox 1430 1599 1549 1631; x_wconf 86' lang='lat' dir='ltr'>habere</span> <span class='ocrx_word' id='word_1_377' title='bbox 1581 1597 1767 1642; x_wconf 86' lang='lat' dir='ltr'>incaepisse,</span> 
     </span>
     <span class='ocr_line' id='line_1_76' title="bbox 1029 1653 1771 1696; baseline -0.005 -8"><span class='ocrx_word' id='word_1_378' title='bbox 1029 1666 1065 1687; x_wconf 89' lang='lat' dir='ltr'>ac</span> <span class='ocrx_word' id='word_1_379' title='bbox 1085 1666 1121 1687; x_wconf 81' lang='lat' dir='ltr'>ex</span> <span class='ocrx_word' id='word_1_380' title='bbox 1142 1654 1255 1687; x_wconf 88' lang='lat' dir='ltr'>eodem</span> <span class='ocrx_word' id='word_1_381' title='bbox 1277 1664 1361 1686; x_wconf 89' lang='lat' dir='ltr'>anno</span> <span class='ocrx_word' id='word_1_382' title='bbox 1382 1653 1586 1686; x_wconf 87' lang='lat' dir='ltr'>solummodo</span> <span class='ocrx_word' id='word_1_383' title='bbox 1619 1662 1771 1696; x_wconf 79' lang='lat' dir='ltr'>personas</span> 
     </span>
     <span class='ocr_line' id='line_1_77' title="bbox 1028 1705 1771 1752; baseline -0.004 -12"><span class='ocrx_word' id='word_1_384' title='bbox 1028 1707 1206 1752; x_wconf 87' lang='lat' dir='ltr'>praedictas</span> <span class='ocrx_word' id='word_1_385' title='bbox 1226 1706 1523 1750; x_wconf 61' lang='lat' dir='ltr'>comprehendisse,</span> <span class='ocrx_word' id='word_1_386' title='bbox 1547 1716 1611 1749; x_wconf 86' lang='lat' dir='ltr'>quo</span> <span class='ocrx_word' id='word_1_387' title='bbox 1631 1715 1706 1738; x_wconf 87' lang='lat' dir='ltr'>vero</span> <span class='ocrx_word' id='word_1_388' title='bbox 1731 1705 1771 1737; x_wconf 89' lang='lat' dir='ltr'>ad</span> 
     </span>
     <span class='ocr_line' id='line_1_78' title="bbox 1028 1759 1771 1794; baseline -0.005 0"><span class='ocrx_word' id='word_1_389' title='bbox 1028 1767 1209 1794; x_wconf 81' lang='lat' dir='ltr'>contractus</span> <span class='ocrx_word' id='word_1_390' title='bbox 1230 1771 1384 1793; x_wconf 87' lang='lat' dir='ltr'>censuum</span> <span class='ocrx_word' id='word_1_391' title='bbox 1402 1766 1474 1793; x_wconf 88' lang='lat' dir='ltr'>ante</span> <span class='ocrx_word' id='word_1_392' title='bbox 1505 1759 1625 1792; x_wconf 87' lang='lat' dir='ltr'>dictum</span> <span class='ocrx_word' id='word_1_393' title='bbox 1650 1769 1771 1791; x_wconf 90' lang='lat' dir='ltr'>annum</span> 
     </span>
     <span class='ocr_line' id='line_1_79' title="bbox 1028 1813 1770 1857; baseline -0.005 -8"><span class='ocrx_word' id='word_1_394' title='bbox 1028 1826 1156 1849; x_wconf 68' lang='lat' dir='ltr'>iianxx</span> <span class='ocrx_word' id='word_1_395' title='bbox 1175 1814 1207 1847; x_wconf 91' lang='lat' dir='ltr'>in</span> <span class='ocrx_word' id='word_1_396' title='bbox 1229 1815 1342 1847; x_wconf 90' lang='lat' dir='ltr'>eodem</span> <span class='ocrx_word' id='word_1_397' title='bbox 1363 1824 1464 1857; x_wconf 75' lang='lat' dir='ltr'>regno</span> <span class='ocrx_word' id='word_1_398' title='bbox 1483 1813 1641 1846; x_wconf 79' lang='lat' dir='ltr'>Navarrae</span> <span class='ocrx_word' id='word_1_399' title='bbox 1666 1813 1770 1856; x_wconf 90' lang='lat' dir='ltr'>impo-</span> 
     </span>
     <span class='ocr_line' id='line_1_80' title="bbox 1027 1867 1766 1908; baseline -0.004 -6"><span class='ocrx_word' id='word_1_400' title='bbox 1027 1869 1161 1902; x_wconf 88' lang='lat' dir='ltr'>sitorum</span> <span class='ocrx_word' id='word_1_401' title='bbox 1183 1869 1293 1908; x_wconf 87' lang='lat' dir='ltr'>sactos,</span> <span class='ocrx_word' id='word_1_402' title='bbox 1317 1868 1395 1900; x_wconf 90' lang='lat' dir='ltr'>iuris</span> <span class='ocrx_word' id='word_1_403' title='bbox 1416 1867 1529 1901; x_wconf 75' lang='lat' dir='ltr'>veteris</span> <span class='ocrx_word' id='word_1_404' title='bbox 1551 1873 1577 1900; x_wconf 88' lang='grc'>01</span> <span class='ocrx_word' id='word_1_405' title='bbox 1609 1867 1766 1900; x_wconf 84' lang='grc'><strong>0011311111-</strong></span> 
     </span>
     <span class='ocr_line' id='line_1_81' title="bbox 1028 1920 1771 1965; baseline -0.004 -10"><span class='ocrx_word' id='word_1_406' title='bbox 1028 1923 1151 1955; x_wconf 86' lang='lat' dir='ltr'>tionum</span> <span class='ocrx_word' id='word_1_407' title='bbox 1173 1922 1311 1955; x_wconf 88' lang='lat' dir='ltr'>aliorum</span> <span class='ocrx_word' id='word_1_408' title='bbox 1322 1921 1514 1954; x_wconf 82' lang='lat' dir='ltr'>Pontificum</span> <span class='ocrx_word' id='word_1_409' title='bbox 1529 1920 1771 1965; x_wconf 85' lang='lat' dir='ltr'>dispositionem</span> 
     </span>
     <span class='ocr_line' id='line_1_82' title="bbox 1028 1973 1545 2009; baseline -0.004 0"><span class='ocrx_word' id='word_1_410' title='bbox 1028 1975 1254 2009; x_wconf 88' lang='lat' dir='ltr'>attendendam</span> <span class='ocrx_word' id='word_1_411' title='bbox 1276 1985 1343 2008; x_wconf 86' lang='lat' dir='ltr'>esse</span> <span class='ocrx_word' id='word_1_412' title='bbox 1365 1980 1395 2007; x_wconf 87' lang='lat' dir='ltr'>et</span> <span class='ocrx_word' id='word_1_413' title='bbox 1415 1973 1545 2007; x_wconf 87' lang='lat' dir='ltr'>attendi.</span> 
     </span>
    </p>
   </div>
   <div class='ocr_carea' id='block_1_13' title="bbox 1073 2026 1932 2073">
    <p class='ocr_par' dir='ltr' id='par_1_15' title="bbox 1073 2026 1932 2073">
     <span class='ocr_line' id='line_1_83' title="bbox 1073 2026 1932 2073; baseline -0.005 -11"><span class='ocrx_word' id='word_1_414' title='bbox 1073 2030 1087 2073; x_wconf 59' lang='grc' dir='ltr'>ἐ</span> <span class='ocrx_word' id='word_1_415' title='bbox 1107 2029 1137 2062; x_wconf 64' lang='lat' dir='ltr'>lt.</span> <span class='ocrx_word' id='word_1_416' title='bbox 1162 2029 1277 2072; x_wconf 84' lang='lat' dir='ltr'>Siequc</span> <span class='ocrx_word' id='word_1_417' title='bbox 1298 2039 1355 2072; x_wconf 88' lang='lat' dir='ltr'>per</span> <span class='ocrx_word' id='word_1_418' title='bbox 1374 2028 1521 2061; x_wconf 90' lang='lat' dir='ltr'>locorum</span> <span class='ocrx_word' id='word_1_419' title='bbox 1543 2026 1728 2061; x_wconf 90' lang='lat' dir='ltr'>Ordinarios</span> <span class='ocrx_word' id='word_1_420' title='bbox 1741 2032 1772 2059; x_wconf 89' lang='lat' dir='ltr'>et</span> <span class='ocrx_word' id='word_1_421' title='bbox 1814 2033 1932 2055; x_wconf 70' lang='lat' dir='ltr'>clausulae.</span> 
     </span>
    </p>
   </div>
   <div class='ocr_carea' id='block_1_14' title="bbox 1029 2080 1776 2610">
    <p class='ocr_par' dir='ltr' id='par_1_16' title="bbox 1029 2080 1776 2610">
     <span class='ocr_line' id='line_1_84' title="bbox 1029 2080 1773 2125; baseline -0.005 -9"><span class='ocrx_word' id='word_1_422' title='bbox 1029 2093 1140 2116; x_wconf 89' lang='lat' dir='ltr'>eorum</span> <span class='ocrx_word' id='word_1_423' title='bbox 1162 2082 1314 2115; x_wconf 81' lang='lat' dir='ltr'>officiales</span> <span class='ocrx_word' id='word_1_424' title='bbox 1335 2088 1365 2115; x_wconf 86' lang='lat' dir='ltr'>ct</span> <span class='ocrx_word' id='word_1_425' title='bbox 1385 2091 1606 2125; x_wconf 88' lang='lat' dir='ltr'>quoscumque</span> <span class='ocrx_word' id='word_1_426' title='bbox 1626 2080 1705 2113; x_wconf 89' lang='lat' dir='ltr'>alios</span> <span class='ocrx_word' id='word_1_427' title='bbox 1726 2080 1773 2112; x_wconf 90' lang='lat' dir='ltr'>iu-</span> 
     </span>
     <span class='ocr_line' id='line_1_85' title="bbox 1030 2135 1774 2182; baseline -0.005 -11"><span class='ocrx_word' id='word_1_428' title='bbox 1030 2138 1115 2171; x_wconf 85' lang='lat' dir='ltr'>dices</span> <span class='ocrx_word' id='word_1_429' title='bbox 1136 2144 1166 2171; x_wconf 78' lang='grc'>01,</span> <span class='ocrx_word' id='word_1_430' title='bbox 1185 2148 1349 2182; x_wconf 84' lang='lat' dir='ltr'>personas,</span> <span class='ocrx_word' id='word_1_431' title='bbox 1364 2136 1474 2180; x_wconf 81' lang='lat' dir='ltr'>quavis</span> <span class='ocrx_word' id='word_1_432' title='bbox 1489 2136 1585 2169; x_wconf 90' lang='lat' dir='ltr'>etiam</span> <span class='ocrx_word' id='word_1_433' title='bbox 1599 2135 1774 2179; x_wconf 89' lang='lat' dir='ltr'>apostolica</span> 
     </span>
     <span class='ocr_line' id='line_1_86' title="bbox 1029 2190 1771 2233; baseline -0.003 -9"><span class='ocrx_word' id='word_1_434' title='bbox 1029 2191 1218 2225; x_wconf 86' lang='lat' dir='ltr'>auctoritate</span> <span class='ocrx_word' id='word_1_435' title='bbox 1238 2192 1415 2233; x_wconf 75' lang='lat' dir='ltr'>fungentes,</span> <span class='ocrx_word' id='word_1_436' title='bbox 1439 2191 1564 2223; x_wconf 87' lang='lat' dir='ltr'>sublata</span> <span class='ocrx_word' id='word_1_437' title='bbox 1586 2190 1630 2223; x_wconf 88' lang='lat' dir='ltr'>eis</span> <span class='ocrx_word' id='word_1_438' title='bbox 1651 2201 1687 2222; x_wconf 86' lang='lat' dir='ltr'>ac</span> <span class='ocrx_word' id='word_1_439' title='bbox 1716 2200 1771 2222; x_wconf 93' lang='grc'>00-</span> 
     </span>
     <span class='ocr_line' id='line_1_87' title="bbox 1029 2243 1774 2289; baseline -0.003 -11"><span class='ocrx_word' id='word_1_440' title='bbox 1029 2257 1100 2279; x_wconf 89' lang='lat' dir='ltr'>rum</span> <span class='ocrx_word' id='word_1_441' title='bbox 1122 2246 1252 2279; x_wconf 91' lang='lat' dir='ltr'>cuilibet</span> <span class='ocrx_word' id='word_1_442' title='bbox 1268 2245 1378 2289; x_wconf 85' lang='lat' dir='ltr'>quavis</span> <span class='ocrx_word' id='word_1_443' title='bbox 1399 2244 1490 2278; x_wconf 87' lang='lat' dir='ltr'>aliter</span> <span class='ocrx_word' id='word_1_444' title='bbox 1502 2244 1675 2285; x_wconf 82' lang='lat' dir='ltr'>iudicandi,</span> <span class='ocrx_word' id='word_1_445' title='bbox 1691 2243 1774 2277; x_wconf 85' lang='lat' dir='ltr'>diffi-</span> 
     </span>
     <span class='ocr_line' id='line_1_88' title="bbox 1030 2298 1776 2342; baseline -0.003 -11"><span class='ocrx_word' id='word_1_446' title='bbox 1030 2299 1138 2332; x_wconf 89' lang='lat' dir='ltr'>niendi</span> <span class='ocrx_word' id='word_1_447' title='bbox 1160 2304 1191 2331; x_wconf 87' lang='lat' dir='ltr'>et</span> <span class='ocrx_word' id='word_1_448' title='bbox 1210 2298 1441 2342; x_wconf 86' lang='lat' dir='ltr'>interpretandi</span> <span class='ocrx_word' id='word_1_449' title='bbox 1459 2298 1608 2331; x_wconf 81' lang='lat' dir='ltr'>facultate</span> <span class='ocrx_word' id='word_1_450' title='bbox 1626 2302 1776 2330; x_wconf 87' lang='lat' dir='ltr'>etaucto-</span> 
     </span>
     <span class='ocr_line' id='line_1_89' title="bbox 1032 2351 1773 2395; baseline -0.003 -10"><span class='ocrx_word' id='word_1_451' title='bbox 1032 2352 1137 2391; x_wconf 87' lang='lat' dir='ltr'>ritate,</span> <span class='ocrx_word' id='word_1_452' title='bbox 1162 2352 1313 2391; x_wconf 84' lang='lat' dir='ltr'>iudicari,</span> <span class='ocrx_word' id='word_1_453' title='bbox 1344 2351 1482 2385; x_wconf 83' lang='lat' dir='ltr'>diffinire</span> <span class='ocrx_word' id='word_1_454' title='bbox 1512 2358 1540 2385; x_wconf 90' lang='lat' dir='ltr'>et</span> <span class='ocrx_word' id='word_1_455' title='bbox 1571 2351 1773 2395; x_wconf 87' lang='lat' dir='ltr'>interpretari</span> 
     </span>
     <span class='ocr_line' id='line_1_90' title="bbox 1031 2405 1772 2450; baseline -0.003 -11"><span class='ocrx_word' id='word_1_456' title='bbox 1031 2407 1163 2447; x_wconf 62' lang='lat' dir='ltr'>debere,</span> <span class='ocrx_word' id='word_1_457' title='bbox 1202 2406 1393 2450; x_wconf 89' lang='lat' dir='ltr'>irritumque</span> <span class='ocrx_word' id='word_1_458' title='bbox 1424 2411 1455 2439; x_wconf 88' lang='lat' dir='ltr'>et</span> <span class='ocrx_word' id='word_1_459' title='bbox 1483 2405 1577 2439; x_wconf 89' lang='lat' dir='ltr'>inane</span> <span class='ocrx_word' id='word_1_460' title='bbox 1616 2405 1772 2449; x_wconf 84' lang='lat' dir='ltr'>quidquid</span> 
     </span>
     <span class='ocr_line' id='line_1_91' title="bbox 1030 2459 1772 2504; baseline -0.003 -10"><span class='ocrx_word' id='word_1_461' title='bbox 1030 2471 1121 2494; x_wconf 84' lang='lat' dir='ltr'>secus</span> <span class='ocrx_word' id='word_1_462' title='bbox 1140 2471 1237 2504; x_wconf 89' lang='lat' dir='ltr'>super</span> <span class='ocrx_word' id='word_1_463' title='bbox 1257 2460 1305 2493; x_wconf 89' lang='lat' dir='ltr'>his</span> <span class='ocrx_word' id='word_1_464' title='bbox 1326 2471 1344 2493; x_wconf 83' lang='lat' dir='ltr'>a</span> <span class='ocrx_word' id='word_1_465' title='bbox 1364 2471 1540 2504; x_wconf 87' lang='lat' dir='ltr'>quoquam,</span> <span class='ocrx_word' id='word_1_466' title='bbox 1573 2459 1684 2503; x_wconf 83' lang='lat' dir='ltr'>quavis</span> <span class='ocrx_word' id='word_1_467' title='bbox 1713 2470 1772 2492; x_wconf 88' lang='lat' dir='ltr'>au-</span> 
     </span>
     <span class='ocr_line' id='line_1_92' title="bbox 1031 2513 1771 2556; baseline -0.003 -9"><span class='ocrx_word' id='word_1_468' title='bbox 1031 2514 1186 2552; x_wconf 79' lang='lat' dir='ltr'>ctoritate,</span> <span class='ocrx_word' id='word_1_469' title='bbox 1210 2513 1346 2547; x_wconf 87' lang='lat' dir='ltr'>scienter</span> <span class='ocrx_word' id='word_1_470' title='bbox 1366 2514 1415 2547; x_wconf 90' lang='lat' dir='ltr'>vel</span> <span class='ocrx_word' id='word_1_471' title='bbox 1441 2514 1637 2556; x_wconf 74' lang='lat' dir='ltr'>ignoranter,</span> <span class='ocrx_word' id='word_1_472' title='bbox 1668 2513 1771 2545; x_wconf 88' lang='lat' dir='ltr'>conti-</span> 
     </span>
     <span class='ocr_line' id='line_1_93' title="bbox 1030 2567 1645 2610; baseline -0.003 -9"><span class='ocrx_word' id='word_1_473' title='bbox 1030 2568 1110 2610; x_wconf 70' lang='lat' dir='ltr'>gerit</span> <span class='ocrx_word' id='word_1_474' title='bbox 1131 2568 1289 2608; x_wconf 86' lang='lat' dir='ltr'>attentari,</span> <span class='ocrx_word' id='word_1_475' title='bbox 1314 2567 1409 2600; x_wconf 88' lang='lat' dir='ltr'>etiam</span> <span class='ocrx_word' id='word_1_476' title='bbox 1432 2567 1645 2600; x_wconf 89' lang='lat' dir='ltr'>decernimus.</span> 
     </span>
    </p>
   </div>
   <div class='ocr_carea' id='block_1_15' title="bbox 1664 304 1953 342">
    <p class='ocr_par' dir='ltr' id='par_1_17' title="bbox 1664 304 1953 342">
     <span class='ocr_line' id='line_1_94' title="bbox 1664 304 1953 342; baseline 0.021 -6"><span class='ocrx_word' id='word_1_477' title='bbox 1664 304 1728 337; x_wconf 72' lang='lat'>405</span> <span class='ocrx_word' id='word_1_478' title='bbox 1775 314 1824 341; x_wconf 79' lang='lat' dir='ltr'>An.</span> <span class='ocrx_word' id='word_1_479' title='bbox 1841 314 1870 342; x_wconf 87' lang='lat' dir='ltr'>c.</span> <span class='ocrx_word' id='word_1_480' title='bbox 1890 314 1953 342; x_wconf 82' lang='grc'><strong>1591</strong></span> 
     </span>
    </p>
   </div>
   <div class='ocr_carea' id='block_1_16' title="bbox 256 2620 997 2823">
    <p class='ocr_par' dir='ltr' id='par_1_18' title="bbox 256 2620 997 2666">
     <span class='ocr_line' id='line_1_95' title="bbox 256 2620 997 2666; baseline -0.004 -10"><span class='ocrx_word' id='word_1_481' title='bbox 256 2622 488 2656; x_wconf 83' lang='lat' dir='ltr'>controversias</span> <span class='ocrx_word' id='word_1_482' title='bbox 507 2632 603 2666; x_wconf 90' lang='lat' dir='ltr'>super</span> <span class='ocrx_word' id='word_1_483' title='bbox 623 2620 805 2665; x_wconf 86' lang='lat' dir='ltr'>praemissis</span> <span class='ocrx_word' id='word_1_484' title='bbox 830 2626 914 2654; x_wconf 84' lang='lat' dir='ltr'>ortas</span> <span class='ocrx_word' id='word_1_485' title='bbox 942 2631 997 2664; x_wconf 90' lang='lat' dir='ltr'>pe-</span> 
     </span>
    </p>

    <p class='ocr_par' dir='ltr' id='par_1_19' title="bbox 256 2674 993 2718">
     <span class='ocr_line' id='line_1_96' title="bbox 256 2674 993 2718; baseline -0.003 -9"><span class='ocrx_word' id='word_1_486' title='bbox 256 2676 340 2709; x_wconf 91' lang='lat' dir='ltr'>nitus</span> <span class='ocrx_word' id='word_1_487' title='bbox 360 2675 588 2718; x_wconf 78' lang='lat' dir='ltr'>extinguentes,</span> <span class='ocrx_word' id='word_1_488' title='bbox 612 2685 648 2708; x_wconf 90' lang='lat' dir='ltr'>ac</span> <span class='ocrx_word' id='word_1_489' title='bbox 669 2674 809 2717; x_wconf 77' lang='lat' dir='ltr'>singulas</span> <span class='ocrx_word' id='word_1_490' title='bbox 829 2684 993 2718; x_wconf 80' lang='lat' dir='ltr'>personas,</span> 
     </span>
    </p>

    <p class='ocr_par' dir='ltr' id='par_1_20' title="bbox 257 2729 996 2823">
     <span class='ocr_line' id='line_1_97' title="bbox 257 2729 996 2775; baseline -0.001 -11"><span class='ocrx_word' id='word_1_491' title='bbox 257 2731 366 2775; x_wconf 88' lang='lat' dir='ltr'>quavis</span> <span class='ocrx_word' id='word_1_492' title='bbox 386 2731 573 2765; x_wconf 88' lang='lat' dir='ltr'>auctoritate</span> <span class='ocrx_word' id='word_1_493' title='bbox 594 2731 760 2774; x_wconf 80' lang='lat' dir='ltr'>fungentes</span> <span class='ocrx_word' id='word_1_494' title='bbox 779 2741 804 2775; x_wconf 29' lang='lat' dir='ltr'>,a</span> <span class='ocrx_word' id='word_1_495' title='bbox 832 2729 996 2774; x_wconf 90' lang='lat' dir='ltr'>quibusvis</span> 
     </span>
     <span class='ocr_line' id='line_1_98' title="bbox 339 2792 888 2823; baseline -0.004 -1"><span class='ocrx_word' id='word_1_496' title='bbox 339 2794 418 2822; x_wconf 85' lang='lat' dir='ltr'>Bull.</span> <span class='ocrx_word' id='word_1_497' title='bbox 438 2795 515 2823; x_wconf 89' lang='lat' dir='ltr'>Rom.</span> <span class='ocrx_word' id='word_1_498' title='bbox 539 2794 599 2822; x_wconf 87' lang='lat' dir='ltr'>Vol.</span> <span class='ocrx_word' id='word_1_499' title='bbox 615 2794 659 2822; x_wconf 87' lang='lat' dir='ltr'>IX</span> <span class='ocrx_word' id='word_1_500' title='bbox 853 2792 888 2820; x_wconf 88' lang='lat'>59</span> 
     </span>
    </p>
   </div>
   <div class='ocr_carea' id='block_1_17' title="bbox 1075 2620 1973 2664">
    <p class='ocr_par' dir='ltr' id='par_1_21' title="bbox 1075 2620 1973 2664">
     <span class='ocr_line' id='line_1_99' title="bbox 1075 2620 1973 2664; baseline -0.003 -11"><span class='ocrx_word' id='word_1_501' title='bbox 1075 2622 1089 2664; x_wconf 59' lang='lat' dir='ltr'>g</span> <span class='ocrx_word' id='word_1_502' title='bbox 1110 2621 1140 2654; x_wconf 81' lang='lat'>5.</span> <span class='ocrx_word' id='word_1_503' title='bbox 1164 2622 1232 2655; x_wconf 86' lang='lat' dir='ltr'>Non</span> <span class='ocrx_word' id='word_1_504' title='bbox 1251 2621 1451 2654; x_wconf 87' lang='lat' dir='ltr'>obstantibus</span> <span class='ocrx_word' id='word_1_505' title='bbox 1473 2620 1546 2654; x_wconf 91' lang='lat' dir='ltr'>dicti</span> <span class='ocrx_word' id='word_1_506' title='bbox 1574 2620 1619 2653; x_wconf 90' lang='lat' dir='ltr'>Pii</span> <span class='ocrx_word' id='word_1_507' title='bbox 1640 2620 1774 2663; x_wconf 88' lang='lat' dir='ltr'>praede·</span> <span class='ocrx_word' id='word_1_508' title='bbox 1804 2623 1973 2649; x_wconf 60' lang='lat' dir='ltr'>Derosmiocon·</span> 
     </span>
    </p>
   </div>
   <div class='ocr_carea' id='block_1_18' title="bbox 1790 2653 1907 2672">
    <p class='ocr_par' dir='ltr' id='par_1_22' title="bbox 1790 2653 1907 2672">
     <span class='ocr_line' id='line_1_100' title="bbox 1790 2653 1907 2672; baseline -0.009 -1"><span class='ocrx_word' id='word_1_509' title='bbox 1790 2653 1907 2672; x_wconf 72' lang='lat' dir='ltr'>trau-iorum.</span> 
     </span>
    </p>
   </div>
   <div class='ocr_carea' id='block_1_19' title="bbox 1030 2674 1775 2774">
    <p class='ocr_par' dir='ltr' id='par_1_23' title="bbox 1030 2674 1775 2774">
     <span class='ocr_line' id='line_1_101' title="bbox 1031 2674 1775 2719; baseline -0.004 -11"><span class='ocrx_word' id='word_1_510' title='bbox 1031 2675 1175 2716; x_wconf 90' lang='lat' dir='ltr'>cessoris,</span> <span class='ocrx_word' id='word_1_511' title='bbox 1197 2680 1353 2719; x_wconf 85' lang='lat' dir='ltr'>quatenus</span> <span class='ocrx_word' id='word_1_512' title='bbox 1371 2675 1485 2715; x_wconf 89' lang='lat' dir='ltr'>obstet,</span> <span class='ocrx_word' id='word_1_513' title='bbox 1502 2674 1636 2717; x_wconf 88' lang='lat' dir='ltr'>aliisque</span> <span class='ocrx_word' id='word_1_514' title='bbox 1649 2679 1775 2717; x_wconf 89' lang='lat' dir='ltr'>aposto-</span> 
     </span>
     <span class='ocr_line' id='line_1_102' title="bbox 1030 2727 1775 2774; baseline -0.003 -12"><span class='ocrx_word' id='word_1_515' title='bbox 1030 2729 1098 2763; x_wconf 88' lang='lat' dir='ltr'>licis</span> <span class='ocrx_word' id='word_1_516' title='bbox 1119 2740 1155 2763; x_wconf 89' lang='lat' dir='ltr'>ac</span> <span class='ocrx_word' id='word_1_517' title='bbox 1175 2729 1207 2762; x_wconf 87' lang='lat' dir='ltr'>in</span> <span class='ocrx_word' id='word_1_518' title='bbox 1224 2728 1475 2774; x_wconf 87' lang='lat' dir='ltr'>provincialibus</span> <span class='ocrx_word' id='word_1_519' title='bbox 1507 2733 1537 2761; x_wconf 88' lang='lat' dir='ltr'>et</span> <span class='ocrx_word' id='word_1_520' title='bbox 1568 2727 1775 2772; x_wconf 70' lang='lat' dir='ltr'>synodalibus</span> 
     </span>
    </p>
   </div>
   <div class='ocr_carea' id='block_1_20' title="bbox 1003 365 1019 2761">
    <p class='ocr_par' dir='ltr' id='par_1_24' title="bbox 1003 365 1019 2761">
     <span class='ocr_line' id='line_1_103' title="bbox 1003 365 1019 2761; baseline 0 0"><span class='ocrx_word' id='word_1_521' title='bbox 1003 365 1019 2761; x_wconf 95' lang='lat' dir='ltr'> </span> 
     </span>
    </p>
   </div>
  </div>
 </body>
</html>
