2226 3070
33 294 85 325 An.
103 296 131 325 C.
149 296 216 325 1586

59 728 214 749 Archiviumihi

32 761 148 786 notariosq.
166 766 213 780 ron-

32 792 106 815 stituit,
116 793 150 818 qui
161 797 215 811 cou—

33 823 161 848 gregationis
168 829 215 849 syn-

33 854 111 875 ‹tii-atui
124 854 214 874 subsint.

52 1532 71 1553 F·
78 1535 185 1553 amentum
193 1533 217 1553 ub

34 1564 67 1589 iis,
104 1565 137 1590 qni
170 1563 218 1583 Ιιίἰι·

34 1595 163 1620 praesidatui
176 1601 216 1615 non

35 1626 130 1651 subsunt,
169 1627 217 1647 inde

33 1657 114 1677 extrahi
144 1658 218 1684 protu-

61 2003 137 2023 Eximit
152 2010 162 2022 a
174 2008 215 2023 so—

35 2035 149 2054 talionibus

33 2066 146 2085 studiarum
195 2068 216 2085 et

34 2097 139 2117 mei-vedis
164 2102 215 2123 quae

34 2127 217 2152 gutieiimiorma-

33 2159 140 2179 cerato-nsi
161 2158 215 2178 sotii

34 2191 96 2211 solet.
109 2194 130 2210 ut
144 2191 162 2209 iu
180 2196 215 2209 sa-

36 2222 108 2241 larium
139 2221 216 2241 reflant.

39 2254 116 2278 proprii
137 2253 216 2277 gabei*

35 2285 114 2303 naturis

63 2491 207 2511 Facultateme

36 2523 113 2547 tigni-ti
130 2524 217 2547 praeto-

36 2559 78 2574 rem
94 2561 105 2573 a
119 2553 173 2573 Seite
189 2554 218 2572 A-

36 2585 139 2610 postntiea
159 2590 216 2604 ron-

37 2617 217 2635 tirmamtumrmi-

37 2647 97 2666 cedit.

887 296 990 321 s1xrus
1009 297 1027 319 v
1048 296 1094 319 pr.
1656 285 1721 320 ⁶255
1778 296 1829 323 An.
1848 296 1876 324 C.
1894 297 1962 324 1586

229 360 355 394 pensas,
369 360 447 392 quas
462 350 590 391 facient,
612 361 758 394 quaeque
775 349 975 383 ordinabun-

230 408 282 435 tur
297 403 329 436 in
348 414 461 436 eorum
474 403 874 449 congregationibusapud
891 414 975 435 eam·

229 456 302 488 dem
323 456 484 490 civitatem
516 457 629 489 Montis
653 456 714 489 Alii
741 457 903 500 perpetuis
925 459 974 489 t'u-

230 509 522 553 turistemporibus
541 510 666 550 fiendis,
685 509 804 542 eisdem
826 511 921 542 modo
948 516 975 542 et

230 563 343 604 forma,
372 564 491 607 quibus
511 563 628 596 ibidem
658 563 840 606 antiquitus
857 564 974 596 sactum

230 615 300 649 suit.

273 669 287 712 ξ
311 669 342 702 3.
364 670 401 703 Ut
418 676 524 702 autem
546 671 667 703 dictum
694 670 888 712 gubernium
922 670 976 702 tir-

229 723 312 755 mius
337 723 508 763 subsistat,
531 723 703 756 statuimus
734 729 765 755 et
790 723 977 755 ordinamus

228 776 314 819 qnod
335 776 463 816 notarii,
487 782 551 809 tam
573 777 682 809 civiles
703 787 799 819 quam
825 776 977 808 crimina-

229 830 285 867 les,
309 830 448 862 debeant
468 830 623 863 continuo
644 830 787 863 habitare
809 830 839 862 in
867 830 977 863 eadem

229 883 354 916 civitate
375 883 489 930 Montis
509 883 582 924 Alti,
597 889 628 917 et
649 884 726 916 inibi
749 894 849 916 unum
871 883 976 916 archi-

228 936 312 969 vium
335 937 472 980 erigere,
492 937 547 970 ubi
569 948 641 970 cum
664 948 779 980 magno
800 937 918 978 studio,
941 936 978 969 si-

228 990 360 1024 delitate
380 996 412 1024 et
429 991 595 1034 diligentia
616 996 848 1024 conserventur
868 1002 979 1023 omnes

228 1044 409 1088 scripturae
429 1045 468 1077 ad
489 1045 610 1078 dictum
625 1045 820 1088 gubernium
835 1050 980 1088 spectan-

229 1102 287 1138 tes,
307 1097 478 1142 ipsumque
499 1098 676 1131 archivium
694 1098 766 1131 inde
781 1099 870 1131 nullo
885 1098 980 1131 modo

230 1151 371 1184 amoveri
390 1152 502 1195 possit,
520 1153 578 1185 sub
594 1163 698 1196 poena
719 1151 904 1195 privationis
925 1162 979 1184 eo-

231 1215 303 1237 rum
325 1205 529 1242 officiorum;
563 1205 688 1249 ipsique
713 1205 828 1238 notarii
859 1205 890 1237 in
917 1206 980 1237 tine

231 1258 405 1292 cuiuslibet
424 1259 574 1300 gubernii
595 1259 773 1303 syndicatui
789 1265 884 1298 stare,
899 1265 928 1292 et
942 1260 981 1292 de

230 1311 470 1353 administratis,
486 1313 640 1357 syndicis,
668 1314 707 1346 ab
729 1313 795 1356 ipsa
817 1313 980 1356 praesida-

234 1370 283 1398 tus
309 1366 557 1409 congregatione
587 1366 791 1410 deputandis,
823 1367 980 1400 rationem

230 1418 378 1451 reddere.

274 1472 289 1514 ἓ
314 1471 344 1504 4.
373 1472 410 1505 Et
437 1478 471 1505 ut
490 1484 600 1506 rerum
621 1474 818 1507 abundantia
839 1474 869 1506 in
890 1474 983 1507 dis-tis

232 1525 417 1559 civitatibus
430 1533 460 1559 et
478 1527 570 1559 terris
591 1527 804 1570 praesidatus,
824 1534 982 1571 quantum

234 1578 302 1611 sieri
323 1585 440 1622 potest,
464 1580 587 1620 existat,
611 1582 781 1613 statuimus
802 1581 887 1624 quod
910 1583 981 1614 nul-

234 1632 282 1665 lus
302 1633 469 1675 praedicto
484 1633 643 1677 gubernio
660 1634 791 1668 minime
805 1635 980 1676 subiectus,

232 1686 398 1729 possidens
418 1687 503 1719 bona
524 1687 557 1719 in
580 1687 672 1720 terris
701 1688 885 1731 praedictis,
909 1700 982 1733 pos·

231 1739 271 1772 sit
288 1739 362 1773 inde
382 1740 548 1773 extrahere
569 1752 624 1774 seu
650 1741 771 1774 extrahi
793 1742 897 1775 facere
923 1743 983 1775 ali-

231 1803 327 1836 quam
353 1793 445 1836 grani
478 1793 703 1837 quantitatem,
731 1795 791 1827 nisi
813 1796 903 1840 prius
923 1797 982 1830 sibi

231 1846 397 1889 reliquerit
419 1847 546 1880 tertiam
569 1854 705 1891 partem,
727 1860 823 1893 quam
843 1861 901 1893 pro
915 1862 983 1894 pre-

231 1895 275 1928 tio
295 1896 440 1929 currenti
461 1897 600 1930 vendere
621 1898 746 1931 debeat.

275 1945 289 1988 ἓ
315 1945 346 1978 5.
373 1945 557 1985 Praeterea,
574 1957 646 1979 cum
665 1946 809 1980 civitates
830 1954 857 1980 et
880 1955 983 1983 terrae

231 2004 268 2026 ac
289 1995 359 2027 loca
385 1994 461 2027 dicti
490 1995 693 2038 praesidatus
723 1997 882 2039 gubernio
906 1999 982 2031 sub—

232 2043 325 2082 iecta,
339 2044 536 2087 stipendium
553 2050 583 2077 et
603 2045 755 2077 salarium
774 2046 981 2087 gubernatori

231 2099 258 2125 et
270 2093 461 2126 officialibus
471 2094 615 2127 eiusdem
626 2095 774 2136 gubernii
788 2097 980 2138 persolvant,

231 2141 314 2185 ipsas
347 2148 460 2182 terras,
492 2142 636 2175 civitates
663 2149 689 2176 et
714 2144 783 2177 loca
804 2155 983 2188 earmnque

233 2201 384 2233 personas
415 2202 432 2223 a
461 2193 677 2225 solutionibus
702 2194 921 2226 custodiarum
944 2196 982 2227 ab

233 2239 308 2282 ipsis
342 2240 411 2272 tieri
441 2240 542 2273 solitis
567 2252 625 2284 pro
663 2242 904 2285 provisionibus
926 2255 982 2276 seu

233 2288 436 2322 mercedibus
456 2291 681 2332 gubernatoris
698 2298 727 2324 et
743 2292 929 2324 officialium
941 2293 983 2325 ci-

231 2337 334 2370 vitatis
352 2344 479 2371 nostrae
496 2339 729 2381 Maceratensis,
753 2351 886 2384 prorsus
902 2341 981 2374 libe-

232 2398 341 2420 ramus
361 2393 392 2420 et
411 2399 594 2421 eximimus

276 2438 291 2479 ξ
316 2437 346 2469 o.
374 2437 503 2470 Necnon
525 2438 630 2477 terris,
654 2438 835 2471 civitatibus
856 2445 883 2471 et
906 2440 983 2472 locis

232 2486 307 2519 dicti
330 2486 532 2529 [uaesidatus
553 2487 737 2520 facultatem
759 2488 896 2529 eligendi
927 2500 981 2521 eo-

234 2547 304 2567 rum
339 2542 520 2578 praetorem
556 2536 776 2575 concedimus,
809 2538 849 2569 ita
877 2543 981 2571 tamen

234 2591 264 2617 ut
288 2585 402 2617 electio
421 2585 606 2618 huiusmodi
629 2597 687 2628 per
706 2586 819 2619 Sedem
847 2588 982 2630 Aposto-

235 2633 474 2677 licam,absque
486 2634 593 2677 aliqua
607 2634 822 2667 retardatiom¹
844 2641 870 2666 et
894 2647 983 2667 exee—

233 2683 354 2726 ptione,
377 2683 561 2716 confirmari
583 2684 705 2716 debeat.

1061 350 1075 392 ξ
1113 348 1143 381 7.
1170 348 1205 381 Et
1233 354 1267 381 ut
1292 348 1438 381 homines
1464 348 1539 381 dicti
1566 348 1765 391 praesidatus
1806 356 1892 378 Necnon
1917 357 1961 378 rru-

1019 401 1131 435 maiori
1158 413 1229 434 eum
1256 412 1363 434 rerum
1385 402 1477 445 eopia
1502 401 1605 434 vivere
1629 402 1762 445 possint,
1779 391 1962 445 ἓξᾞιζζζῃῗΓζ-ἲζ

1020 456 1095 499 ipsis
1117 456 1220 493 terris,
1249 455 1427 488 civitatibus
1451 461 1480 488 et
1516 455 1593 489 locis
1618 456 1764 498 indulge·
1780 451 1885 477 [¹⁰'“¹⁸¹¹⁰‘

1020 519 1090 541 mus
1109 514 1143 541 ut
1163 509 1260 541 libere
1282 509 1445 552 etabsque
1460 509 1532 542 ullis
1554 509 1766 552 impedimen-

1021 562 1058 594 tis
1079 562 1200 605 possint
1220 573 1326 595 emere
1348 574 1483 605 granum
1506 562 1595 605 regni
1616 563 1765 607 Neapoli-

1021 616 1096 653 tani,
1120 615 1172 648 ubi
1195 616 1225 648 id
1253 616 1455 649 commodius
1484 616 1588 649 l'acere
1616 621 1768 659 poterunt

1020 674 1048 700 et
1070 668 1115 700 eIs
1136 669 1318 701 itenerisum
1342 670 1448 709 suerit,
1471 682 1508 702 ac
1538 670 1617 702 illud
1644 670 1765 702 condu—

1020 732 1091 753 cere
1113 728 1143 753 et
1163 723 1299 754 couduvi
1318 724 1421 755 faeere
1433 723 1472 756 ad
1484 734 1597 756 eorum
1610 723 1764 764 civitates,

1022 780 1121 807 terras
1146 782 1174 807 et
1201 776 1282 811 loca,
1312 777 1431 809 nullius
1452 778 1490 810 ad
1516 777 1576 810 hoc
1613 777 1766 820 requisita

1022 828 1160 861 lieentia.

1065 883 1079 923 ξ
1105 881 1135 914 8.
1159 882 1218 915 Eos
1238 893 1368 927 quoque
1395 884 1570 917 liberamus
1598 891 1628 918 et
1655 885 1766 918 eximi·
1809 890 1965 917 &imflamm-

1022 945 1092 967 mus
1112 935 1151 967 ab
1172 936 1322 969 omnibus
1343 937 1562 980 vectigalibus,
1586 938 1690 978 datiis,
1711 939 1767 971 do·
1782 926 1965 979 ‘giiiqgfo‘fcpiiss

1021 990 1123 1031 ganiS,
1136 989 1269 1031 gabellis
1287 996 1314 1022 et
1329 991 1524 1031 transitibus,
1537 992 1590 1034 qui
1610 1002 1669 1032 res,
1686 992 1769 1025 bona
1783 983 1966 1034 {¹,ffi‘ff4'1¹{f'':,.}⁸‚¹„⁰s¹[‘

1022 1047 1053 1075 οι,
1073 1053 1196 1075 merces
1217 1042 1357 1076 cuiusvis
1377 1044 1503 1087 generis
1522 1045 1560 1077 ad
1582 1044 1698 1077 dictam
1724 1045 1769 1078 ci-
1784 1045 1895 1066 V⁹¹¹²⁰d³³·

1022 1096 1149 1129 vitatem
1174 1096 1286 1129 Montis
1309 1097 1369 1129 Alti
1401 1098 1593 1138 conducent,
1615 1109 1673 1141 per
1693 1110 1770 1142 qua-

1023 1149 1169 1191 draginta
1183 1150 1330 1183 milliaria
1343 1151 1554 1184 circumcirca
1567 1153 1712 1185 eamdem
1726 1153 1769 1185 ci·
1811 1166 1816 1171 ·

1023 1202 1149 1235 ritatem
1162 1203 1361 1243 MontisAhi,
1376 1211 1506 1248 excepta
1525 1211 1630 1238 tamen
1647 1206 1771 1249 dogaua

1023 1257 1174 1290 Anconae
1193 1263 1220 1290 et
1243 1258 1314 1291 aliis
1334 1259 1467 1301 doganis
1488 1270 1546 1302 pro
1568 1260 1663 1292 rebus
1684 1266 1771 1293 extra

1024 1310 1145 1343 Statum
1173 1322 1230 1355 per
1255 1322 1341 1345 mare
1379 1313 1652 1356 transportandis,
1687 1313 1770 1346 inhi-

1024 1364 1136 1397 bemus
1162 1371 1335 1409 propterea
1369 1366 1529 1399 dictorum
1556 1366 1770 1409 vectigalium,

1024 1418 1198 1457 (latiorum,
1218 1418 1416 1461 gabellarum
1449 1425 1479 1453 et
1498 1420 1690 1453 transituum
1711 1421 1771 1453 hu-

1025 1471 1161 1504 iusmodi
1207 1473 1474 1513 condtujtoribus,
1506 1473 1710 1507 exactoribus
1743 1480 1773 1506 et.

1024 1526 1279 1569 apljialtatoribus
1312 1537 1351 1559 ne
1390 1537 1544 1570 personas
1578 1528 1770 1571 praedictas,

1026 1589 1205 1622 eorumque
1226 1590 1288 1619 res,
1322 1591 1446 1613 merces
1471 1586 1502 1613 et
1528 1581 1612 1614 bona
1641 1592 1771 1625 quoquo

1025 1633 1122 1665 modo
1143 1634 1324 1674 molestare,
1353 1640 1407 1666 aut
1435 1634 1475 1666 ab
1502 1634 1546 1667 eis
1580 1635 1770 1678 quidquam,

1025 1686 1149 1719 ratione
1181 1687 1367 1720 earumdem
1402 1698 1511 1721 rerum
1543 1694 1573 1721 et
1601 1688 1771 1729 mercium,

1025 1745 1088 1772 tam
1115 1740 1147 1772 in
1173 1741 1281 1774 eundo
1309 1752 1406 1784 quam
1436 1742 1613 1782 redeundo,
1649 1742 1774 1786 exigere

1025 1799 1246 1836 praesumant.

1069 1848 1083 1890 ξ
1108 1847 1139 1881 9.
1162 1848 1199 1880 Et
1215 1847 1289 1892 quia
1300 1854 1405 1882 terrae
1417 1855 1545 1882 nostrae
1564 1849 1679 1882 Montis
1696 1850 1772 1883 For·
1790 1854 1886 1896 „5³4¹”
1896 1859 1969 1905 Ἡμιθ-

1026 1900 1082 1933 tini
1104 1906 1131 1934 et
1159 1901 1272 1934 Montis
1296 1902 1442 1935 Monachi
1464 1903 1539 1935 dicti
1575 1902 1773 1946 praesidatus
1788 1887 1906 1937 i'i‘iss'i‘ssssfi,
1915 1889 1971 1937 312¹.st

1024 1955 1182 1997 gubernio
1202 1955 1377 1995 subiectae,
1410 1967 1475 1989 non
1501 1962 1592 1989 erant
1624 1956 1773 2000 primitus
1788 1949 1970 2000 ;}{„f‚2¹n'1¹,}³,‡mffi

1025 2015 1213 2052 aggregatae
1235 2021 1371 2043 numero
1392 2011 1528 2043 aliarum
1550 2018 1708 2043 terrarum
1724 2011 1772 2044 di·
1788 2011 1863 2031 ⁵¹¹b⁴¹5¹>

1026 2062 1065 2095 cti
1092 2063 1303 2106 praesidatus,
1326 2064 1473 2096 volumus
1495 2070 1528 2096 ut
1549 2063 1620 2096 illae
1641 2064 1672 2096 in
1689 2066 1773 2097 sutu-

1026 2126 1097 2148 rum
1114 2116 1173 2148 sint
1185 2122 1342 2159 perpetuo
1355 2122 1544 2159 aggregatae
1553 2117 1638 2149 dicto
1651 2118 1773 2161 praesi-

1025 2169 1125 2209 datui,
1153 2175 1249 2212 prout,
1270 2170 1340 2201 illas
1368 2181 1425 2213 per
1445 2176 1628 2213 praesentes
1648 2177 1773 2204 nostras

1025 2234 1246 2265 aggregamus,
1260 2224 1498 2267 gaudeantque,
1512 2224 1631 2257 eisdem
1643 2225 1771 2269 privile-

1024 2276 1094 2319 giis,
1110 2277 1377 2317 immunitatilms‚
1395 2278 1662 2321 exemptionibus,
1681 2289 1773 2323 prae-

1026 2329 1174 2372 rogativis
1196 2336 1224 2363 et,
1246 2331 1315 2363 aliis
1328 2331 1450 2373 gratiis,
1465 2332 1582 2375 quibus
1600 2332 1680 2365 aliae
1696 2333 1770 2365 dicti

1026 2384 1225 2426 praesidatus
1246 2384 1397 2425 civitates,
1419 2391 1521 2418 terrae
1542 2392 1572 2418 et
1600 2387 1669 2419 loca
1693 2397 1771 2429 gau-

1025 2437 1100 2469 dent.
1120 2442 1150 2469 et
1170 2438 1351 2480 potiuntur,
1365 2443 1395 2471 et
1414 2440 1553 2480 gaudere
1567 2440 1703 2483 etpotiri
1718 2451 1773 2483 po-

1025 2491 1132 2518 terunt
1151 2487 1395 2529 quomodolibet
1410 2488 1441 2520 in
1464 2488 1621 2528 futurum,
1635 2489 1772 2521 liberan-

1026 2542 1070 2567 tes
1091 2546 1143 2568 eas
1165 2546 1295 2578 prorsus
1320 2542 1347 2569 et
1378 2537 1554 2571 eximentes
1578 2550 1594 2570 a
1615 2538 1772 2581 gubernio

1025 2590 1051 2617 et
1075 2585 1326 2628 congregatione
1353 2587 1535 2629 provinciae
1566 2587 1721 2619 Mam-hiae
1743 2593 1768 2618 et

1026 2636 1224 2676 praefectura
1248 2635 1421 2667 Montanea·

1070 2685 1084 2726 ᾗς
1104 2683 1156 2716 lt).
1176 2684 1339 2717 Postremo
1356 2685 1480 2719 litteras
1500 2686 1593 2718 liberi
1611 2696 1769 2718 commer-
