2226 3070
227 308 278 335 An.
291 306 320 334 C.
340 306 408 333 1590

467 295 530 329 1196

1018 301 1197 325 BL'LLARIUM
1220 300 1371 324 ROMANUM

424 368 487 401 que
507 357 606 390 series
625 363 657 389 et
677 356 894 389 consideratio
916 353 1073 397 gradatim
1091 358 1118 385 et
1139 353 1178 384 si—
1219 352 1429 385 assei-randae
1457 358 1551 384 erunt
1572 352 1631 384 hae
1652 357 1876 385 sacrosanctae
1901 354 1975 386 Sea-

424 411 559 453 gillatim
581 411 613 443 in
635 411 740 449 tertio,
763 414 878 452 quarto
900 408 937 440 ad
958 407 1111 449 deinceps
1128 418 1178 438 re-

427 464 523 507 liquis
540 463 674 506 singulis
689 462 833 495 eiusdem
847 461 958 494 Scalae
968 465 1096 492 sanetae
1109 470 1178 501 gra-

427 518 523 550 dibus
544 514 785 552 transferemlis,
808 513 1005 547 collocandis
1021 519 1049 545 et
1063 513 1179 545 adiun-

426 570 539 613 gendis
559 569 672 603 servati
694 568 870 607 extiterint;
888 567 1001 609 sicque
1014 566 1181 609 ipsasSea-

427 625 472 656 las
501 629 640 662 sanctas,
663 621 800 665 pedibus
826 620 1014 653 mortalium
1046 619 1182 652 intactas

428 677 625 718 minimeque
658 675 809 715 calcatas,
841 673 927 706 iuxta
962 672 1119 715 insignem
1143 672 1181 704 il-

429 731 489 762 lam
511 741 547 762 ac
569 729 745 773 praecipua
766 727 933 761 sanctitate
946 731 1181 761 tototerrarum

428 783 507 815 orbe
527 782 612 815 inter
628 782 737 815 omnia
753 781 848 814 Urbis
868 786 898 814 et
919 781 1007 813 orbis
1023 779 1183 812 sanctiora

428 837 498 869 loca
525 836 770 869 celeberrimam
793 835 964 879 capellam,
992 844 1074 877 qnae
1100 833 1182 866 anti-

427 889 583 932 quissima
606 894 634 921 et
654 889 789 921 maxima
812 888 971 921 maiorum
998 892 1182 920 nostrorum

428 943 635 976 veneratione
663 942 726 975 iam
752 942 826 974 inde
852 942 890 974 ab
916 942 983 985 ipsa
1010 940 1184 974 crescentis

430 995 591 1028 Ecclesiae
612 995 719 1039 prisca
739 1001 842 1028 aetate
861 995 968 1027 Suum
989 995 1184 1027 Srmctornm

430 1048 624 1091 appellatur,
653 1054 683 1081 et
712 1059 810 1091 quani
839 1049 881 1081 ob
907 1047 968 1080 loci
994 1047 1184 1089 religionem

431 1112 563 1145 prorsus
592 1102 744 1135 intactam
773 1113 895 1145 suaque
923 1101 1086 1145 primaeva
1111 1101 1185 1133 sede

432 1155 599 1189 immotam
623 1156 825 1199 reliquimus,
854 1155 1032 1188 decentiori
1055 1166 1089 1187 ae
1112 1165 1183 1188 san-

431 1209 523 1242 ctiori
544 1215 639 1253 atque
651 1221 668 1242 a
680 1209 896 1243 multitudinis
912 1209 1097 1242 cursitantis
1108 1214 1187 1242 stre-

432 1264 502 1310 pitu
524 1264 626 1307 magis
646 1270 781 1300 remoto,
803 1269 831 1296 et
853 1264 890 1296 ad
912 1263 1112 1296 excitandam
1134 1264 1187 1296 de-

432 1319 593 1352 votionem
620 1317 745 1362 aptiore
773 1318 804 1350 in
836 1317 908 1350 loco
940 1327 1184 1360 reponeremus.

434 1372 506 1411 Ubi,
529 1377 558 1403 et
580 1371 634 1414 qui
657 1381 715 1414 per
738 1371 822 1414 ipsas
844 1371 932 1403 tlexis
953 1370 1090 1413 genibus
1110 1381 1186 1413 pro-

434 1425 536 1464 strati,
559 1430 591 1457 ut
616 1423 714 1456 moris
739 1429 797 1463 est,
824 1423 876 1467 pie
897 1423 996 1456 Deum
1020 1429 1187 1466 precantes·

433 1477 624 1516 ascendunt,
644 1477 725 1509 nihil
744 1487 876 1519 prorsus
896 1483 969 1509 ante
993 1477 1105 1509 oculos
1131 1477 1187 1509 ha-

435 1530 643 1573 beant,quod
665 1540 778 1563 eorum
801 1530 1188 1562 aninnnnaderotacon-

435 1583 645 1626 templatione
671 1589 800 1622 avocet;
824 1582 878 1615 sed
901 1582 1007 1626 potius
1028 1583 1188 1625 augustis-

435 1638 548 1670 simam
559 1636 732 1670 Salvatoris
744 1637 930 1679 imaginem,
954 1648 1038 1680 qnae
1055 1637 1087 1669 in
1100 1648 1189 1680 prae-

435 1690 520 1723 dicta
555 1690 706 1723 sanctiori
746 1690 869 1732 capella
903 1690 1059 1733 singulari
1091 1696 1119 1723 et
1153 1701 1190 1723 ex

435 1743 523 1777 omni
537 1743 727 1787 antiquitate
748 1743 934 1786 longissima
956 1744 1098 1787 plurium
1120 1755 1190 1777 sae-

436 1797 585 1830 culorum
605 1797 688 1830 serie
709 1797 844 1841 repetita
858 1797 1028 1837 memoria,
1051 1808 1192 1830 summa-

437 1861 501 1893 que
528 1856 655 1893 patrum
684 1850 841 1893 religione
863 1850 993 1890 colitur,
1018 1851 1188 1890 intuentes,

438 1903 507 1947 ipsa
532 1904 594 1936 loci
626 1903 806 1943 sanctitate,
834 1903 872 1935 ad
891 1903 1109 1936 exhibendum
1132 1906 1191 1937 t'er-

438 1957 574 1990 ventiori
607 1957 713 1990 studio
734 1957 927 2000 sinceroque
950 1958 1055 1990 cordis
1076 1958 1192 1991 affectu

438 2010 568 2043 Divinae
589 2010 744 2043 Maiestati
755 2011 892 2051 cultum,
907 2011 1063 2043 maiorem
1078 2011 1109 2043 in
1122 2021 1191 2044 mo-

439 2064 515 2095 dum
547 2064 784 2103 accendantur,
807 2070 837 2096 ct
866 2064 985 2097 eaedem
1013 2064 1136 2105 Scalae,
1160 2065 1192 2097 in

440 2127 530 2155 cam,
553 2127 617 2160 qna
647 2127 705 2160 par
725 2123 782 2157 est,
806 2117 994 2159 dignitatem
1025 2129 1062 2150 ae
1087 2119 1193 2162 splen-

442 2170 553 2202 dorem
575 2170 740 2203 restitutae
765 2171 805 2203 ad
834 2177 999 2204 aeternam
1026 2172 1194 2214 posterita-

398 2237 402 2240 ’
442 2223 480 2255 tis
502 2224 691 2256 memoriam
718 2225 826 2258 debito
846 2236 920 2258 cum
943 2226 1066 2258 honore
1091 2231 1119 2258 et
1147 2236 1194 2258 re-

442 2277 584 2310 verentia
604 2285 846 2312 conserventur.
888 2279 1027 2319 Etenim,
1049 2279 1074 2312 si
1100 2290 1193 2322 prae-

444 2331 539 2374 cipua
577 2332 783 2365 veneratione
819 2333 1008 2375 dignissima
1044 2339 1120 2366 sunt
1158 2344 1194 2366 ea

443 2385 564 2424 omnia,
586 2396 668 2428 quae
691 2397 748 2429 per
769 2393 953 2419 contactum
980 2386 1193 2419 Sacratissimi

444 2438 595 2482 Corporis
620 2439 747 2471 Domini
775 2440 875 2473 nostri
902 2440 972 2473 Iesu
1001 2440 1130 2480 Christi,
1164 2441 1193 2473 in

444 2498 509 2530 qno
525 2487 631 2520 omnis
651 2488 818 2529 plenitudo
843 2489 1016 2522 divinitatis
1041 2500 1195 2533 corpora-

444 2536 517 2569 liter
538 2536 710 2577 inhabitat,
742 2538 940 2570 sanctificata
974 2539 1043 2571 iure
1073 2538 1195 2581 optimo

445 2591 629 2623 censentur3
652 2592 771 2629 quanta
798 2586 929 2619 demum
956 2588 1133 2620 rexerentia
1161 2599 1195 2621 a-

445 2634 591 2677 nimique
608 2634 803 2668 demissione
833 2635 1000 2676 colendae,
1023 2642 1142 2679 quanta
1163 2648 1196 2670 e-

445 2682 522 2716 tiam
542 2683 790 2717 honorificentia
809 2690 838 2716 et
859 2684 976 2717 decore
990 2685 1155 2718 ornandae
1168 2690 1198 2718 et

1220 406 1280 445 lae,
1305 416 1383 448 quas
1413 404 1497 437 idem
1533 404 1689 437 Dominus
1714 415 1749 437 ae
1779 405 1975 449 Redemptor

1221 464 1329 491 noster
1345 458 1510 491 iamantea
1522 458 1714 500 flagellatus,
1732 457 1843 501 spinea
1854 469 1975 492 corona

1221 517 1316 555 eaput
1339 511 1461 544 circum
1489 511 1687 551 vulneratus,
1712 521 1777 543 non
1798 511 1895 545 modo
1914 524 1975 546 nu-

1222 565 1270 598 dis
1290 575 1458 598 sacrorum
1470 564 1590 608 pedum
1612 564 1740 608 plantiS,
1763 565 1818 598 sed
1839 575 1876 598 eo
1894 565 1975 609 ipso,

1222 630 1319 662 quem
1334 630 1392 662 pro
1409 618 1502 652 nobis
1522 618 1722 659 effundebat,
1750 618 1978 653 inaestimabili

1223 672 1380 715 sanguine
1400 672 1546 716 aspersit,
1557 672 1720 715 simulque
1737 672 1887 715 gloriosis
1901 673 1977 706 bea-

1223 730 1331 758 torum
1353 726 1472 769 pedum
1503 731 1532 758 et
1565 725 1691 758 cruoris
1711 736 1747 758 ex
1773 725 1893 759 sanctis
1911 727 1979 758 vul-

1224 778 1357 811 neribus
1378 779 1510 823 copiose
1531 779 1693 811 manantis
1714 778 1869 822 vestigiis,
1895 790 1980 822 quae

1224 832 1331 865 adhuc
1357 838 1478 872 extant,
1501 832 1673 875 impressas
1694 843 1730 865 ac
1756 837 1882 865 notatas
1903 833 1980 866 reli-

1225 886 1321 929 quit?
1353 885 1591 926 Adora-bimas,
1615 885 1719 928 inquit
1746 885 1918 929 Propheta,
1944 887 1980 920 in

1225 940 1290 972 loco
1312 941 1366 972 ubi
1389 943 1547 972 stetermit
1565 940 1659 982 pedes
1685 940 1767 979 cing
1794 945 1826 972 et
1852 950 1978 973 rursus:

1226 993 1369 1026 Adorate
1386 993 1560 1026 scabellum
1576 993 1695 1035 pedum
1729 993 1808 1033 cius,
1824 994 1981 1037 qnoniam

1226 1051 1377 1080 sanctum
1394 1052 1451 1080 est.
1481 1046 1574 1091 Apud
1600 1046 1714 1080 Isaiam
1739 1057 1872 1090 quoque
1902 1047 1980 1090 legi-

1229 1111 1311 1133 mus:
1334 1101 1452 1134 Locnm
1470 1101 1588 1144 pedum
1612 1111 1756 1134 meorum
1781 1101 1980 1144 ylorz'ficabo,

1228 1161 1258 1188 et
1269 1155 1308 1188 ad
1319 1160 1462 1187 sanctam
1485 1154 1649 1188 civitatem
1662 1155 1884 1199 llyerusalem:
1896 1155 1980 1189 Ado-

1228 1210 1349 1243 rabunt
1368 1210 1504 1252 vestiyid
1532 1209 1651 1252 pedum
1684 1213 1826 1249 tuornrrm
1846 1214 1878 1242 et
1896 1209 1982 1254 apud

1229 1263 1442 1296 Ezechielem:
1465 1263 1565 1295 Locus
1585 1263 1660 1295 solii
1676 1263 1752 1303 mei,
1779 1266 1808 1296 et
1824 1263 1910 1296 locus
1929 1273 1981 1296 ve-

1228 1317 1401 1359 stiyz'orttm
1421 1316 1537 1359 pedam
1558 1326 1712 1350 meorum.

1273 1369 1288 1412 ξ
1308 1368 1339 1402 2.
1362 1369 1429 1402 IIoc
1454 1369 1553 1412 igitur
1577 1380 1636 1413 pro
1656 1380 1756 1414 opere
1780 1370 1927 1412 tandem,
1949 1372 1986 1404 li-

1230 1427 1280 1455 eet
1301 1422 1423 1465 ingenti
1444 1429 1591 1467 sumptu,
1614 1423 1751 1456 feliciter
1764 1423 1820 1456 Dei
1840 1423 1986 1467 benigni-

1230 1481 1293 1509 tate
1319 1476 1479 1517 absoluto,
1505 1476 1668 1520 porticum
1689 1488 1820 1521 qnoque
1837 1483 1912 1511 ante
1932 1489 1986 1511 eas

1231 1529 1306 1562 satis
1330 1530 1472 1573 amplam
1493 1536 1590 1573 atque
1610 1536 1757 1564 ornatam
1776 1531 1985 1572 extruximus,

1231 1593 1369 1627 eamque
1387 1584 1587 1626 ingentibus,
1603 1584 1815 1618 solidioribus
1829 1596 1866 1619 ac
1887 1586 1986 1619 robu-

1231 1637 1384 1670 stioribus
1406 1638 1518 1671 ferreis
1529 1638 1672 1672 cratibus
1692 1639 1730 1671 ad
1753 1639 1879 1684 singula
1900 1639 1988 1674 illius

1233 1686 1485 1720 intercolumnia
1521 1687 1646 1731 positis,
1684 1689 1903 1733 undequaque
1936 1700 1986 1723 se-

1232 1740 1332 1778 ptam,
1357 1741 1389 1768 ut
1412 1747 1470 1779 par
1495 1742 1574 1777 erat,
1595 1737 1770 1770 clausimus
1791 1742 1823 1771 et
1842 1748 1988 1771 commu-

1233 1783 1383 1825 nivimus,
1408 1785 1577 1828 clavesque
1606 1785 1669 1818 illis
1702 1786 1816 1830 aptari,
1845 1792 1881 1820 ut
1911 1798 1987 1820 con-

1233 1833 1321 1877 gruis
1346 1834 1435 1867 horis
1451 1840 1482 1867 et
1501 1835 1704 1878 temporibus
1725 1835 1805 1869 ostia
1825 1836 1945 1880 aperiri
1957 1841 1987 1869 et

1234 1883 1395 1916 observari
1413 1883 1423 1905 ¹
1441 1889 1573 1927 queant,
1590 1889 1772 1928 opportune
1789 1886 1985 1919 curavimus.

1234 1932 1356 1965 Alteras
1381 1938 1549 1976 praeterea
1580 1934 1693 1974 scalas,
1724 1934 1816 1967 binas
1841 1934 1990 1968 videlicet

1235 1981 1273 2013 ad
1295 1981 1472 2023 dexteram,
1495 1993 1532 2015 ae
1554 1983 1687 2016 totidem
1710 1983 1748 2016 ad
1762 1983 1989 2024 sinistram,ne

1235 2030 1308 2073 quis
1329 2042 1387 2074 per
1402 2032 1529 2065 easdem
1543 2033 1644 2065 scalas
1661 2038 1799 2073 sanetas,
1813 2032 1875 2066 alia
1890 2044 1989 2076 quam

1235 2080 1348 2112 orandi
1371 2091 1467 2113 causa
1488 2086 1518 2114 et
1547 2081 1685 2123 genibus
1715 2081 1817 2121 flexis,
1847 2092 1990 2126 congrua

1236 2140 1309 2161 cum
1332 2130 1512 2163 reverentia
1532 2136 1686 2171 transeat,
1699 2141 1779 2164 neve
1799 2131 1840 2164 ob
1861 2132 1989 2166 conser-

1236 2185 1300 2211 tam
1313 2180 1511 2223 populorum
1530 2191 1567 2213 ex
1588 2180 1740 2213 omnibus
1760 2181 1873 2214 mundi
1889 2182 1989 2225 parti-

1237 2228 1295 2260 bus
1311 2239 1348 2261 eo
1358 2229 1625 2262 concurrentium
1637 2229 1893 2271 multitudinem,
1905 2241 1990 2263 sum·

1237 2287 1390 2320 mamque
1419 2277 1636 2321 frequentiam
1662 2278 1694 2311 in
1710 2289 1846 2312 ascensu
1877 2284 1909 2313 et
1934 2279 1990 2315 de-

1237 2337 1352 2359 scensu
1362 2326 1588 2360 christifideles
1602 2337 1635 2360 se
1647 2327 1784 2360 invicem
1797 2327 1989 2372 impediant,

1238 2378 1316 2409 latas
1336 2383 1433 2421 atque
1458 2377 1592 2420 amplas.

1282 2426 1296 2469 ξ
1321 2425 1353 2458 3.
1377 2425 1534 2469 Superius
1554 2430 1662 2458 autem
1687 2427 1805 2459 sacella
1824 2427 1889 2460 dno
1909 2438 1926 2460 a
1948 2428 1991 2461 la-

1240 2475 1361 2507 teribus
1382 2474 1485 2507 dietae
1508 2474 1678 2507 sanctioris
1703 2475 1847 2520 capellae
1875 2486 1991 2520 magna

1239 2523 1385 2566 impensa
1405 2523 1660 2563 aedificavimus,
1683 2534 1811 2557 necnon
1831 2525 1931 2558 altare
1958 2525 1991 2558 in

1239 2584 1304 2606 uno
1325 2583 1362 2606 cx
1381 2573 1475 2606 dictis
1494 2573 1622 2605 sacellis
1642 2573 1702 2606 sub
1724 2573 1825 2606 sancti
1846 2574 1990 2607 Lauren-

1239 2623 1275 2656 tii
1296 2622 1458 2666 martyris,
1484 2622 1516 2654 in
1543 2622 1645 2655 altero
1670 2628 1778 2656 autem
1800 2623 1860 2656 sub
1887 2623 1990 2658 sancti

1277 2696 1286 2721 t
1306 2693 1428 2722 Cherub.
1447 2692 1578 2721 Obserart
1592 2694 1633 2727 (R.
1651 2694 1700 2728 13).

1990 298 2042 327 An.
2059 298 2087 326 C.
2108 297 2176 327 1590

2027 1368 2135 1390 vorticum
2143 1376 2184 1390 nn-

2001 1402 2021 1421 te
2035 1400 2112 1421 dictam
2131 1401 2183 1421 Sca-

2001 1432 2042 1452 lam
2053 1433 2104 1451 satta
2119 1438 2184 1452 orna-

2001 1466 2042 1483 tam
2058 1464 2156 1484 curum.

2031 2434 2114 2455 sacena
2150 2436 2190 2455 duo

2005 2467 2058 2493 apud
2114 2466 2189 2486 dietam

2005 2496 2108 2523 cupellam
2142 2496 2176 2517 Sat

2006 2529 2085 2549 valoris
2109 2527 2189 2549 aedifi-

2006 2559 2070 2579 cavit,
