2226 3070
22 305 71 332 An.
91 301 201 329 (1.1592

51 1587 195 1614 Nonnullaque

15 1615 118 1635 noncessit
133 1615 197 1640 privi-

14 1641 69 1668 legia
84 1647 147 1662 nuere
167 1641 197 1661 in·

13 1668 85 1688 iuncto
103 1668 198 1689 solvendi

14 1700 43 1715 nn
57 1697 109 1715 scut.
120 1694 162 1716 DD.
171 1695 196 1716 de

14 1721 79 1742 Liliin.

834 303 978 326 CLEMENs
999 303 1056 326 VIII
1077 303 1126 326 PP.

217 349 305 383 modi
327 349 514 387 civitatibus,
541 350 641 390 terris,
666 350 792 394 oppidis
824 357 851 383 et
879 350 956 383 loeis

214 403 301 435 nulla
322 403 577 441 confraternitas,
602 415 684 447 quae
704 404 735 436 id
757 404 883 441 faceret,
908 416 956 437 re-

213 457 381 500 periretur,
403 457 431 490 ei
449 458 700 491 confraternitati
722 469 776 490 seu
798 458 951 495 societati,

213 521 308 553 quam
327 511 388 544 loci
409 511 596 545 Ordinarius
617 513 656 545 ad
679 512 710 545 id
728 512 816 555 pium
840 524 955 544 munus

213 564 397 597 obeundum
420 565 612 608 deputasset,
636 576 690 598 seu
717 566 754 598 de
776 576 857 598 novo
887 566 952 598 eri-

213 619 352 657 eendum
372 619 521 655 duxisset,
540 619 700 651 univimus
719 625 744 651 et
769 619 954 663 incorpora-

213 671 334 708 viuius2
365 671 550 715 eisdemque
580 673 894 705 confraternitatibus
926 679 952 706 et

212 735 321 757 earum
344 725 517 768 unicuique
546 726 693 758 custodes
714 726 744 758 in
773 726 955 759 earreribus

212 778 385 821 praedictis
406 778 539 811 idoneos
559 779 699 822 ponendi
722 784 749 812 et
771 780 951 817 amovendi,

212 842 270 864 nec
290 842 354 864 non
376 831 455 869 iura,
479 832 605 871 salaria,
630 834 808 872 merc-edes,
833 834 955 866 emolu-

213 890 318 919 menta
339 891 367 919 et
389 886 510 928 regalia
532 897 754 930 quaecumque
770 887 955 920 custodibus

212 949 376 972 carcerum
397 939 475 972 solvi
497 940 589 973 solita
620 946 650 973 et
670 941 708 973 ad
737 952 790 974 eos
817 952 954 984 quomo-

212 992 333 1026 dolibet
352 992 545 1036 pertinentia
559 994 742 1037 colligendi,
760 995 904 1037 exigendi
925 1001 953 1028 et

212 1045 335 1079 levandi
347 1047 475 1090 plenam
492 1052 522 1080 et
534 1047 668 1080 liberam
683 1047 864 1081 facultatem
879 1059 955 1081 con-

212 1099 378 1136 cessimus:
411 1105 441 1133 et
468 1100 540 1133 loeo
567 1111 692 1133 annuae
724 1101 950 1144 responsionis,

212 1153 339 1187 circiter
359 1160 498 1198 quatuor
529 1154 629 1187 millia
653 1160 832 1195 scutorum,
857 1167 953 1199 quam

212 1207 315 1241 dietus
336 1209 468 1241 Ioannes
493 1209 632 1252 Baptista
659 1219 695 1241 ex
725 1209 954 1242 subloeationi-

212 1262 270 1294 bus
290 1262 469 1295 officiorum
496 1262 680 1295 huiusmodi
702 1262 733 1294 in
757 1268 856 1295 totum
874 1274 950 1306 per-

211 1314 316 1359 cipere
337 1321 559 1353 consueverat,
589 1326 660 1348 eum
694 1315 745 1348 illa
776 1317 952 1350 seeundum

211 1374 355 1412 optatum
388 1374 544 1407 nostrum,
577 1369 618 1402 ob
655 1370 808 1402 maximas
837 1370 953 1413 quibus

211 1423 297 1457 hisee
331 1423 518 1457 miserrimis
552 1423 752 1467 temporibus
783 1434 954 1466 gravamur

211 1477 382 1521 impensas,
406 1477 525 1510 eisdem
551 1477 865 1510 consraternitatibus
894 1479 952 1511 do-

212 1542 288 1565 nare
316 1542 381 1564 non
400 1532 591 1571 valeremus,
612 1531 824 1574 imposuimus
848 1537 879 1564 et
899 1531 949 1564 in-

212 1585 350 1618 diximus
370 1590 473 1617 taxam
486 1595 525 1618 xv
543 1584 679 1616 millium
700 1590 862 1617 scutorum
885 1590 953 1617 tan-

213 1644 279 1672 tum
294 1649 351 1682 per
363 1638 462 1672 dietas
479 1638 756 1671 confraternitates
777 1648 953 1681 earumque

213 1692 364 1733 singulas,
394 1703 453 1736 pro
483 1698 551 1724 rata
570 1691 743 1735 unicuique
764 1691 905 1735 ipsarum
936 1702 952 1724 a

213 1745 347 1778 dilectiis
368 1745 440 1777 tiliis
460 1745 489 1778 S.
514 1745 549 1778 R.
573 1745 606 1777 E.
631 1744 807 1777 camerario
835 1750 861 1777 et
886 1744 952 1777 the-

212 1799 355 1832 saurario
369 1798 581 1841 generalibus,
597 1798 705 1830 habita
726 1798 849 1830 ratione
867 1798 953 1841 prio-

212 1853 253 1885 ris
274 1852 490 1896 responsionis
518 1857 550 1884 ut
580 1851 761 1895 praefertur
781 1851 857 1884 solvi
879 1852 953 1884 soli-

212 1912 271 1945 tae,
287 1906 477 1939 declaranda
495 1911 525 1938 et
543 1905 744 1947 assignanda,
761 1905 789 1937 in
809 1906 951 1938 futurum

211 1960 409 1993 thesaurario
430 1960 498 1993 eius
518 1960 712 2004 provinciae,
730 1960 784 1992 ubi
806 1970 952 2003 quaeque

211 2015 331 2053 eivitas,
356 2020 440 2048 terra
459 2026 513 2048 seu
535 2015 689 2059 oppidum
715 2014 762 2047 vel
785 2014 874 2047 locus
894 2014 953 2047 sita

211 2074 315 2108 erunt⁷
339 2069 503 2102 annuatim
525 2069 563 2101 (le
583 2068 727 2101 bimestri
749 2068 780 2100 in
803 2068 952 2100 bimestre

212 2123 393 2166 anticipate,
424 2128 451 2155 et
484 2133 543 2166 pro
573 2128 641 2154 rata
672 2122 893 2165 persolvenda,
918 2132 953 2153 ea

212 2177 364 2209 nimirum
383 2177 421 2209 de
442 2187 547 2213 eausa,
568 2181 600 2208 ut
622 2187 658 2208 ex
679 2186 715 2207 ea
735 2175 792 2208 dos
812 2186 867 2207 seu
890 2176 956 2216 frit-

213 2236 281 2264 etus
300 2242 358 2275 pro
375 2231 453 2264 loeis
473 2242 528 2263 seu
546 2230 748 2273 portionibus
767 2229 883 2262 montis
904 2240 954 2261 va-

213 2285 323 2318 eabilis
343 2285 382 2318 ad
403 2285 550 2318 effectum
570 2284 792 2325 congerendae
810 2293 954 2315 summae

212 2343 376 2371 scutorum
398 2337 582 2382 quindecim
605 2337 753 2373 millium,
773 2348 854 2380 quae
869 2336 954 2369 dieto

213 2392 322 2424 loanni
342 2391 500 2435 Baptistae
519 2390 686 2423 restituere
700 2395 727 2422 et
750 2390 886 2433 persolvi
902 2390 955 2422 de-

213 2457 426 2485 creveramus,
441 2455 556 2489 nempe
567 2455 624 2478 x111
644 2444 743 2476 millia
760 2455 818 2487 per
835 2443 953 2476 dietum

213 2500 281 2532 eius
300 2499 478 2541 genitorem
498 2498 622 2531 ratione
643 2497 736 2541 pretii
754 2497 895 2530 eiusdem
910 2497 956 2529 os-

215 2553 277 2586 ficii
299 2553 401 2585 dictae
421 2558 548 2585 nostrae
562 2552 711 2585 Gamerae
732 2550 838 2588 soluti,
856 2555 883 2582 et
907 2561 956 2582 re-

214 2607 300 2650 liqua
320 2606 409 2639 scuta
430 2606 493 2639 duo
515 2605 625 2643 millia,
658 2615 741 2649 quae
762 2604 865 2636 eidem
888 2604 954 2636 lar-

214 2660 268 2703 giti
289 2661 405 2693 fuimus
426 2665 460 2693 ut
480 2660 630 2692 libentius
658 2659 731 2692 dicti
759 2658 853 2691 officii
883 2668 957 2701 sup-

215 2715 372 2758 pressioni
403 2714 607 2751 consentiret.
639 2724 694 2757 per
728 2724 784 2746 nos
813 2718 844 2744 ut
876 2711 957 2744 infra

990 350 1134 391 erigendi
1168 350 1394 385 constitueret:
1428 356 1520 394 prout
1555 351 1584 383 in
1616 351 1730 384 nostris

990 404 1127 448 desuper
1145 403 1298 447 expeditis
1318 403 1431 436 litteris
1455 405 1513 436 sub
1535 405 1642 437 (latum
1670 411 1730 437 ter-

991 457 1032 489 tio
1055 458 1124 490 idus
1148 457 1267 501 aprilis,
1292 457 1497 501 pontificatus
1521 459 1619 491 nostri
1645 469 1729 491 anno

990 512 1104 554 primo,
1130 512 1223 544 latius
1244 512 1436 544 eontinetur.

1033 566 1098 607 32.
1122 566 1243 607 Quare,
1270 566 1432 610 cupientes
1460 572 1491 598 ut
1525 578 1580 603 ea,
1605 578 1685 610 quae
1713 579 1729 599 a

989 619 1090 655 nobis,
1109 625 1138 651 ut
1162 620 1352 663 praesertur,
1369 621 1406 652 ad
1429 620 1587 663 publieam
1611 621 1729 653 utilita-

991 679 1051 705 tem
1074 678 1100 705 et
1123 673 1250 715 piorum
1275 684 1408 716 operum
1428 674 1660 706 incrementum
1685 675 1730 707 iu-

988 726 1097 758 stituta
1126 732 1219 763 sunt„
1242 727 1479 771 quamprimum
1510 728 1548 760 ad
1581 728 1727 761 effoetum

989 780 1223 822 perdiu-antur,
1245 786 1332 813 motu
1358 781 1501 824 proprio,
1534 787 1560 813 et
1588 792 1622 813 ex
1645 789 1729 815 verta

988 833 1119 865 seientia
1140 840 1266 871 nostra,
1292 835 1394 877 deque
1424 835 1617 877 apostolieae
1642 842 1730 879 pote-

988 887 1075 919 statis
1110 888 1325 931 plenitudiue,
1354 899 1453 920 uuum
1487 889 1623 921 Montem
1653 890 1730 922 Clui-

990 941 1089 973 ritatis
1116 943 1390 985 nuncupandum,
1415 948 1541 975 eentum
1574 943 1730 986 quinqua-

988 994 1074 1036 ginta
1088 995 1232 1028 locorum
1250 1007 1304 1028 seu
1317 994 1508 1039 'portionum
1525 996 1726 1033 vaealiiliuiu‚

988 1050 1026 1081 ad
1056 1049 1154 1082 instar
1180 1049 1343 1081 Romanae
1363 1048 1473 1082 Curiae
1500 1049 1678 1083 officiorum
1702 1058 1726 1083 et

988 1102 1124 1135 aliorum
1147 1102 1304 1135 montium
1325 1103 1527 1139 vaeabilium,
1543 1114 1605 1135 non
1624 1109 1728 1136 tamen

988 1165 1045 1197 per
1062 1154 1227 1187 biennium
1249 1155 1288 1186 ab
1309 1154 1510 1198 infrascripta
1525 1155 1585 1192 die,
1603 1165 1660 1187 nee
1676 1166 1731 1199 per

988 1207 1225 1250 promotionem
1258 1208 1305 1240 vel
1336 1207 1577 1240 translationem
1608 1209 1645 1241 ad
1678 1219 1730 1240 ra-

988 1260 1157 1298 thedrales,
1181 1261 1276 1294 etiarn
1306 1261 1568 1305 metropolitanas
1597 1262 1644 1294 vel
1674 1273 1730 1306 pa-

989 1311 1174 1345 triarchales
1195 1312 1343 1345 ecelesias
1361 1318 1388 1345 et
1412 1313 1615 1358 monasteria,
1636 1313 1728 1345 etiam

988 1366 1231 1405 consistorialia,
1255 1366 1295 1398 ad
1323 1366 1480 1399 rationem
1502 1371 1629 1399 eentum
1659 1378 1730 1399 seu-

988 1425 1093 1452 torum
1119 1426 1267 1453 monetae
1298 1431 1356 1463 pro
1390 1420 1530 1463 quolibet
1570 1421 1640 1453 loeo
1675 1432 1728 1454 seu

987 1474 1134 1517 portione
1160 1485 1177 1507 a
1207 1474 1257 1506 die
1288 1474 1394 1517 primo
1419 1474 1527 1517 aprilis
1556 1475 1730 1517 praesentis

986 1528 1060 1560 anni
1088 1538 1198 1561 moxen
1227 1528 1454 1567 inchoandum,
1476 1529 1650 1571 apostoliea
1677 1541 1731 1562 au-

987 1582 1153 1619 ctoritate,
1179 1588 1288 1615 tenore
1312 1582 1550 1625 praesentium,
1573 1589 1730 1627 perpetuo

987 1647 1152 1673 creamus,
1189 1636 1361 1677 erigimus,
1399 1636 1531 1668 saeiuius
1569 1643 1599 1669 et
1637 1637 1726 1670 iusti-

989 1691 1116 1723 tuimus.

1032 1746 1047 1782 3
1068 1743 1098 1777 3.
1120 1744 1231 1787 Illique
1252 1743 1296 1777 sie
1323 1750 1429 1777 erecto
1457 1750 1484 1777 et
1516 1744 1670 1783 instituto,
1695 1756 1730 1777 ae

988 1797 1142 1841 personis,
1163 1808 1244 1840 quae
1269 1798 1300 1829 in
1328 1808 1365 1830 eo
1392 1798 1545 1841 pecunias
1577 1809 1649 1831 suas
1675 1809 1730 1842 po-

986 1852 1128 1888 suerint,
1156 1862 1216 1895 pro
1246 1851 1387 1885 eiusdem
1418 1852 1530 1884 Montis
1563 1852 1730 1885 Charitatis

987 1916 1129 1948 congrua
1156 1905 1229 1938 dote
1247 1916 1283 1937 ae
1301 1905 1414 1937 annuis
1433 1905 1587 1937 fructibus
1601 1911 1629 1937 et
1644 1916 1730 1938 emo-

987 1959 1147 1996 lumentis,
1169 1959 1207 1991 ad
1235 1959 1391 1991 rationem
1424 1959 1534 1991 decem
1567 1964 1729 1991 scutorum

987 2013 1138 2045 similium
1160 2023 1218 2056 pro
1239 2012 1379 2056 quolibet
1401 2013 1470 2045 loeo
1490 2012 1520 2044 in
1539 2014 1601 2045 tine
1620 2013 1727 2045 euius-

988 2067 1060 2099 libet
1099 2066 1259 2099 bimestris
1288 2076 1348 2109 pro
1379 2072 1447 2098 rata
1479 2067 1727 2103 solvendorum,

988 2120 1104 2153 dietam
1135 2126 1237 2152 laxam
1269 2126 1433 2152 scutorum
1462 2120 1549 2152 mille
1578 2126 1608 2152 et
1637 2121 1730 2163 quiu-

987 2179 1158 2216 g'entorum
1190 2173 1302 2206 similis
1330 2179 1478 2206 monetae
1512 2184 1568 2217 per
1597 2184 1672 2211 uos,
1699 2180 1729 2206 ut

989 2228 1178 2270 praefertur,
1202 2227 1365 2263 indictam,
1390 2232 1417 2259 et
1437 2238 1495 2271 per
1521 2228 1731 2260 confraterni-

989 2286 1078 2319 tates,
1099 2286 1131 2313 ut
1147 2280 1337 2324 praefertur,
1359 2280 1543 2323 eligendas,
1564 2281 1728 2314 annuatim

988 2334 1172 2367 solvendam
1187 2334 1375 2367 auctoritate
1385 2340 1413 2367 et
1428 2339 1536 2367 tenore
1549 2335 1729 2378 praedietis,

989 2388 1084 2421 etiam
1099 2395 1266 2432 perpetuo,
1284 2388 1502 2427 concedimus,
1519 2389 1729 2432 applicamus,

989 2442 1188 2485 assignamus
1206 2448 1233 2476 et
1253 2443 1509 2487 appropriamus,
1523 2444 1732 2487 applicatam-

991 2507 1062 2539 que,
1080 2496 1320 2539 appropriatam
1339 2502 1367 2529 et
1386 2497 1579 2539 assignatam
1598 2508 1664 2529 esse
1678 2508 1731 2529 vo-

991 2550 1097 2581 lumus
1111 2555 1139 2582 et
1154 2550 1360 2587 mandamus,
1381 2550 1551 2594 ipsumque
1564 2551 1732 2583 Cbaritatis.

992 2603 1129 2635 Moutem
1156 2608 1183 2635 et
1210 2602 1292 2635 illius
1325 2603 1499 2637 creditores
1530 2604 1560 2636 in
1587 2609 1730 2636 nostrum

991 2656 1138 2700 sedisque
1163 2662 1191 2689 et
1217 2656 1367 2690 Gamerae
1396 2657 1598 2701 Apostolicae,
1627 2658 1730 2690 locum

991 2720 1087 2753 super
1098 2715 1167 2742 taxa
1181 2709 1341 2744 dictorum
1355 2716 1518 2744 scutorum
1532 2721 1574 2744 ,un
1588 2710 1732 2753 illiusque

1635 293 1698 325 54ἴῖ
1744 303 1793 330 An.
1813 304 1841 330 (I.
1862 305 1926 331 1592

1772 577 1861 597 Manli-m
1875 577 1926 597 clm-

1746 606 1812 623 viru-s
1830 609 1852 623 t‘L
1873 604 1927 623 loeu-

1745 637 1788 649 ruui
1801 631 1926 650 iurantium

1765 664 1767 667 .
1785 663 1788 669 ,
1801 660 1804 668 ι

1760 1752 1846 1772 Fructus
1856 1758 1865 1772 x
1877 1755 1928 1772 scut.

1746 1785 1783 1805 pro
1794 1779 1886 1805 quolibet
1901 1780 1929 1799 lu.

1746 1812 1770 1825 ou
1790 1806 1884 1830 assignat
1906 1812 1929 1825 ei

1746 1832 1855 1858 praedicta
1876 1838 1929 1852 <um-

1746 1866 1778 1879 uia
1790 1865 1801 1878 a
1816 1859 1930 1879 conti-:iter-

1747 1885 1848 1905 uitatibus
1884 1892 1896 1911 p

1747 1912 1859 1933 solvenda:
