2226 3070
859 278 955 302 {snex
976 277 1082 302 11111111
1536 256 1537 259 ¹
1642 269 1705 304 685

287 351 446 377 summam
468 340 647 374 biscentum
674 345 839 374 scutorum
862 340 930 374 auri
956 340 995 374 de
1020 340 1162 380 Camera,
1187 339 1332 384 quamvis
1353 341 1455 373 forent
1478 340 1609 383 bigami,
1626 341 1704 374 ibid.
1722 342 1749 375 b.

286 394 360 427 Pius
383 395 407 426 V
429 394 507 428 haec
533 394 656 427 indulta
676 394 846 433 revocavit,
876 394 955 426 ibid.
984 393 1088 428 Sixtus
1108 393 1131 427 V
1160 393 1317 438 approbat
1339 393 1383 426 Pii
1409 393 1445 427 IV
1477 394 1749 433 constitutionem,

286 447 331 480 Pii
362 458 437 480 vero
465 448 487 479 V
512 447 633 480 bullam
659 446 771 487 irritat,
797 446 861 479 192
881 458 902 479 a
926 453 954 480 et
989 447 1028 484 b;
1069 446 1295 491 indultumque
1327 446 1412 480 circa
1445 447 1615 491 pensiones
1641 448 1753 482 iterato

287 500 452 539 concedit,
480 500 538 533 193
561 511 591 533 α,
620 500 736 534 Eximit
755 500 794 533 ab
815 510 913 533 onere
934 500 1098 533 deferendi
1121 500 1265 533 habitum
1292 506 1323 534 et
1350 506 1513 534 tonsuram
1544 501 1750 537 clericalem:

285 553 438 597 additque
464 564 520 597 per
547 558 747 586 contractum
776 553 973 586 matrimonii
994 558 1025 586 et
1044 553 1230 586 exercitium
1259 553 1393 587 militiae
1421 554 1591 598 pensiones
1617 565 1680 587 non
1703 566 1754 587 va-

286 617 374 647 care,
408 607 486 639 ibid.
522 613 551 640 et
583 607 610 639 b.
645 606 849 640 Florentinus
880 612 911 640 et
946 606 1078 640 Pisanus
1103 606 1338 652 archiepiscopi
1369 613 1555 641 executores
1587 608 1750 652 deputati,

286 659 351 693 194
375 671 405 693 α.

196 713 307 747 Studia
326 713 480 747 litteraria
501 714 540 746 ad
568 714 649 747 bene
669 714 826 757 beateque
853 713 1023 747 vivendum
1055 713 1137 746 viam
1167 713 1326 758 aperiunt,
1351 725 1422 747 cum
1452 726 1509 759 per
1542 714 1610 759 ipsa
1639 715 1755 748 veritas

285 767 481 810 agnoscitur,
506 767 625 801 iustitia
641 767 757 800 colitur
774 772 985 811 caeteraeque
1002 766 1134 800 virtutes
1156 766 1367 807 illustrantur,
1394 767 1458 800 232
1479 769 1506 800 b.

196 820 387 865 Suppressio
408 820 542 854 instituti
563 821 698 854 fratrum
719 821 951 854 scalceatorum
974 820 1005 853 in
1030 820 1130 859 Italia,
1155 820 1218 854 2138
1240 821 1266 853 b.
1293 821 1411 854 Eorum
1441 822 1509 855 loca
1536 823 1757 856 conceduntur

284 874 434 908 fratribus
459 874 635 908 Minoribus
663 874 932 908 Conventualibus
961 874 1154 908 Reforniatis
1182 874 1310 908 Ordinis
1340 874 1483 908 eiusdem
1516 876 1622 909 Sancti
1654 876 1752 909 Fran-

285 927 372 967 cisci,
396 928 475 961 idib.
491 928 618 961 Fratres
643 927 688 961 sic
708 927 871 972 suppressi
892 927 1029 961 transire
1045 933 1181 972 possunt
1200 928 1240 961 ad
1265 928 1396 962 eosdem
1417 929 1632 968 Reformatos,
1656 929 1717 962 139
1735 941 1756 962 a

280 986 311 1014 et
336 981 363 1014 b.
392 981 473 1015 Huic
492 981 753 1015 Reformatorum
775 980 1016 1025 congregationi
1030 981 1198 1026 privilegia
1222 982 1356 1016 fratrum
1382 981 1646 1016 conventualium
1668 993 1755 1016 com-

286 1034 503 1075 municantur,
532 1035 612 1068 ibid.

193 1354 363 1389 Tabularia
380 1365 436 1388 seu
458 1353 600 1388 archivia
620 1353 783 1396 generalia
803 1353 972 1397 eriguntur
989 1353 1021 1387 in
1039 1363 1235 1398 unaquaque
1255 1354 1381 1388 civitate
1401 1354 1507 1389 Status
1526 1354 1751 1395 Ecclesiastici‚

282 1407 325 1441 93
345 1408 362 1440 b
382 1414 493 1452 etseq.
518 1406 662 1441 Bononia
686 1412 718 1440 et
741 1407 843 1442 Roma
868 1407 1019 1452 exceptis,
1044 1407 1154 1440 onmia
1184 1407 1216 1441 in
1243 1408 1321 1441 haec
1352 1408 1483 1452 publica
1508 1408 1649 1442 archivia
1674 1409 1754 1443 inse-

281 1462 393 1501 renda,
416 1460 459 1494 24
480 1466 509 1494 et
530 1460 572 1494 25
592 1472 622 1494 a.
647 1461 850 1495 Revoeantur
875 1462 1042 1494 facultates
1060 1461 1204 1503 erigendi
1223 1461 1393 1502 tabularia,
1423 1462 1501 1495 idib.
1521 1463 1548 1495 b.
1573 1463 1755 1497 Praefectus

284 1514 322 1548 iis
342 1515 524 1559 deputatur,
548 1514 680 1558 eiusque
702 1514 892 1555 iurisdictio,
917 1515 995 1547 ibid.
1020 1521 1049 1547 et
1076 1514 1116 1548 26
1138 1526 1159 1548 av
1179 1521 1207 1548 et
1235 1516 1261 1547 b.
1291 1516 1441 1558 Regentis
1470 1516 1614 1549 officium
1643 1527 1754 1561 supra-

285 1568 361 1601 dicti
382 1567 513 1601 archivii
536 1567 669 1610 erigitur
689 1567 751 1601 alia
775 1567 1015 1605 constitutione,
1040 1568 1121 1601 duos
1142 1574 1212 1612 post
1234 1579 1370 1609 menses,
1392 1569 1537 1613 aprima,
1559 1569 1643 1610 data,
1658 1569 1699 1603 υ27
1719 1571 1751 1611 b,

285 1621 375 1655 cuius
403 1621 627 1665 opportunitas
657 1626 837 1661 enarratur,
861 1621 939 1654 ibid.
964 1627 992 1655 et
1022 1633 1086 1666 seq.
1111 1622 1235 1665 Regens
1256 1622 1430 1656 summarie
1452 1622 1615 1665 cognoscit
1645 1634 1755 1657 causas

284 1675 315 1708 in
341 1675 430 1709 Statu
450 1674 672 1708 Ecclesiastico
700 1681 825 1709 exortas
852 1675 976 1709 ratione
1002 1675 1231 1716 archiviorum,
1256 1675 1297 1709 υ28
1318 1687 1358 1715 α;
1383 1687 1418 1709 ac
1449 1677 1672 1721 delinquentes
1696 1688 1754 1711 suo

285 1728 417 1762 arbitrio
438 1728 550 1772 punit,
573 1728 676 1762 edicta
705 1740 765 1772 pro
786 1739 898 1762 eorum
921 1729 1077 1772 regimine
1098 1729 1270 1773 proponit;
1300 1730 1443 1764 notarios
1463 1730 1573 1773 eligit:
1605 1731 1755 1764 commis—

283 1782 384 1815 sarios
401 1781 579 1816 visitatores
599 1782 746 1826 deputat;
771 1782 892 1816 litteras
913 1788 1057 1827 patentes
1075 1793 1133 1816 suo
1153 1783 1258 1825 sigillo
1280 1783 1422 1828 expedit‘,
1447 1783 1478 1816 in
1499 1784 1642 1818 notarios
1662 1784 1755 1818 alios-

284 1846 347 1880 que
377 1835 417 1869 ad
443 1835 544 1869 hoece
564 1835 706 1869 officium
740 1836 935 1879 pertinentes
966 1836 1190 1871 omnimodam
1219 1836 1473 1871 iurisdictionem
1506 1843 1642 1878 exercet,
1671 1838 1712 1871 328
1739 1839 1756 1871 b

284 1894 315 1922 et
332 1899 397 1933 seq.

194 1941 365 1977 Tabularia
383 1953 439 1976 seu
461 1942 608 1976 Archivia
637 1942 930 1986 Congregationum
956 1944 1199 1984 Lateranensis‚
1227 1943 1424 1985 Cassinenis‚
1449 1944 1751 1983 Carthusianorum,

284 1996 597 2036 Camaldulensium,
621 1996 736 2030 Montis
760 1996 884 2037 Oliveti,
912 1997 1017 2031 Sancti
1043 1997 1126 2031 Petri
1148 1997 1188 2031 ad
1213 1997 1356 2038 Vincula,
1384 1998 1633 2040 Crucfferorum,
1649 1999 1755 2033 Sancti

283 2049 455 2083 Salvatoris
476 2050 507 2083 in
528 2051 631 2083 Lauro
653 2055 683 2083 et
702 2050 808 2085 Sancti
833 2051 962 2093 Georgii
981 2051 1011 2084 in
1033 2051 1131 2093 Alga,
1156 2051 1278 2084 Romae
1303 2051 1471 2085 existentia
1499 2052 1679 2086 custodiant
1706 2053 1754 2086 in-

284 2103 463 2137 ventarium
487 2103 660 2144 bonorum,
685 2104 870 2138 reddituum
891 2110 918 2137 et
942 2104 1175 2149 scripturarum
1197 2115 1477 2149 quorumcumque
1498 2106 1673 2150 respective
1697 2106 1754 2140 Or-

285 2156 408 2197 dinum,
423 2156 459 2190 et
487 2157 504 2189 [1
529 2162 558 2190 et
584 2156 625 2190 ⁹202
646 2168 676 2195 a,
705 2163 736 2190 et
759 2168 822 2201 seq.
847 2158 991 2192 Pontifex
1010 2157 1150 2191 officium
1177 2158 1367 2192 archivistae
1392 2165 1628 2203 suppresserat,
1652 2159 1694 2192 ⁶20
1716 2161 1752 2200 b;

285 2215 383 2255 atque
403 2210 626 2255 superioribus
644 2211 867 2246 ecclesiasticis
887 2222 944 2256 per
960 2211 1083 2246 Italiam
1103 2212 1311 2245 mandaverat
1335 2218 1369 2246 ut
1393 2212 1570 2249 inventaria
1591 2213 1753 2247 bonorum

284 2263 345 2308 piis
370 2264 448 2298 locis
469 2263 527 2298 sibi
549 2264 610 2309 ipis
626 2264 778 2298 subiectis
799 2265 1029 2309 pertinentium
1056 2265 1126 2298 sieri
1148 2271 1309 2305 curarent,
1334 2271 1365 2299 et
1383 2266 1422 2300 ad
1443 2277 1475 2299 se
1494 2267 1629 2307 deferri,
1651 2267 1686 2299 221
1716 2279 1751 2307 αζ.

284 2317 446 2362 expositae
480 2323 587 2351 tamen
624 2318 828 2352 difficultates
863 2319 902 2352 ab
934 2318 1091 2352 Ordinum
1122 2318 1382 2363 supradictorum
1419 2320 1684 2364 procuratoribus
1720 2321 1751 2353 in

284 2382 380 2406 causa
404 2372 532 2406 fuerunt
557 2383 615 2406 eur
638 2373 781 2406 Pontifex
807 2373 920 2417 reponi
941 2373 1119 2406 inventaria
1143 2373 1327 2417 permiserit
1350 2383 1414 2407 non
1443 2385 1540 2418 penes
1570 2375 1753 2419 superiores

284 2425 533 2467 ecclesiasticos,
553 2436 665 2460 verum
684 2426 716 2459 in
737 2426 951 2467 monasteriis,
980 2432 1013 2459 ut
1035 2437 1142 2471 supra,
1170 2426 1207 2459 ⁶21
1238 2427 1255 2460 h
1276 2432 1306 2460 et
1330 2438 1394 2471 seq.

195 2479 277 2521 Taxa
304 2489 462 2523 equorum
489 2479 521 2512 in
546 2479 636 2514 Statu
654 2479 876 2514 Ecclesiastico
903 2479 1052 2524 imposita
1073 2491 1091 2513 a
1110 2480 1209 2514 Paulo
1234 2481 1271 2514 lV
1291 2481 1332 2514 ad
1353 2482 1490 2515 formam
1516 2482 1753 2515 constitutionis

283 2531 354 2565 lulii
378 2532 437 2572 111,
461 2532 525 2565 ⁴145
551 2533 587 2572 b;
612 2538 723 2577 postea
745 2533 960 2567 diversimode
980 2533 1096 2572 soluta,
1125 2533 1188 2567 146
1209 2544 1250 2575 α;
1279 2545 1298 2568 a
1322 2534 1378 2568 Pio
1395 2535 1432 2569 lV
1457 2545 1508 2568 an.
1538 2545 1624 2570 ,1111111
1649 2535 1754 2580 puhli-

285 2591 355 2618 cata
375 2584 444 2625 fuit,
475 2585 554 2618 ibid.
580 2586 607 2618 b.
633 2586 695 2619 Sed
720 2586 844 2619 incuria
869 2592 1076 2627 exactorum,
1101 2592 1171 2621 taxa
1191 2588 1332 2622 nonfuit
1350 2588 1455 2623 soluta
1476 2599 1491 2622 a
1514 2588 1678 2622 nonnullis
1703 2599 1753 2622 ca-

286 2638 358 2671 stris
375 2638 619 2679 Romandiolae,
635 2638 699 2672 146
713 2639 739 2672 b.
768 2639 971 2674 Confirmatis
984 2640 1246 2685 praecedentium
1263 2641 1456 2676 Pontificum
1471 2641 1753 2676 constitutionibus

286 2692 347 2725 hoc
379 2692 500 2726 datium
530 2692 792 2737 importantibus,
820 2703 936 2728 novam
963 2699 1066 2728 taxant
1097 2694 1228 2729 conficit
1254 2695 1359 2730 Sixtus
1390 2695 1424 2737 V,
1448 2695 1527 2729 ibid.
1557 2695 1574 2729 b
1599 2701 1631 2730 et
1660 2706 1749 2740 seq.;
