2226 3070
209 300 260 328 An.
279 300 307 328 C.
329 300 395 328 1590

237 1187 346 1208 Exordium

238 1775 308 1795 Slxtus
336 1774 396 1794 vice-

212 1805 332 1826 camerario
364 1804 396 1825 ta-

212 1837 398 1861 cultatemcogno-

214 1868 287 1888 scendi
321 1872 395 1887 causas

220 1899 389 1925 appellationum

212 1932 332 1950 damnorum
352 1929 390 1948 da-

214 1965 281 1982 torum
332 1961 395 1980 totius

212 1991 395 2014 Statuam-etesia>

216 2024 264 2044 suci
273 2025 327 2043 ulti-a
338 2029 395 2043 sum-

217 2061 269 2075 mam
292 2060 301 2073 ι
326 2054 392 2074 duca-

217 2090 284 2107 torum
299 2085 363 2105 dedit.

228 2523 322 2550 Explicat
341 2528 400 2550 quam

215 2558 306 2576 mentem
318 2554 400 2574 hahue-

214 2587 242 2607 rit
271 2587 291 2607 in
326 2586 401 2606 huius-

215 2617 270 2638 modi
309 2621 401 2638 conces-

216 2649 282 2671 sione.

453 289 517 323 2⁰28

1025 294 1175 320 ROMANUM
1201 294 1377 318 BULLARIUM

453 351 566 385 Datum
588 351 708 384 Romae
730 351 760 383 in
786 351 889 382 Monte
907 347 1075 388 Quirinali,
1100 346 1159 379 sub
1203 357 1278 378 uum
1307 346 1480 378 inserentes
1509 349 1539 377 ct
1564 344 1741 388 patientes.
1769 356 1866 388 quam
1892 357 1949 390 ap-

409 405 530 439 aimulo
550 404 732 443 piscatoris,
756 403 806 436 die
827 413 844 435 v
866 401 944 434 iunii
965 411 1060 440 nnxc,
1074 411 1159 433 anno

410 464 509 492 sexto.

471 517 534 547 Dat.
551 516 599 547 die
615 516 633 546 5
651 515 725 545 iunii
744 513 829 547 1500,
849 512 952 552 pontis.
969 522 1045 542 anno
1067 520 1108 541 vt.

710 679 846 713 CLXXV.

410 757 623 800 Confirmatio
636 756 806 798 facultatis
822 757 1072 790 vicecamerario
1088 767 1161 797 eon-

453 821 555 844 cessae
585 820 679 854 super
704 811 886 853 coym'tionc
911 820 1085 843 euaserunt
1102 821 1160 853 ap-

450 865 665 908 pellationwn
693 864 889 897 dcwmzorum
923 864 1074 897 datorum
1107 875 1160 896 su-

451 928 509 960 per
537 927 698 950 summam
723 917 828 950 decem
854 921 1019 950 scutorum
1040 918 1076 950 rin
1098 922 1161 951 toto

451 972 475 1005 S
479 976 550 1005 tatu
564 972 788 1005 Ecclesiastico
804 972 1116 1016 interponendarum
1129 972 1154 1004 ¹.

453 1052 549 1081 Sixtus
561 1052 632 1089 Papa
640 1052 670 1085 V.
682 1053 715 1081 ad
723 1054 885 1088 perpetuam
898 1052 939 1081 roi
947 1052 1116 1081 memoriam.

454 1125 617 1157 Romanus
637 1124 781 1157 Pontifex
802 1124 833 1157 in
851 1135 1002 1168 suprema
1023 1124 1161 1158 iustitiae

410 1179 490 1211 Sede
511 1189 528 1211 a
548 1179 683 1211 Domino
704 1178 907 1217 constitutus
934 1189 992 1222 pro
1014 1178 1161 1212 iniuncto

410 1231 468 1264 sibi
489 1232 684 1276 apostolicae
712 1232 872 1265 servitutis
905 1232 1024 1272 officio,
1052 1232 1160 1276 dispo-

411 1295 487 1318 nere
512 1291 541 1318 et
570 1285 741 1325 ordinare,
762 1291 792 1318 ct
812 1295 895 1328 quae
918 1285 981 1317 iam
1006 1285 1160 1328 disposita

410 1343 441 1371 et
468 1338 616 1371 ordinata
646 1338 864 1382 reperiuntur,
894 1338 1110 1371 declaratione
1132 1344 1162 1371 et

410 1392 620 1436 ampliatione
639 1392 781 1434 indigere
798 1398 989 1431 noscuntur,
1013 1403 1072 1435 pro
1090 1403 1161 1435 pcr-

411 1456 562 1478 sonarum
584 1445 816 1478 commoditate
838 1451 867 1477 et
894 1445 1011 1478 minori
1033 1446 1160 1489 dispen-

411 1498 463 1531 dio
481 1525 488 1539 ‚
525 1499 690 1532 declarare
722 1504 752 1531 et
782 1499 937 1542 ampliare
972 1499 1138 1531 consuevit
1151 1526 1158 1539 ,

412 1558 518 1595 prout,
540 1562 649 1584 rerum
670 1557 700 1585 et
721 1558 905 1596 temporum
918 1552 1072 1595 qualitate
1085 1563 1161 1596 peu-

411 1611 489 1645 sata,
510 1605 668 1649 conspicit
695 1605 727 1637 in
755 1605 890 1638 Domino
915 1605 1087 1638 salubriter
1107 1616 1160 1638 cx-

412 1659 534 1703 pedire.

454 1713 469 1756 §
494 1713 524 1745 1.
551 1712 660 1756 Nuper
679 1712 838 1756 siquidem
860 1722 918 1755 per
937 1712 1016 1745 alias
1035 1718 1162 1746 nostras

412 1766 534 1799 litteras
565 1765 736 1799 erectionis
770 1765 865 1799 officii
896 1766 1160 1800 vicecameraria-

410 1826 472 1860 tus,
493 1825 523 1852 et
543 1819 761 1852 concessionis
795 1819 833 1852 de
866 1819 920 1853 illo
955 1819 1072 1853 dilecto
1095 1820 1161 1854 filio

410 1873 575 1917 Alplionso
596 1874 739 1906 Guevara
760 1873 879 1906 clerico
904 1873 1113 1916 Neapolitano
1136 1875 1158 1907 I.

411 1927 448 1960 U.
471 1927 505 1959 D.
525 1932 555 1959 et
584 1927 615 1959 in
636 1932 773 1970 utraque
793 1926 957 1969 signatura
978 1932 1086 1960 nostra
1112 1939 1161 1961 re-

411 1980 604 2019 ferendario,
635 1980 693 2012 sub
723 1981 832 2013 datum
854 1981 1000 2013 kalendis
1020 1981 1159 2024 augusti,

412 2034 619 2078 pontificatus
640 2034 740 2066 nostri
761 2044 846 2067 anno
863 2034 989 2077 quinto,
1008 2035 1091 2068 inter
1112 2047 1162 2068 ce-

411 2093 478 2120 tera
498 2087 602 2119 eidem
625 2087 800 2130 Alplions0‚
821 2093 852 2119 et
872 2087 937 2120 suis
958 2088 989 2120 in
1011 2088 1096 2121 dicto
1117 2090 1163 2121 of-

411 2140 484 2173 ticio
509 2139 749 2173 successoribus
783 2141 968 2174 facultatem
1000 2142 1161 2175 concessi-

412 2204 483 2227 mus
502 2204 615 2226 omnes
635 2199 665 2226 et.
686 2193 826 2236 singulas
845 2205 957 2227 causas
970 2196 1161 2239 appellatio-

412 2258 489 2280 num
504 2253 535 2280 et
547 2258 738 2280 recursuum
753 2248 946 2281 damnorum
959 2248 1107 2281 datorum
1118 2255 1162 2282 to-

413 2301 474 2334 tius
486 2301 591 2335 Status
612 2301 711 2334 nostri
732 2301 949 2335 Ecclesiastici
966 2314 1063 2347 supra
1078 2315 1163 2336 sum-

413 2365 498 2388 mam
537 2354 646 2388 decem
679 2360 844 2389 scutorum
884 2357 1098 2399 cognoscendi
1133 2363 1163 2391 et

412 2408 594 2442 decidendi.

458 2463 473 2506 §
497 2461 529 2495 2.
557 2462 594 2495 Et
610 2462 686 2505 quia
706 2463 823 2495 mentis
848 2469 878 2496 et
896 2463 1083 2498 intentionis
1104 2475 1162 2498 no-

415 2521 498 2549 strae
519 2516 578 2548 suit
592 2517 678 2559 quod
700 2516 902 2549 confirmatio
924 2517 1067 2551 iudicum
1089 2529 1163 2552 cau-

414 2580 523 2603 sarum
540 2570 728 2603 eorumdem
739 2569 931 2603 damnorum
950 2572 1112 2613 datorum,
1131 2573 1162 2605 in

415 2623 562 2667 quolibet
580 2624 653 2656 loco
673 2623 750 2656 dicti
764 2624 882 2664 Status,
899 2630 961 2656 tam
975 2624 1059 2658 inter
1075 2626 1164 2659 dam-

452 2691 462 2717 1
479 2689 521 2719 Ex
536 2690 650 2725 Regest.
667 2689 695 2718 in
711 2689 817 2718 secret.
839 2690 983 2719 Brevium.

1203 399 1373 442 pellatorcs
1403 404 1434 431 et
1463 398 1657 430 damnorum
1679 398 1832 439 alatores,
1855 399 1950 431 alias-

1201 464 1264 494 que
1276 462 1500 495 quascumque
1520 461 1675 496 personas
1695 461 1760 484 non
1781 452 1885 484 solum
1902 463 1952 485 su-

1203 516 1260 549 per
1280 505 1399 538 eisdem
1427 505 1552 538 damnis
1572 505 1655 538 datis
1671 510 1701 538 et
1720 504 1849 537 illorum
1872 505 1953 538 refe-

1203 558 1307 592 ctione
1328 565 1356 592 et
1378 558 1605 599 satisfactione,
1628 568 1740 592 verum
1761 557 1856 591 etiam
1872 569 1952 602 qua-

1203 623 1343 655 cumque
1373 613 1433 645 alia
1464 622 1559 646 causa
1586 618 1617 645 et
1636 622 1671 646 re
1690 613 1730 645 ab
1750 611 1870 645 eisdem
1897 612 1953 645 de-

1204 666 1364 709 pendente
1385 672 1542 707 ortarum,
1566 671 1597 699 et
1621 676 1703 709 quae
1723 676 1783 709 pro
1807 670 1954 710 tempore

1204 725 1356 763 poterunt
1372 720 1501 761 exoriri,
1517 730 1575 763 per
1590 720 1805 764 appellatores
1826 730 1954 753 eorum-

1203 773 1274 806 dem
1297 774 1491 806 damnorum
1508 774 1659 806 datorum
1681 773 1905 816 eligendorum
1924 780 1955 807 et

1204 827 1490 868 nominandorum,
1513 827 1666 870 quodque
1682 827 1847 871 deputatio
1867 827 1955 860 simi-

1204 881 1283 913 lium
1306 881 1450 913 iudicum
1463 880 1496 913 in
1512 880 1663 913 secundis
1675 881 1834 914 instantiis
1855 886 1886 914 et
1902 891 1956 925 ap-

1204 934 1414 977 pellationum
1431 934 1462 966 in
1477 934 1582 967 causis
1603 934 1686 967 infra
1706 944 1867 967 summam
1883 945 1956 968 scu-

1204 994 1309 1020 torum
1345 988 1458 1021 decem
1486 998 1545 1032 pro
1570 992 1717 1032 tempore
1741 987 1954 1030 vertentibus,

1203 1052 1282 1085 quas
1312 1052 1370 1085 pro
1400 1042 1516 1075 minori
1553 1042 1693 1086 partium
1728 1041 1898 1086 dispendio
1924 1043 1956 1076 in

1205 1095 1348 1138 partibus
1387 1106 1444 1140 per
1481 1095 1605 1129 iudices
1655 1096 1695 1128 ab
1747 1096 1860 1130 eodem
1905 1097 1957 1130 Al-

1204 1148 1328 1192 plionso
1363 1149 1612 1183 viceeamerario
1647 1156 1677 1183 et
1714 1150 1957 1184 successoribus

1203 1202 1339 1246 suispro
1362 1209 1508 1248 tempore
1537 1203 1690 1247 deputato
1711 1209 1742 1237 et
1762 1204 1956 1248 deputandis

1203 1256 1288 1289 finiri
1302 1262 1333 1289 et
1353 1256 1519 1290 terminari
1532 1258 1693 1297 volumus,
1716 1257 1755 1290 ad
1772 1257 1877 1302 ipsum
1901 1258 1955 1291 Al-

1203 1310 1364 1354 plionsum
1386 1317 1417 1344 et
1441 1311 1509 1344 eius
1536 1310 1567 1343 in
1592 1310 1677 1344 dicto
1699 1310 1805 1345 officio
1826 1323 1954 1346 succes-

1203 1374 1291 1397 sores
1316 1364 1481 1397 dumtaxat
1512 1370 1658 1408 spectent
1688 1371 1717 1397 et
1753 1365 1953 1409 pertineant;

1204 1418 1330 1461 ipsique
1345 1418 1511 1461 Alphonso
1525 1424 1553 1451 et
1565 1418 1806 1452 successoribus
1825 1419 1954 1463 praedi-

1203 1471 1261 1503 ctis
1292 1471 1341 1504 ius
1370 1472 1587 1515 cognoscendi
1617 1483 1729 1506 causas
1762 1473 1955 1517 appellatio-

1203 1534 1281 1556 num
1302 1534 1399 1569 supra
1420 1524 1538 1558 dictam
1560 1536 1718 1559 summam
1740 1525 1853 1560 decern
1881 1537 1955 1560 scu-

1204 1583 1311 1610 torum
1326 1605 1333 1618 ,
1356 1589 1440 1622 quae
1465 1578 1548 1611 inter
1574 1579 1756 1622 praedictos
1775 1579 1954 1624 appellato-

1204 1641 1254 1664 res
1273 1637 1304 1664 et
1323 1632 1544 1666 universitates
1553 1632 1659 1666 Status
1671 1633 1773 1666 nostri
1795 1633 1954 1667 Ecclesia-

1203 1685 1273 1718 stici
1287 1691 1317 1719 et
1326 1697 1550 1730 quascumque
1561 1687 1640 1720 alias
1661 1687 1873 1731 particulares
1884 1698 1956 1732 pcr-

1204 1749 1298 1772 sonas
1318 1740 1366 1772 vel
1388 1740 1468 1773 alios
1487 1751 1724 1785 quoscumque,
1747 1741 1842 1775 etiam
1870 1741 1919 1775 ius
1938 1753 1956 1775 a

1203 1792 1337 1826 Camera
1361 1793 1516 1827 habentes
1535 1805 1592 1827 seu
1613 1795 1733 1828 habere
1744 1796 1956 1839 praetenden-

1205 1852 1260 1887 tes,
1281 1847 1321 1880 de
1351 1853 1382 1879 et
1406 1858 1505 1891 super
1534 1848 1626 1881 dictis
1646 1849 1772 1882 damnis
1792 1849 1874 1883 datis
1898 1861 1955 1883 seu

1205 1900 1335 1932 illorum
1357 1900 1527 1934 occasione
1543 1902 1789 1944 quomodolibet
1806 1903 1957 1936 vertenti-

1204 1954 1273 1993 bus,
1287 1959 1316 1986 et
1332 1955 1419 1998 quod
1435 1965 1493 1997 pro
1507 1960 1654 1999 tempore
1665 1961 1790 1989 vertere
1809 1957 1955 2000 contige-

1205 2007 1256 2046 rit,
1270 2014 1467 2041 reservatum
1480 2015 1656 2049 remaneat;
1670 2015 1699 2043 et
1712 2010 1845 2054 insuper
1869 2011 1955 2054 quod

1204 2061 1347 2104 cognitio
1364 2062 1509 2095 omnium
1533 2074 1702 2096 causarum
1720 2064 1956 2097 contraventio-

1205 2125 1295 2153 num,
1323 2115 1609 2149 bannimentorum
1638 2126 1694 2150 seu
1720 2128 1954 2161 quarumcum-

1204 2179 1266 2211 que
1288 2167 1467 2201 litterarum
1489 2180 1506 2202 a
1532 2169 1699 2213 quibusvis
1720 2170 1816 2203 etiam
1836 2170 1954 2204 Roma-

1204 2232 1263 2255 nae
1283 2222 1397 2256 Curiae
1417 2222 1591 2264 iudicibus,
1608 2223 1955 2269 etaCameraipsaseu

1204 2287 1414 2320 quocumque
1434 2277 1497 2310 alio
1518 2276 1635 2318 iudice,
1650 2277 1814 2311 ordinario
1834 2279 1881 2312 vel
1902 2279 1956 2312 de-

1205 2331 1319 2373 legato,
1340 2341 1438 2374 super
1462 2330 1556 2363 dietis
1573 2331 1700 2364 damnis
1720 2331 1813 2373 datis,
1835 2333 1883 2366 vel
1903 2343 1956 2369 eo-

1206 2395 1277 2417 rum
1298 2384 1556 2428 dependentibus
1574 2390 1604 2418 et
1619 2386 1859 2428 emergentibus
1875 2384 1956 2431 quo-

1206 2438 1381 2471 modolibet
1401 2444 1635 2479 emanaturum,
1659 2450 1741 2482 quae
1765 2444 1829 2473 tam
1850 2440 1953 2474 civili-

1205 2495 1253 2522 ter
1281 2498 1378 2530 quam
1408 2487 1621 2521 criminaliter
1644 2489 1954 2533 quomoducumque

1205 2543 1236 2570 et
1255 2537 1536 2580 qualitercun‘ique
1563 2543 1668 2570 motae
1689 2537 1908 2582 reperiuntur,
1924 2544 1956 2572 et

1205 2596 1287 2630 quae
1308 2596 1366 2629 pro
1387 2591 1531 2628 tempore
1553 2586 1673 2619 moveri
1698 2587 1894 2630 contigeret,
1914 2587 1953 2620 ad

1205 2636 1355 2669 eumdem
1373 2635 1572 2678 Alphonsum
1599 2641 1629 2668 et
1648 2646 1851 2670 successores
1859 2646 1954 2680 prae-

1206 2683 1307 2716 dictos
1327 2688 1449 2727 spectet
1469 2688 1497 2715 et
1518 2683 1688 2727 pertineat.

1964 292 2016 319 Au.
2033 292 2062 319 C.
2083 291 2150 320 1590
