2226 3070
439 211 502 244 11⁶2

224 282 263 318 ¹³¹0,
292 283 380 308 singuli-⁸
395 274 436 306 sit
462 284 519 317 pro
548 274 657 317 aliquo
687 275 847 309 dictorum
875 281 1052 309 castrorum
1089 287 1140 308 ex-

197 318 299 371 {Y'Jsflae
319 318 381 372 ‘¹⁵2¹ssssss
396 328 490 372 pendi
527 339 563 361 ex
601 328 685 361 dicta
718 331 815 362 bursa
849 330 1013 362 communi
1040 330 1143 363 maior

197 378 286 403 “W‘'''d‘
308 378 379 404 ¹''‘·‘·*'³¹⁴
394 392 520 414 summa
546 383 758 426 pecuniarum
788 394 885 427 quam
916 383 953 415 sit
982 383 1035 416 illa
1060 395 1141 427 quae

394 437 579 469 extrahetur
599 448 634 470 ex
651 435 834 470 introitibus
859 448 876 470 a
896 437 1023 481 singulo
1039 444 1142 471 castro

394 491 685 523 communicandis.

437 543 451 586 ξ
477 544 528 576 14.
547 544 740 577 Ordinantes
752 550 782 577 et.
795 544 928 577 omnino
943 546 1142 589 praecipien-

395 603 439 630 tes
464 598 549 641 quod
567 597 751 640 praedictus
771 599 969 631 camerarius
995 610 1141 632 commu-

392 650 441 682 nis
459 656 488 682 et
504 660 615 682 eorum
630 650 805 691 substituti,
822 656 977 695 utsupra,
996 664 1140 696 nonpos-

392 703 452 735 sint
474 714 531 736 nec
552 703 688 736 debeant
700 705 821 737 solvere
835 705 976 748 aliquam
990 707 1142 749 pecunia-

394 767 463 788 rum
487 767 658 796 summam,
680 757 740 789 nisi
760 759 973 801 praecedente
997 759 1141 803 legitimo

393 810 542 843 mandato
574 810 612 843 de
647 811 818 851 solvendo,
851 823 887 844 ac
922 813 1000 846 facta
1034 813 1141 846 debita

390 863 567 906 quietantia
593 874 611 896 a
631 869 720 908 tergo
746 865 784 898 de
810 866 935 903 solutis:
954 873 985 900 et
1001 868 1087 911 quod
1109 879 1142 900 o-

392 917 477 950 mnia
503 919 717 961 registrentur
743 920 775 952 in
796 921 878 953 libro
903 922 1066 954 rationum
1092 922 1140 954 di-

391 971 431 1002 cti
457 972 626 1005 camerarii
651 974 843 1011 communis,
869 974 907 1006 ad
934 974 1085 1008 effectum
1108 980 1143 1007 ut

391 1025 512 1067 possint
533 1026 670 1059 revideri
691 1033 844 1070 computa
857 1029 1038 1061 solutorum
1052 1034 1142 1062 etac-

391 1085 581 1122 ceptorum,
609 1085 637 1112 et
669 1081 755 1124 quod
781 1082 820 1114 ad
844 1082 991 1115 notitiam
1023 1083 1141 1115 civium

391 1137 421 1165 et
445 1133 702 1167 eomitativorum
734 1135 877 1168 deveniat
908 1137 993 1179 quod
1031 1147 1142 1170 omnes

390 1186 603 1225 introitus‚de
624 1188 743 1230 quibus
758 1200 865 1232 supra,
888 1200 951 1222 non
968 1190 1061 1222 aliter
1072 1191 1141 1223 sue-

390 1240 451 1272 rint
479 1242 663 1284 consumpti
690 1253 787 1285 quam
820 1248 916 1286 prout.
936 1244 967 1276 in
989 1254 1142 1287 praesen-

392 1294 476 1326 tibus
496 1294 613 1327 nostris
633 1295 747 1328 litteris
768 1296 968 1337 ordinamus,
997 1297 1141 1331 declara-

392 1358 462 1380 mus
483 1353 510 1381 et
538 1348 769 1392 praecipimus.

435 1402 450 1445 ξ
477 1402 528 1434 15.
562 1403 639 1435 Item
672 1404 822 1436 volumus
846 1405 933 1448 quod
959 1405 983 1436 si
1010 1404 1142 1448 aliquod

219 1456 377 1483 81Ᾱὶ11(1“Μ1’·-·-
392 1455 632 1498 praedictorum
654 1462 834 1490 castrorum
856 1468 957 1490 unum
979 1469 1034 1491 seu
1049 1458 1142 1502 plura

195 1491 260 1507 *trum
276 1489 378 1507 dismem-

194 1520 265 1540 tmuur
279 1526 289 1539 a
305 1520 376 1539 ronn—
392 1510 457 1542 ullo
478 1520 633 1553 umquam
656 1516 801 1554 tempore
822 1511 1049 1544 dismembrari
1070 1523 1143 1544 con-

193 1550 378 1607 {22‡';.,‡{³J2¹2¹¹‚3,¹,¹{‚s
393 1562 500 1603 tigerit
520 1574 537 1595 a
565 1563 788 1596 iurisdictione
809 1570 839 1596 et
859 1565 1017 1607 gubernio
1039 1565 1143 1598 dietae

193 1614 375 1666 ‘'xm'''u'flmuffi
392 1616 540 1657 civitatis,
565 1617 650 1649 illico
671 1617 710 1649 sit
724 1618 883 1661 privatum
896 1624 924 1651 et
939 1619 1059 1663 privata
1072 1630 1144 1662 par-

391 1670 577 1714 ticipatione
598 1682 884 1714 quorumcumque
904 1673 1142 1706 emolumento-

391 1734 477 1763 rum,
495 1724 666 1768 sylvarum,
687 1730 848 1758 terrarum
869 1731 900 1758 ct.
919 1726 1057 1758 aliorum
1085 1726 1142 1759 ho-

390 1787 520 1818 norum,
544 1788 683 1821 quorum
705 1778 850 1811 omnium
869 1779 991 1813 fructus
1005 1785 1141 1820 tantum,

390 1831 498 1873 vigore
519 1831 750 1875 praesentium,
774 1837 808 1864 ut
828 1843 937 1876 supra,
961 1833 1143 1866 communi-

391 1890 526 1925 cantur,
549 1896 585 1917 ac
611 1885 706 1918 etiam
732 1885 894 1930 privatum
917 1893 947 1919 et
967 1887 1089 1931 privata
1110 1898 1143 1920 e-

393 1938 506 1970 xistant
529 1938 777 1983 participatione
803 1950 1088 1983 quorumcumque
1110 1951 1143 1974 a-

393 1991 512 2024 liorum
555 1993 768 2033 introituum,
801 1994 963 2026 redituum
993 2000 1024 2027 et
1068 2006 1144 2038 pro-

391 2051 543 2079 ventuum
565 2053 629 2080 tam
656 2047 760 2080 dictae
787 2047 921 2080 rivitatis
941 2059 1038 2091 quam
1067 2048 1145 2081 alio-

393 2110 463 2132 rum
494 2106 688 2141 castrorum,
716 2112 799 2144 quae
829 2102 862 2134 in
882 2101 1002 2135 unione
1023 2113 1059 2134 ac
1086 2103 1144 2135 sub

392 2152 615 2186 iurisdictione
636 2154 741 2187 dictae
763 2155 898 2187 civitatis
919 2156 1141 2188 remanebant.

437 2206 452 2248 ξ
484 2205 536 2239 16.
566 2207 642 2239 Item
681 2208 830 2240 volumus
856 2209 943 2251 quod
977 2210 1080 2253 sylvae
1115 2214 1146 2242 et

196 2265 293 2317 aqueae
306 2267 380 2293 quihus
394 2259 456 2291 alia
482 2260 586 2299 bona,
618 2262 655 2293 de
684 2261 802 2304 quibus
831 2273 945 2305 supra,
978 2262 1145 2296 existentia

196 2302 457 2356 21323'1‘1.ne112.¹.¹.¹l'.1ta1u
488 2313 520 2345 in
549 2314 674 2347 civitate
706 2321 735 2348 et
760 2316 828 2348 eius
858 2317 1020 2350 territorio
1047 2327 1144 2360 quam

196 2361 426 2411 '1¹„j‚⁶‚'},²,}¹,¹,⁵‚‚²„'‡³¹¹¹‘in
452 2367 564 2399 eastris
593 2374 623 2400 et
655 2369 723 2401 cius
755 2369 939 2411 territoriis,
962 2370 1052 2403 nullo
1073 2382 1145 2403 um-

393 2425 490 2458 quam
512 2420 657 2459 tempore
678 2418 799 2459 possint
819 2418 916 2450 dividi
933 2429 993 2451 nec
1015 2419 1099 2451 inter
1120 2419 1145 2451 i—

394 2475 468 2507 psos
488 2464 571 2497 cives
592 2476 650 2497 nec
668 2466 752 2498 inter
767 2466 981 2507 nominativos,
996 2468 1056 2500 sub
1072 2479 1145 2510 gra-

393 2513 528 2547 vissimis
548 2515 660 2558 poenis
680 2515 815 2547 arbitrio
842 2521 951 2549 nostro
978 2517 1146 2550 declaran-

393 2562 452 2596 dis.
942 2604 944 2606 .

437 2612 453 2658 ἓ
482 2611 535 2646 17.
568 2613 645 2647 Item
672 2614 823 2648 volumus
854 2615 941 2659 quod
975 2626 1087 2650 omnes
1116 2622 1148 2650 et

198 219 249 247 An.
267 219 295 247 C.
315 220 381 248 1589

222 598 275 618 Nih-l
292 599 377 619 :olven-

197 630 242 649 dum
259 636 304 650 siue
318 631 378 651 debi-

199 661 226 679 tis
240 661 349 681 emittetis.

991 223 1171 248 BULLARIUM
1189 223 1340 248 ROMANUM

1950 227 2004 255 An.
2024 227 2052 256 C.
2067 228 2134 257 ¹589

1183 276 1300 319 singuli
1330 277 1476 318 fructus,
1506 277 1628 310 reditus
1667 284 1698 312 et
1736 284 1930 323 proventus,
1975 295 2131 316 tonandam-

1184 330 1222 362 de
1252 329 1369 373 quihus
1398 342 1505 375 supra,
1537 331 1632 364 simul
1659 333 1860 366 coniunctim
1885 333 1933 367 vel
1949 326 1989 377 ἱῗᾞ
2001 326 2133 384 ζξξῗῗιξῗὲζῖ

1183 383 1376 426 separatim,
1408 390 1506 428 prout
1535 385 1670 418 consilio
1696 387 1878 420 credentiae
1904 389 1985 421 ‹et-³³·

1183 437 1324 479 generali
1354 437 1489 471 civitatis
1511 439 1611 481 magis
1633 439 1802 483 placuerit,
1824 441 1933 474 locen-

1184 496 1245 530 tur,
1267 501 1325 534 pro
1348 496 1493 535 tempore
1514 491 1559 525 eis
1575 492 1739 534 benevim,
1761 493 1793 525 in
1814 494 1882 538 ipsa
1893 495 1936 528 ci-

1182 544 1288 584 vitate,
1309 550 1340 577 et
1359 556 1418 588 per
1434 545 1501 577 eius
1515 545 1737 587 magistratum
1749 557 1828 580 sono
1840 548 1936 580 tubae

1185 598 1255 640 plus
1276 598 1436 639 offerenti,
1455 610 1529 631 cum
1546 599 1743 642 obligatione
1760 605 1938 633 etconven-

1182 651 1269 684 tione
1290 662 1439 696 expressa
1453 653 1539 695 quod
1550 659 1697 697 tempore
1707 653 1815 686 debito
1829 653 1938 687 omnia

1184 705 1347 738 solvantur
1364 705 1396 738 in
1417 706 1566 739 manibus
1587 706 1663 739 dicti
1685 707 1867 740 communis
1888 718 1937 740 ca-

1184 758 1327 791 merarii.

1227 811 1241 854 §
1263 811 1317 845 18.
1342 812 1419 844 ltem
1439 813 1589 846 volumus
1610 814 1696 857 quod
1717 824 1753 847 ex
1775 814 1868 847 dictis
1888 814 1938 847 in·
1981 818 2009 840 ⁰⁶
2037 821 2138 855 flemis

1183 865 1334 898 troitibus
1354 872 1385 898 et
1405 866 1502 899 bursa
1520 867 1687 899 communi
1703 878 1871 901 remanere
1883 869 1936 901 de-
1954 854 2013 872 eura
2032 851 2135 871 ‘'mmm''

1184 918 1319 951 beantet
1336 919 1608 963 relinquanturin
1629 921 1778 953 manibus
1799 922 1874 954 dicti
1889 933 1939 955 ca-

1183 973 1314 1005 merarii
1329 979 1419 1006 scuta
1433 974 1609 1007 ducentum
1622 975 1767 1018 quolibet
1783 975 1936 1008 trimestri

1183 1037 1242 1069 pro
1262 1027 1410 1070 expensis
1431 1028 1696 1061 extraordinariis
1723 1028 1826 1061 dictae
1847 1040 1936 1061 com-

1184 1080 1360 1121 munitatis,
1383 1081 1421 1113 de
1443 1081 1559 1123 quihus
1580 1092 1690 1125 supra,
1710 1092 1784 1115 eum
1809 1082 1869 1115 hac
1884 1093 1938 1115 ex-

1183 1144 1292 1177 pressa
1311 1134 1530 1167 declaratione
1551 1135 1638 1178 quod
1658 1135 1697 1168 de
1725 1135 1787 1169 illis
1811 1136 1934 1169 bonum

1183 1192 1371 1231 computum
1393 1190 1550 1222 reddatur
1566 1189 1652 1222 iuxta
1664 1188 1809 1230 solitum,
1823 1195 1859 1223 ut
1870 1201 1938 1223 mo-

1183 1241 1226 1273 ris
1246 1247 1304 1279 est,
1327 1247 1357 1274 et
1372 1242 1397 1274 si
1417 1243 1539 1285 aliquid
1556 1243 1718 1287 supererit
1731 1254 1767 1276 ex
1778 1243 1872 1276 dictis
1884 1255 1939 1288 pe-

1183 1295 1298 1335 cuniis.
1310 1296 1348 1327 ad
1360 1296 1539 1329 ordinarias
1555 1297 1716 1341 impensas
1728 1308 1865 1331 onerum
1881 1309 1938 1331 ca-

1184 1349 1354 1381 meralium
1376 1350 1596 1393 applicentur.

1228 1402 1242 1445 §
1263 1402 1316 1435 «19.
1341 1403 1383 1435 Ac
1404 1403 1499 1436 etiam
1516 1405 1665 1437 volumus
1679 1409 1709 1437 et
1728 1404 1937 1438 decernimus
2011 1412 2039 1448 ξι
2059 1412 2140 1433 eisdem

1184 1456 1271 1499 quod
1294 1457 1391 1489 ceteri
1412 1468 1545 1501 quoque
1566 1458 1717 1491 introitus
1737 1459 1841 1492 dictae
1862 1458 1940 1491 bur·
1957 1443 2141 1496 ‘v'ssriiibss'nsfflf‘e’iss

1184 1520 1236 1542 sae
1257 1511 1439 1543 communis
1460 1511 1522 1544 sint
1542 1517 1572 1544 et
1591 1511 1813 1554 intelligantur
1831 1512 1937 1557 appli-
1958 1506 2051 1527 memb*-

1185 1562 1256 1602 cati,
1282 1570 1375 1607 prout
1398 1565 1460 1598 illis
1481 1576 1517 1598 ex
1538 1576 1625 1598 nunc
1641 1565 1855 1609 applicamus,
1878 1576 1938 1610 pro

1185 1616 1344 1651 solutione
1381 1629 1517 1652 onerum
1545 1619 1754 1652 cameralium
1786 1619 1879 1653 nobis
1908 1625 1938 1652 et

1185 1676 1312 1704 sanctae
1333 1671 1407 1705 Sedi
1428 1672 1630 1715 Apostolicae
1650 1683 1709 1716 per
1728 1672 1889 1706 civitatem
1910 1678 1942 1706 et

1185 1724 1371 1758 comitatum
1404 1726 1585 1769 praedictos
1619 1725 1803 1759 debitorum
1817 1753 1824 1767 ‚
1861 1737 1935 1759 eum

1185 1779 1404 1823 prohibitione
1415 1779 1511 1813 etiam
1528 1791 1676 1825 expressa
1693 1780 1780 1823 quod
1792 1790 1942 1825 nonpos-

1185 1834 1249 1866 sint
1270 1834 1337 1867 ullo
1361 1845 1517 1878 umquam
1540 1839 1687 1878 tempore
1708 1834 1747 1867 ad
1768 1833 1847 1867 alios
1867 1845 1945 1867 usus

1186 1888 1359 1932 applicari,
1377 1888 1470 1921 velin
1491 1888 1586 1921 aliam
1611 1899 1740 1921 causam
1762 1887 1875 1921 diverti
1888 1899 1943 1922 seu

1186 1941 1339 1985 expendi,
1363 1947 1591 1985 praeterquam
1612 1942 1651 1975 ad
1672 1941 1736 1974 iarn
1757 1941 1942 1982 destinatas,

1186 2001 1215 2028 et
1238 2006 1297 2039 pro
1325 1996 1487 2028 solutione
1518 1996 1679 2029 dictorum
1707 2006 1860 2036 onerum,
1883 1995 1943 2028 nisi

1187 2049 1361 2083 consilium
1390 2050 1540 2090 generale
1562 2049 1697 2082 civitatis
1720 2055 1751 2082 et
1771 2049 1945 2082 comitatus

1187 2114 1245 2146 pro
1275 2103 1383 2146 aliqua
1404 2102 1531 2145 urgenti
1554 2114 1651 2136 causa
1671 2103 1759 2136 aliud
1784 2103 1943 2136 delibera-

1188 2162 1249 2198 ret3
1284 2162 1314 2189 et
1341 2162 1417 2190 tunc
1446 2157 1478 2189 in
1508 2157 1621 2190 eodem
1643 2168 1700 2190 seu
1720 2157 1783 2190 alio
1810 2156 1944 2190 consilio

1188 2210 1395 2254 provideatur
1415 2211 1513 2244 etiam
1540 2211 1627 2244 unde
1653 2211 1777 2244 extrahi
1806 2211 1945 2244 debeant

1187 2265 1343 2308 pecuniae
1365 2264 1575 2298 remittendae
1590 2276 1649 2309 pro
1663 2265 1824 2298 solutione
1840 2264 1944 2298 dicto-

1187 2330 1258 2351 rum
1282 2329 1417 2352 onerum
1441 2319 1666 2352 cameralium.

1232 2373 1246 2416 g
1266 2372 1319 2405 020.
1348 2373 1425 2405 Item
1445 2373 1595 2405 volumus
1614 2372 1704 2416 quod
1733 2371 1808 2405 dicti
1830 2371 1943 2405 introi-
1973 2372 2143 2426 Μῗὲῠῑέξξᾛξ

1189 2428 1250 2462 tus,
1282 2427 1443 2465 quatenus
1470 2432 1535 2454 non
1568 2422 1766 2461 sufficerent,
1794 2421 1943 2465 impona·
1958 2411 2143 2464 {immundans

1188 2477 1240 2503 tur
1270 2472 1404 2504 collecta
1431 2481 1489 2514 pro
1517 2481 1644 2503 summa
1664 2470 1838 2510 deficienti,
1863 2469 1942 2502 divi·
1958 2470 2056 2491 ⁰⁰¹¹0ffl-

1188 2520 1292 2553 denda
1324 2519 1408 2552 iuter
1437 2519 1595 2552 civitatem
1627 2525 1655 2552 et
1692 2519 1881 2552 comitatum
1913 2524 1944 2551 et

1188 2574 1304 2610 castra,
1328 2569 1414 2602 iuxta
1433 2568 1577 2608 solitum,
1600 2574 1631 2602 et
1651 2574 1748 2612 prout
1767 2567 1865 2602 hodie
1877 2577 1942 2601 ser-

1188 2623 1292 2652 vatur.
