2226 3070
264 290 313 317 An.
331 288 359 316 C.
378 290 440 317 159¹

289 772 378 800 Dei-Qut
394 776 404 790 e
408 777 440 789 11111

262 801 337 818 trariis,

283 1677 399 1697 Exordium.

297 2049 366 2069 Sixtus
378 2049 392 2068 Υ
406 2055 438 2069 su-

258 2081 294 2101 per
309 2076 372 2096 forma
388 2082 438 2096 reci-

258 2102 327 2127 piendi
358 2103 439 2128 religio-

258 2134 291 2148 sos
307 2129 359 2149 duas
375 2129 440 2149 edidit

257 2155 421 2175 constitutiones.

490 279 553 314 39⁶2

460 344 489 371 et
509 339 606 371 felicis
625 338 854 371 recordationis
868 337 913 369 Pii
926 337 1028 379 Papae
1043 336 1089 373 lv,
1105 346 1196 379 prae-

460 391 632 424 decessoris
646 391 755 427 nostri,
773 389 1030 422 constitutionem
1052 388 1195 420 emittere

460 445 661 481 tenebantur.
687 454 748 476 non
770 443 964 479 emiserunt,
988 442 1106 474 fructus
1136 442 1195 473 hu-

461 498 617 533 iusmodi,
642 503 810 541 propterea
840 496 979 528 indebite
1010 501 1191 538 perceptos„

459 550 676 586 condonandi,
693 549 818 592 aliaque
840 549 870 581 in
892 548 1073 592 praemissis
1093 548 1195 580 omni-

459 604 516 636 bus
536 603 669 636 faciendi
691 608 719 635 et
740 602 927 646 exequendi,
949 613 1031 645 quae
1051 612 1195 634 necessa-

459 657 503 688 ria
535 657 599 687 l'ore
629 655 835 697 cognoverint
868 666 922 687 seu
953 654 1195 698 quomodolibet

458 714 647 752 opportuna.

501 762 565 805 §3-
590 763 659 796 Non
688 763 886 795 obstantibus
916 761 1194 795 constitutionibus

457 821 485 847 et
504 816 757 849 ordinationibus
777 816 974 859 apostolicis,
998 815 1194 857 caeterisque

458 869 625 902 contrariis
644 869 911 913 quibuscumque.

500 922 611 955 Datum
631 923 751 956 Romae
772 924 856 967 apud
877 923 1027 956 Sanctum
1049 922 1191 957 Petrum,

455 976 513 1008 sub
538 977 657 1009 annulo
681 977 867 1015 piscatoris,
900 976 950 1009 die
976 986 1039 1009 xxu
1071 975 1195 1007 lebrua-

457 1029 493 1061 rii
514 1040 644 1067 MDLxm,
668 1030 872 1073 pontificatus
892 1029 990 1062 nostri
1012 1038 1096 1061 anno
1118 1039 1137 1060 1.

491 1092 547 1119 Dat.
560 1093 602 1120 die
622 1092 655 1120 2⁴2
670 1093 789 1120 februar.
808 1093 883 1125 1591,
906 1095 978 1128 pont.
996 1100 1038 1118 an.
1054 1097 1071 1118 1.

809 1230 841 1262 V.

455 1301 632 1334 Moderatio
641 1301 783 1334 duarum
792 1302 1058 1333 constitutionum
1073 1300 1161 1333 Siaett
1173 1300 1198 1331 V

498 1365 593 1397 super
606 1355 780 1398 receptione
792 1355 984 1386 novitiorum
1009 1353 1195 1395 illeqitimo-

499 1419 573 1440 rum
591 1408 633 1440 ad
655 1408 791 1441 Ordines
811 1408 986 1451 requlares.

468 1498 622 1533 Gregorius
637 1498 806 1532 episcopus,
822 1505 928 1526 servus
947 1505 1101 1525 servorum
1118 1497 1179 1530 Dei,

581 1552 619 1578 ad
633 1555 806 1585 perpetuam
821 1551 865 1578 rei
880 1552 1060 1578 memoriam.

497 1622 732 1665 Circumspecta
750 1622 885 1655 Romani
906 1622 1069 1655 Pontifici<
1090 1623 1193 1665 provi—

454 1676 561 1709 dentia
601 1687 648 1713 ea,
683 1687 763 1720 quae
807 1676 1051 1709 rationabilibus
1092 1677 1193 1709 causis

454 1729 640 1762 auctoritate
676 1730 851 1773 apostolica
885 1730 1003 1762 sancita
1046 1731 1189 1766 luerunt,

455 1782 520 1826 ipsa
541 1794 648 1815 rerum
670 1783 863 1826 experientia
883 1784 1047 1819 suadente,
1072 1794 1107 1814 ex
1125 1782 1193 1815 aliis

454 1836 613 1869 interdum
631 1847 694 1869 non
716 1836 822 1869 minus
838 1836 925 1869 iustis
947 1835 1059 1873 causis,
1084 1837 1193 1868 mode-

453 1895 564 1922 rantur
584 1896 614 1922 et
633 1889 861 1927 immutantur,
886 1895 981 1933 prout
1005 1889 1035 1921 in
1059 1890 1192 1922 llomino

454 1942 649 1985 conspicitur
665 1942 834 1975 salubriter
855 1943 1012 1985 expedit-1».

498 1996 512 2038 g
533 1995 546 2027 ‘l
572 1996 664 2036 Sane,
689 1996 762 2029 licet
781 1996 858 2028 alias
879 1996 977 2028 felicis
999 1996 1193 2029 recordatio-

454 2049 502 2081 nis
522 2049 624 2082 Sixtus
644 2050 728 2093 Papa
750 2049 789 2087 V,
815 2050 1041 2093 praedecessor
1072 2056 1188 2087 noster,

456 2103 609 2136 nonnulla
630 2103 713 2136 circa
734 2104 912 2146 qualitates,
937 2104 1068 2136 modum
1087 2109 1114 2136 et
1131 2105 1193 2136 sor-

456 2167 538 2189 mam
561 2157 747 2190 admittendi
769 2157 934 2199 religiosos
959 2158 997 2189 ad
1023 2168 1193 2200 quoscum-

455 2221 516 2252 que
547 2210 680 2243 Ordines
713 2210 882 2243 salubriter
911 2210 1074 2247 statuerit,
1099 2216 1191 2253 prout

456 2263 487 2296 in
508 2264 631 2296 duabus
658 2265 805 2307 desuper,
834 2264 937 2307 prima
957 2264 1103 2296 videlicet
1134 2264 1192 2296 sub

455 2316 563 2348 datum
585 2323 670 2350 sexto
704 2318 854 2350 kalendas
886 2317 1084 2353 decembris,
1109 2328 1192 2350 anno

456 2370 564 2407 tertio:
588 2377 615 2402 et
642 2371 740 2403 altera
770 2371 828 2403 sub
859 2372 967 2404 datum
999 2371 1192 2404 duodecimo

456 2422 606 2455 kalendas
639 2424 840 2461 novembris,
874 2435 957 2457 anno
994 2430 1107 2467 quarto
1145 2424 1192 2457 sui

454 2476 669 2518 pontificatus,
684 2477 777 2509 editis
797 2478 1079 2510 constitutionibus
1100 2477 1193 2510 latius

455 2529 647 2562 continetur.
671 2530 750 2568 Quia
776 2537 881 2564 tamen
913 2543 970 2564 usu
1002 2531 1193 2575 comproba-

455 2589 522 2615 tum
534 2588 580 2616 est
592 2583 692 2616 multa
704 2583 831 2616 inventa
845 2585 939 2617 fuisse
950 2585 1189 2628 impedimenta,

455 2642 586 2680 propter
606 2647 687 2680 quae
708 2647 755 2675 ea,
779 2648 860 2680 quae
882 2638 913 2671 in
930 2638 1112 2681 praemissis
1131 2644 1194 2672 sta-

456 2695 521 2723 tuta
542 2691 679 2731 suerunt,
696 2691 872 2724 executioni
895 2693 1040 2726 mandari
1062 2692 1193 2726 minime

984 287 987 290 ’
1038 288 1217 311 BULLARIUM
1238 287 1389 311 ROMANUM

1229 341 1418 379 potuerunt,
1442 336 1526 368 unde
1562 337 1767 380 quamplures
1797 338 1908 371 litteris
1936 345 1967 371 et

1230 388 1345 431 pietate
1368 387 1507 430 insignes
1526 388 1604 425 viri,
1628 399 1645 421 a
1669 396 1778 423 sancto
1802 391 1966 435 proposito

1229 441 1409 483 regularem
1430 441 1566 474 ducendi
1589 442 1684 474 vitam
1701 443 1829 476 abducti
1851 454 1887 477 ac
1908 444 1967 477 irn-

1229 494 1339 537 pediti,
1364 499 1457 537 atque
1478 494 1574 526 etiam
1587 495 1652 534 alii,
1670 495 1724 528 diu
1741 507 1814 528 cum
1831 497 1967 530 maxima

1229 558 1340 580 eorum
1361 548 1454 581 laude
1475 548 1506 580 in
1532 549 1696 590 Religione
1718 550 1848 590 versati,
1871 551 1910 583 ab
1932 551 1968 583 il-

1230 600 1289 632 lius
1310 600 1528 642 dignitatibus,
1554 601 1740 643 bonoribus,
1763 603 1963 646 praelaturis,

1229 665 1300 686 cum
1323 665 1387 686 non
1409 654 1536 687 modico
1563 655 1738 697 Religionis
1762 661 1792 689 et
1811 655 1966 689 Ordinum

1228 707 1413 740 huiusmodi
1440 708 1652 749 detrimento,
1676 710 1794 753 repulsi
1821 716 1848 742 et
1877 710 1967 743 inha-

1228 761 1307 794 biles
1329 763 1453 805 penitus
1474 763 1588 795 redditi
1611 764 1748 796 suerunt.

1273 816 1287 858 g*
1307 815 1337 848 2.
1362 817 1423 849 Nos
1444 817 1541 859 igitur
1561 828 1597 850 ea
1626 828 1707 861 quae
1736 818 1847 851 docuit
1874 828 1966 862 expe-

1229 868 1342 901 rientia
1363 870 1532 902 salubriter
1561 870 1654 903 fuisse
1684 871 1867 911 constituta,
1891 881 1967 904 oon-

1229 922 1368 961 firmare,
1392 934 1473 967 quae
1505 934 1579 956 vero
1609 925 1830 958 moderatione
1860 925 1967 969 aliqua

1229 976 1384 1019 indigere,
1401 978 1560 1010 moderari
1583 978 1734 1017 volentes,
1751 989 1787 1011 ac
1808 979 1966 1012 dictarum

1228 1031 1494 1064 constitutionum
1515 1038 1543 1064 et
1567 1032 1639 1065 inde
1660 1038 1869 1076 sequutorum
1889 1043 1968 1077 quo—

1229 1095 1441 1128 rumcumque
1456 1092 1594 1123 tenores,
1605 1086 1700 1118 ctiam
1712 1086 1862 1128 veriores,
1878 1097 1969 1131 prae-

1229 1138 1371 1171 sentibus
1395 1150 1452 1182 pro
1482 1139 1636 1183 expressis
1663 1140 1837 1181 habentes,
1860 1140 1969 1173 habita

1229 1203 1301 1224 cuin
1323 1193 1557 1225 venerabilibus
1578 1193 1728 1227 fratribus
1748 1193 1865 1227 nostris
1884 1193 1914 1227 S.
1929 1194 1964 1228 R.

1229 1245 1261 1277 E.
1279 1246 1494 1279 cardinalibus
1514 1258 1610 1290 super
1629 1247 1772 1289 negociis
1792 1252 1820 1280 et
1842 1247 1968 1280 consul-

1230 1300 1403 1333 tationibus
1434 1302 1629 1343 regularium
1657 1302 1818 1345 deputatis
1843 1307 1969 1335 matura

1229 1354 1478 1391 deliberatione,
1516 1357 1554 1389 de
1585 1357 1772 1389 eorumdem
1810 1356 1964 1396 consilio,

1229 1408 1407 1450 praedictas
1427 1409 1680 1442 constituniones
1693 1410 1725 1441 in
1748 1420 1784 1442 ea
1796 1414 1886 1454 parte
1904 1419 1968 1453 qua

1228 1467 1356 1494 cavetur
1366 1472 1404 1495 ne
1417 1462 1574 1504 illegitimi
1588 1474 1623 1495 cx
1633 1468 1719 1496 certo
1732 1463 1810 1495 inihi
1819 1473 1966 1507 expresso

1228 1514 1378 1547 damnato
1401 1516 1492 1549 thoro
1513 1516 1559 1548 vel
1591 1517 1771 1560 complexu,
1795 1517 1835 1550 ad
1856 1526 1967 1560 quam-

1228 1579 1365 1612 cumque
1395 1570 1593 1612 Religionem
1625 1581 1728 1614 neque
1757 1571 1797 1603 ad
1821 1571 1967 1604 habitum

1227 1628 1278 1654 aut
1309 1623 1538 1665 professionem
1570 1624 1743 1665 regulares,
1765 1624 1820 1657 sed
1843 1629 1966 1657 tantum

1227 1676 1265 1707 ad
1287 1675 1430 1708 habitum
1452 1687 1679 1710 conversorum
1699 1682 1751 1710 aut
1772 1678 1965 1711 famulorum

1228 1728 1258 1760 in
1280 1730 1480 1763 monasteriis
1505 1730 1638 1774 aliisquo
1660 1731 1739 1764 locis
1766 1731 1966 1773 regularibus

1227 1783 1431 1815 servientium
1446 1784 1671 1823 admittantur;
1684 1790 1711 1817 et
1726 1784 1750 1817 si
1765 1790 1833 1828 post
1847 1784 1965 1817 dictam

1227 1836 1486 1869 constitutionem
1510 1838 1740 1880 professionem
1771 1838 1962 1876 emitterent,

1227 1889 1325 1921 voluit
1347 1889 1431 1922 illam
1455 1891 1572 1923 nullius
1596 1902 1663 1923 esse
1689 1891 1855 1924 momenti.
1880 1891 1916 1924 Et
1934 1892 1964 1923 in

1227 1943 1325 1975 altera
1348 1949 1454 1987 parte⁷
1479 1944 1510 1976 in
1538 1955 1601 1987 qua
1630 1944 1796 1987 illegitime
1826 1945 1961 1987 genitos.

1227 1996 1321 2028 otiam
1343 2003 1415 2030 ante
1437 1998 1520 2041 ipsas
1542 1998 1786 2031 constitutiones
1807 1999 1975 2043 professos=

1226 2050 1333 2092 vigore
1354 2051 1593 2095 privilegiorum
1607 2057 1658 2084 aut
1678 2052 1876 2085 indultorum
1889 2063 1966 2096 apo-

1226 2104 1423 2142 stolicorum,
1445 2106 1543 2138 cuivis
1563 2106 1685 2144 Ordini,
1709 2106 1878 2148 Religioni,
1897 2117 1965 2139 mo-

1226 2158 1364 2191 nasterio
1379 2165 1430 2191 aut
1442 2159 1681 2200 congregationi
1703 2170 1853 2193 eorumve
1872 2171 1965 2204 supe·

1978 290 2027 316 An.
2041 289 2067 317 C.
2096 290 2159 318 1591

2002 830 2049 851 tttas
2067 830 2101 850 hic
2111 830 2163 851 Pon-

1981 856 2030 877 tifex
2044 856 2071 877 ad
2094 857 2163 878 termi-

1981 889 2018 930 ἓίυιε
2038 883 2088 904 iuris
2103 883 2163 904 redu*

1226 2212 1375 2250 rioribus,
1390 2212 1419 2244 in
1432 2223 1548 2255 genero
1563 2214 1609 2246 vel
1623 2214 1653 2245 in
1665 2213 1770 2257 specie
1778 2219 1813 2246 ut
1825 2214 1964 2257 praefer·
2010 2236 2013 2238 -

1229 2270 1287 2302 tur,
1303 2276 1539 2304 concessorum,
1555 2267 1651 2299 etiam
1664 2267 1747 2310 ipsos
1768 2277 1824 2311 per
1844 2267 1964 2309 ingres-

1226 2329 1295 2350 sum
1306 2319 1491 2359 Religionis,
1507 2320 1552 2352 vel
1568 2331 1623 2363 per
1636 2321 1765 2353 eosdem
1782 2320 1963 2364 superiores

1227 2371 1439 2413 legitimatos,
1463 2384 1517 2405 seu
1551 2374 1589 2405 ad
1616 2374 1751 2415 gradus,
1775 2374 1914 2406 honores
1933 2379 1964 2406 et

1227 2425 1396 2465 dignitates
1422 2426 1603 2459 habilitatos
1637 2438 1691 2459 seu
1724 2427 1897 2469 integratos
1923 2427 1962 2460 ab

1227 2478 1413 2520 bonoribus,
1437 2479 1588 2522 gradibus
1608 2485 1637 2512 et
1665 2480 1871 2523 dignitatibus
1894 2480 1964 2524 qui-

1227 2533 1435 2576 buscumque,
1462 2539 1523 2566 tam
1545 2534 1684 2577 antiquis
1704 2545 1801 2577 quarn
1818 2534 1888 2567 aliis
1898 2533 1963 2578 pri-

1226 2586 1363 2629 vilegiis,
1393 2586 1503 2619 litteris
1524 2587 1722 2631 apostolicis,
1746 2587 1878 2621 indultis
1908 2592 1963 2619 aut

1228 2639 1495 2673 declarationibus
1516 2651 1579 2673 non
1600 2641 1807 2681 obstantibus,
1824 2640 1958 2681 excludi,

1228 2703 1262 2726 ac
1293 2693 1545 2737 dispensationes
1572 2705 1790 2738 quascumque
1810 2700 1862 2728 aut
1884 2694 1961 2737 legi-
