2226 3070
73 291 124 318 An⁴
140 291 168 318 C.
189 291 255 318 1590

92 1569 158 1589 Causa
189 1569 250 1588 tanus

66 1601 233 1620 constitutionis.

935 292 1039 314 stXTt's
1056 292 1084 314 V.
1102 291 1149 314 ΙΨ.

1714 286 1724 316 1
1735 285 1775 318 49

271 344 328 365 nos
347 334 519 367 Pontifices
543 334 825 377 peculiarisexistit
846 335 876 366 in
897 336 1025 367 tuendis
1070 335 1097 366 in
1121 335 1213 367 nobis
1232 342 1274 367 est
1298 336 1503 368 statuendum
1526 342 1620 379 atqm¹
1647 340 1819 372 consulen—

271 388 448 419 sanetaell.
465 388 497 419 E.
515 389 624 424 rebus,
647 387 857 431 providentia,
879 388 1022 420 eiusdem
1067 390 1143 421 dum
1166 389 1327 421 duximus.
1348 390 1482 421 Suinmo
1509 391 1615 433 itaqiu·
1642 391 1740 423 animi
1763 393 1819 424 do-

273 440 434 473 Ecclesiae
448 441 517 473 iura
531 446 557 473 et
576 442 796 473 emolumenta
808 441 932 484 integra
947 453 1023 473 con-

271 504 397 525 servare
419 494 557 526 naturali
589 494 762 536 divinoque
785 494 935 526 mandato
959 506 1025 526 ino-

271 547 328 579 niti
347 552 514 579 teneamur
529 559 535 585 ;
552 558 692 590 rumque
708 558 747 579 ne
769 558 815 584 ea,
837 553 948 580 contra
970 558 1025 579 an-

273 599 395 643 tiquam
418 600 637 633 Ronianorum
661 600 852 632 Pontificum
874 602 920 632 vel
943 601 1023 632 alio-

272 665 355 691 rum,
382 654 419 685 ad
440 665 520 697 quos
543 664 600 697 pro
622 659 766 697 tempore
787 658 920 697 spectat,
945 665 1023 687 ron-

271 707 488 745 suetudinem,
500 707 592 739 aliter
603 718 698 749 quam
717 707 924 740 concedenda
939 714 1022 747 sunt,

269 760 502 799 concedantur,
526 766 581 793 aut
602 760 634 792 in
647 761 725 792 alias
740 771 894 804 personas
911 767 1023 794 rsnitra

268 813 515 846 concedentium
545 814 740 846 voluntatem
771 813 1023 857 attriluitamque

269 866 343 910 ipsis
364 867 549 899 facultatem
573 867 818 906 transferantur,
842 867 929 899 omni
955 874 1022 900 stu-

267 921 319 953 dio
340 931 453 953 carere
475 921 664 956 debeamusz
688 921 768 954 nulli
790 920 908 952 mirum
922 920 1021 953 rideri

267 975 359 1007 debet
373 974 398 1007 si
414 975 569 1018 pleraque
589 975 659 1007 iura
680 980 775 1018 atque
803 975 1023 1007 emolumenta

266 1028 297 1060 S.
317 1028 352 1060 Β,
372 1028 422 1065 E
436 1027 551 1060 officiis
567 1027 663 1060 etiam
685 1028 863 1061 maioribus
884 1039 1020 1065 annexa,

267 1081 307 1113 ab
328 1081 550 1114 obtinentibus
561 1081 644 1114 (licta
658 1081 775 1121 officia,
788 1081 842 1125 qui
856 1087 1021 1125 tamquam

267 1135 377 1168 fideles
398 1140 429 1167 et
450 1135 625 1178 prudentes
645 1135 745 1174 servi,
769 1136 889 1168 talenta
918 1146 935 1168 a
960 1137 1021 1169 no-

267 1189 355 1221 mino
375 1195 508 1233 accepta
528 1189 634 1222 dando
655 1189 889 1233 superlucrari,
904 1190 950 1222 vel
964 1190 1022 1222 sal-

268 1248 329 1275 tem
352 1243 472 1275 utendo
493 1243 750 1283 communicate⁷
774 1248 957 1276 nouantem
973 1243 1021 1275 di-

266 1296 438 1329 stralienda
460 1307 652 1329 consumere
665 1297 794 1332 debent,
808 1297 964 1329 hactenus
976 1296 1022 1329 in-

265 1349 372 1383 debite
393 1349 531 1383 alienata
548 1361 755 1393 recuperare,
769 1356 797 1383 et
812 1361 851 1383 ne
867 1350 899 1382 in
914 1356 1021 1393 poste-

267 1414 337 1436 rum
359 1403 543 1436 alienentur
563 1404 750 1447 prohibere,
764 1403 1021 1447 optimarationiz·

265 1458 491 1490 decernamus.

310 1512 324 1554 ἓ
350 1511 380 1543 ’1.
408 1510 487 1543 Cum
505 1511 673 1554 igitursint
693 1510 800 1554 aliqua
821 1517 1021 1544 muneraaut

267 1564 371 1597 officia
389 1576 444 1598 seu
459 1565 566 1608 potius
588 1565 671 1601 iura,
692 1565 812 1607 regalia
833 1571 864 1597 et
894 1566 1020 1597 [anolu-

267 1623 374 1650 menta
397 1618 573 1651 maioribus
595 1618 710 1651 officiis
731 1628 865 1658 annexa,
884 1630 966 1661 quae
987 1630 1020 1651 a-

267 1667 410 1710 liquibus
431 1667 578 1710 personis
598 1667 630 1699 in
652 1667 800 1699 laborum
827 1672 858 1699 et
889 1668 1019 1702 merito-

267 1728 337 1749 rum
352 1717 633 1750 renunciationem
648 1717 656 1739 ¹
672 1717 711 1749 ab
732 1716 808 1759 ipsis
829 1717 1021 1751 officialibus

265 1765 405 1809 gratiose
433 1766 567 1798 concedi
593 1766 631 1798 ab
661 1765 755 1798 initio
781 1774 1021 1801 consueverunt

265 1820 296 1848 et
316 1814 450 1848 omnino
466 1815 662 1855 debuerunt,
682 1820 713 1847 ct
732 1815 889 1848 nonnulla
909 1816 1021 1849 simili-

267 1870 314 1896 ter
334 1864 439 1897 officia
460 1875 518 1907 per
538 1875 570 1897 se
593 1864 741 1904 existant,
770 1875 853 1907 quae
873 1867 1020 1910 personis

266 1914 371 1957 inopia
398 1914 620 1947 laborantibus
653 1915 691 1947 ad
718 1915 883 1948 honestam
907 1927 1018 1949 eorum

265 1963 431 1996 dumtaxat
450 1963 529 1996 ritae
556 1969 610 1996 aut
630 1963 770 1997 saiiiiliae
789 1965 1019 1999 substentatio-

265 2022 337 2044 nem
359 2023 377 2044 a
398 2012 479 2045 Sede
501 2013 683 2056 Apostolica
702 2013 880 2046 liberaliter
901 2014 1018 2048 tributa

265 2066 349 2101 sunt,
372 2071 443 2101 nos,
467 2067 498 2093 ut
528 2063 643 2095 modus
674 2062 705 2094 in
727 2063 913 2096 huiusmodi
942 2075 1019 2097 ron-

266 2110 463 2143 cessionibus
485 2111 604 2144 servari
632 2112 760 2144 debitus
780 2112 936 2146 hactenus
959 2115 1018 2148 im-

268 2163 408 2191 mutatus
449 2160 649 2199 restituatur,
678 2166 708 2193 et
731 2171 771 2193 ne
798 2160 830 2193 in
853 2167 1017 2204 posterum

266 2208 374 2251 aliquo
391 2215 484 2252 pacto
502 2210 704 2247 immutetur,
727 2217 824 2254 atque
844 2217 879 2244 ut
899 2212 1020 2246 honen-

266 2269 306 2289 cn
329 2258 451 2302 accepti
472 2259 630 2291 memoria
651 2259 744 2303 pretii
767 2265 821 2292 aut
842 2262 1019 2295 onerisim-

267 2306 425 2349 positione
446 2318 510 2340 non
538 2309 698 2345 laedatur,
721 2314 752 2341 et
772 2319 811 2341 ne
837 2310 1017 2344 officiorum

266 2365 495 2388 concessorum
516 2358 735 2390 emolumenta
761 2368 777 2390 e
798 2359 945 2401 personis
965 2367 1017 2393 aut

268 2403 407 2441 t'amiliis,
430 2405 549 2447 quibus
579 2405 616 2437 asl
649 2416 763 2438 eorum
789 2408 1018 2441 substentatio-

265 2462 338 2484 nem
361 2463 512 2486 concessa
533 2460 626 2494 sunt,
649 2455 872 2497 egrediantur,
900 2463 952 2489 aut
975 2458 1020 2500 ip-

264 2511 373 2533 sorum
407 2503 651 2535 necessitatibus
670 2504 737 2537 ullo
770 2510 915 2548 tempore
946 2508 1019 2539 sub-

267 2550 444 2589 n·aliantur,
467 2558 497 2583 et
518 2563 556 2585 ne
578 2553 713 2586 ulterius
732 2553 864 2587 Camera
885 2556 1019 2599 Aposto-

265 2599 325 2632 lica
341 2600 482 2643 aliquam
501 2601 657 2634 iacturam
678 2603 836 2645 patiatur,
861 2610 1017 2647 quamtum

303 2677 310 2703 t
335 2676 416 2705 Cher.
446 2677 512 2713 legit
532 2679 832 2715 1*entaiterationem(a.
851 2681 898 2713 Γ).

1069 444 1134 474 lore
1154 453 1257 485 nuper
1278 443 1464 485 astrepinius
1485 443 1528 479 (id
1546 445 1770 486 qnod,1nagna
1788 460 1820 478 e-

1069 495 1143 527 tiam
1166 497 1272 528 cordis
1299 497 1543 539 perturbatione
1573 503 1599 529 et
1630 499 1709 530 iusta
1738 499 1819 532 indi-

1066 549 1218 591 gnatione
1245 550 1409 590 commoti,
1435 550 1481 582 rix
1500 551 1695 593 cogitatione
1719 555 1820 585 rerol-

1067 612 1139 634 rere
1160 604 1278 635 nedum
1302 603 1406 635 verbis
1436 615 1606 637 recensere
1637 608 1822 649 possumus)

1066 656 1222 698 quosdam
1246 658 1284 689 ad
1307 658 1509 700 Apostolirae
1531 658 1621 691 Sedis
1650 660 1767 699 (illicia,
1792 673 1822 692 e-

1067 708 1139 740 tiam
1163 709 1350 753 praecipua,
1367 722 1381 742 a
1396 711 1706 744 Romanol'ontitice
1723 714 1821 746 adsri⁴

1067 767 1124 801 tos,
1148 773 1229 804 quos
1251 764 1431 796 olliciorum
1462 767 1678 807 pr.·u‡=l'atorum
1701 767 1770 798 iura
1793 774 1820 800 et

1066 816 1285 848 emolumenta
1303 827 1506 855 conservare,
1530 824 1555 850 et
1582 825 1612 851 nt
1636 820 1751 852 ceteris
1774 821 1820 852 in-

1067 867 1239 900 timioribus
1260 869 1453 901 olticialibus
1484 871 1555 903 tidei
1583 878 1613 903 et
1646 872 1821 905 industriae

1066 922 1213 964 exemplo
1253 929 1370 961 essent,
1402 925 1602 967 ampliticare
1636 927 1819 969 oportebat,

1067 975 1217 1018 propriae
1244 976 1355 1009 salutis
1374 976 1600 1015 immenwres,
1627 990 1676 1018 ea,
1710 986 1819 1013 contra

1065 1028 1231 1071 antiquam
1255 1030 1415 1063 maiorum
1435 1032 1705 1065 consuetiulinem
1727 1038 1754 1064 et
1778 1039 1821 1066 at-

1066 1082 1219 1114 tributam
1244 1084 1440 1123 facubatem,
1470 1091 1497 1117 et
1530 1091 1641 1118 eontra
1668 1086 1736 1118 eius
1764 1088 1820 1130 qui

1065 1136 1199 1168 contulit
1219 1137 1431 1175 voluntatem,
1456 1145 1486 1171 et
1502 1139 1532 1171 in
1555 1140 1709 1172 danmmn
1732 1141 1821 1173 Sedis

1065 1194 1095 1221 ot
1126 1189 1279 1224 Gamerae
1312 1192 1516 1235 Apostolicao
1551 1204 1754 1237 suorumque
1789 1195 1818 1227 in

1065 1243 1240 1286 praedictis
1258 1245 1372 1277 officiis
1400 1256 1640 1283 successorum,
1664 1248 1818 1283 alienare.

1065 1298 1286 1342 pecuniasque
1302 1299 1375 1332 inde
1397 1301 1550 1333 collectas
1567 1301 1598 1333 in
1618 1302 1767 1345 proprios
1786 1314 1821 1335 u-

1064 1362 1118 1383 sus
1137 1358 1324 1385 convertere
1355 1363 1419 1386 non
1448 1354 1623 1387 dubitasse.
1658 1356 1721 1387 Nec
1753 1356 1819 1389 sine

1065 1404 1179 1437 maiori
1209 1406 1309 1438 animi
1345 1407 1491 1439 molestia
1514 1409 1735 1451 comperimus
1767 1421 1821 1442 eos

1065 1458 1250 1492 huiusmodi
1272 1460 1485 1493 alienationes
1506 1461 1706 1506 subreptitiis
1721 1468 1748 1495 et
1765 1463 1819 1495 ob-

1065 1512 1201 1556 reptitiis
1223 1514 1528 1547 contirmationihus
1558 1516 1745 1559 apostolicis
1765 1528 1821 1559 ap-

1064 1566 1194 1609 probari
1216 1577 1421 1611 procurasse,
1450 1574 1480 1601 ct
1507 1580 1539 1601 se
1560 1580 1597 1601 eo
1620 1575 1715 1612 pacto
1737 1571 1818 1603 tueri

1064 1625 1090 1652 et
1123 1621 1264 1662 quodam
1288 1622 1383 1654 modo
1405 1632 1557 1655 excusare
1578 1623 1728 1656 voluisse.
1752 1625 1817 1663 Qua

1063 1674 1195 1717 quidem
1218 1675 1249 1707 in
1272 1686 1304 1708 re
1326 1686 1390 1708 non
1413 1687 1585 1719 possumus
1600 1688 1665 1709 non
1678 1689 1820 1711 sunnno—

1064 1738 1140 1772 pere
1171 1728 1322 1762 detestari
1348 1730 1536 1763 huiusmodi
1569 1730 1738 1763 bominum
1771 1731 1818 1763 in-

1062 1782 1144 1825 grati
1176 1782 1275 1815 animi
1303 1783 1428 1821 vitium,
1451 1784 1527 1817 dum
1550 1784 1710 1827 insignem
1734 1785 1819 1828 Apo-

1063 1836 1195 1869 stolirae
1227 1836 1318 1869 Sedis
1348 1837 1573 1871 liberalitatem
1602 1839 1744 1882 experti,
1771 1850 1820 1872 res

1063 1901 1176 1923 eorum
1200 1891 1272 1923 tidoi
1295 1891 1435 1924 creditas
1450 1897 1481 1924 et
1498 1891 1575 1935 ipsis
1593 1891 1625 1924 in
1642 1903 1736 1925 usum
1755 1893 1819 1925 ssu<

1063 1949 1190 1977 ctumve
1217 1950 1341 1977 tantum
1364 1955 1544 1983 concessas,
1570 1946 1601 1978 in
1622 1946 1701 1979 alios
1720 1951 1821 1979 trans-

1063 1998 1146 2030 t‘erre
1177 1998 1245 2030 ausi
1279 1999 1420 2037 suerunt⁷
1445 2004 1511 2031 tum
1535 1999 1741 2042 sacrilegium
1764 2011 1818 2033 eo-

1063 2052 1224 2093 rumdem,
1242 2054 1328 2095 quod
1349 2053 1434 2085 bona
1454 2064 1489 2085 ac
1512 2053 1582 2085 iura
1601 2053 1664 2086 Deo
1686 2054 1819 2097 eiusque

1063 2115 1199 2148 sponsae
1220 2112 1445 2139 sacrosanctae
1479 2107 1641 2139 Ecclesiaii·
1674 2107 1818 2140 dedicata

1063 2159 1249 2203 praeripere
1279 2159 1370 2192 veriti
1401 2170 1465 2192 non
1502 2161 1650 2199 t'uerunt;
1686 2161 1817 2194 demum

1063 2212 1274 2256 impietatem,
1301 2214 1387 2256 quod
1410 2225 1445 2246 ea
1467 2224 1550 2257 quae
1571 2215 1771 2258 pauperibus
1787 2226 1819 2248 e-

1062 2267 1232 2306 ‹tw-anais,
1256 2278 1338 2309 quae
1360 2267 1435 2299 viris
1448 2267 1604 2309 religione
1617 2279 1654 2301 ac
1669 2269 1816 2301 doctrina

1063 2321 1158 2353 claris
1178 2321 1388 2364 sedulamque
1414 2321 1474 2365 ipsi
1494 2321 1656 2354 Ecclesiae
1684 2333 1814 2366 operam

1063 2375 1255 2407 navantibus
1268 2374 1411 2408 fovendis
1428 2375 1585 2408 destinata
1598 2382 1683 2413 sunt,
1700 2377 1816 2419 cupide

1062 2428 1232 2461 exhaurire
1249 2434 1278 2460 et
1299 2429 1337 2460 ad
1359 2428 1491 2472 propria
1503 2430 1674 2462 commoda
1685 2441 1817 2462 conxer-

1063 2483 1128 2509 tere
1150 2488 1215 2509 non
1237 2477 1428 2511 timuerunt.
1449 2479 1631 2511 invenimus
1649 2485 1815 2522 praeterea

1062 2527 1249 2565 nonnullos,
1271 2532 1336 2559 tum
1351 2526 1381 2558 in
1391 2527 1486 2559 variis
1499 2528 1605 2560 Status
1622 2528 1720 2560 nostri
1739 2533 1816 2560 tem-

1063 2575 1182 2618 poralis
1199 2575 1412 2609 Ecclesiastici
1426 2576 1519 2617 loci&
1536 2582 1603 2609 tum
1626 2577 1814 2619 ln‘aesertim

1063 2623 1094 2655 in
1115 2624 1175 2657 liae
1196 2624 1280 2657 alma
1301 2625 1385 2658 Urbe
1405 2630 1526 2665 nostra,
1551 2625 1582 2657 in
1603 2636 1665 2668 qua
1681 2625 1815 2657 Romani

1062 2672 1232 2707 Pontifices
1249 2675 1516 2717 praedecessores
1528 2674 1629 2708 nostri
1641 2685 1716 2716 erga
1733 2674 1816 2707 eius-

1837 296 1887 322 An.
1906 297 1934 324 C,
1955 297 2021 323 ¹590
