2226 3070
56 322 109 351 An.
128 320 157 349 C.
171 317 240 349 1590

918 309 1023 335 SIXTUS
1042 309 1060 333 V
1080 309 1128 333 Pr.

253 373 309 401 aut
328 367 475 411 recipere
498 366 678 411 quidpiam,
705 367 800 400 etiam
831 377 848 398 a
869 363 1011 410 propriis

254 420 456 464 parentibus,
474 420 714 464 possit,absque
732 420 894 463 priorissw
909 419 1010 451 lieen-

256 474 312 515 tia,
335 475 387 507 cui
408 474 503 507 etiam
523 480 624 507 totum
651 474 693 514 id,
720 473 807 517 quod
839 474 1012 516 eleemosy-

255 538 315 561 nae
331 529 461 561 nomine
479 528 517 561 ad
538 528 772 561 monasterium
787 527 833 560 rel
852 526 1011 559 moniales

255 581 422 622 afferetur,
445 581 507 614 erit
526 580 773 613 ostendendum.

299 635 471 675 Pecuniae,
492 645 574 677 quae
593 644 632 670 ex
648 632 906 666 eliristititlelimn
926 633 1012 665 obla-

256 688 399 721 tionibus
419 698 476 720 seu
493 687 706 731 eleemosynis
722 687 917 720 monasterio
939 698 1012 719 ero-

255 741 432 783 gabuntur,
462 741 568 774 statim
591 741 622 773 in
650 752 770 780 arcam,
800 751 881 783 quae
912 740 1013 772 tribus

256 794 399 827 clavibus
419 795 603 834 claudatur,
627 799 839 837 reponantur,
861 793 920 826 nisi
938 805 1012 827 cum

256 858 382 880 summa
407 847 505 880 suerit
537 847 644 881 minor
674 858 788 880 novem
818 853 868 880 aut
899 848 1011 880 decem

256 902 394 941 ducatis3
425 907 503 935 tunc
532 902 617 934 enim
646 901 702 934 11111
734 912 769 933 ex
793 901 1009 945 depositariis,

257 955 405 989 clavariis
425 956 634 999 nuncupatis,
653 966 736 998 quae
755 955 908 999 priorisse
928 955 1013 988 ride-

256 1009 356 1049 bitur,
380 1009 670 1052 consignabuntur,
698 1019 781 1052 quae
803 1008 919 1041 deiude
941 1019 1015 1051 pro-

257 1063 410 1096 curatrici
450 1062 638 1095 monastcrii
678 1062 749 1095 illas
787 1062 1015 1105 expendendas

259 1116 344 1149 iuxta
365 1117 554 1149 mandatum
581 1116 757 1160 priorissae
785 1116 1013 1148 sulnuinistra-

258 1169 316 1210 bit,
339 1175 369 1203 et
389 1180 521 1213 vespere
537 1169 672 1213 singulis
691 1170 819 1210 diebus,
842 1175 1013 1213 antequam

259 1224 296 1256 ad
318 1223 483 1257 silentium
506 1224 706 1267 campanella
725 1223 883 1266 pulsetur,
902 1224 1014 1257 eadem

258 1277 461 1321 procuratrix
491 1278 555 1310 sive
576 1278 749 1321 priorissae
770 1277 834 1310 sive
859 1277 1015 1310 clavariae

259 1336 405 1363 exactam
427 1338 457 1364 et
471 1331 703 1375 particularem
725 1342 940 1374 expensarum
964 1342 1014 1363 ra-

260 1384 380 1417 tionem
403 1385 528 1425 reddat,
551 1396 587 1418 ac
612 1385 721 1417 statim
750 1395 876 1417 summa
901 1384 1015 1417 liuius-

260 1437 347 1470 modi
363 1438 527 1471 rationum
545 1439 578 1471 in
595 1439 677 1471 libro
695 1438 881 1471 monasterii
898 1438 1017 1471 descri-

260 1491 366 1532 batur,
380 1498 416 1525 ut
429 1492 550 1526 vicario
566 1493 613 1525 vel
632 1492 857 1525 commissario
873 1492 1015 1534 generali

260 1544 397 1588 singulis
417 1545 510 1578 annis
530 1546 620 1579 reddi
642 1546 754 1589 possit.

439 1653 484 1686 De
506 1654 642 1687 ieiuniis
664 1658 692 1686 ct
711 1654 840 1686 vestitu.

553 1728 626 1761 CAP.
650 1729 726 1762 Vnt.

305 1803 482 1837 Observent
517 1804 677 1837 ieiunium
702 1815 719 1837 a
755 1805 806 1836 «lie
843 1804 1020 1837 festivitatis

262 1858 470 1891 Exaltationis
483 1858 619 1891 Sanctae
644 1858 757 1891 Crucis
775 1858 813 1890 «le
844 1869 953 1891 meuse
975 1869 1020 1891 se-

263 1911 421 1954 ptembris
436 1923 537 1955 usque
551 1912 590 1945 ad
608 1912 693 1944 diem
706 1912 847 1944 Pasrliae
864 1912 1020 1944 Resurre—

264 1965 381 1998 ctionis
400 1965 540 2007 Domini,
571 1965 712 2009 exceptis
739 1965 854 1998 diebus
883 1966 1021 1998 1101111111-

264 2018 329 2058 cis3
348 2018 387 2051 ab
403 2029 480 2052 aesu
497 2024 605 2052 autem
623 2019 770 2052 carnium
793 2024 952 2062 perpetuo
968 2019 1022 2051 ab·

264 2072 391 2113 stineat,
420 2072 480 2105 nisi
502 2083 539 2105 ex
570 2072 762 2106 necessitate
782 2079 811 2106 et
834 2073 865 2105 111
894 2073 1022 2105 casibus

264 2137 281 2158 a
307 2126 429 2169 Regula
449 2126 668 2170 praescriptis.

310 2179 510 2213 Ieiuniorum
532 2180 571 2213 ab
583 2180 725 2213 Ecclesia
746 2184 940 2213 statutorum
954 2179 1022 2213 die-

266 2232 327 2265 bus
355 2243 482 2266 necnon
503 2234 649 2277 qualibet
677 2239 764 2266 sexta
789 2233 868 2265 seria
898 2243 957 2276 per
977 2238 1024 2265 to-

268 2291 337 2318 tum
363 2296 498 2327 annum,
510 2292 740 2330 praeterquam
754 2286 839 2319 inter
850 2286 973 2319 Pascha
993 2292 1020 2319 et

267 2339 504 2380 Pentecostem,
523 2351 579 2373 ova
594 2345 624 2373 et
643 2339 807 2373 lacticinia
827 2339 859 2372 in
884 2340 1023 2373 refecto-

267 2392 317 2425 rio
334 2392 567 2437 prohibemus;
596 2393 714 2437 poterit
735 2399 841 2426 tamen
870 2393 1024 2437 priorissa

268 2452 343 2478 cum
364 2446 514 2487 infirmis,
536 2457 592 2479 seu
622 2446 812 2479 necessitate
833 2446 942 2489 aliqua
965 2457 1023 2490 op-

268 2496 399 2539 pressis,
422 2496 542 2540 quibus
561 2496 699 2540 piscium
721 2507 814 2528 aesus
830 2502 873 2528 est
897 2496 1022 2535 noxius,

269 2555 367 2588 super
382 2545 444 2577 hoe
464 2545 664 2588 dispensare,
682 2551 708 2578 et
724 2551 801 2578 tunc
814 2545 885 2584 liae,
906 2545 1025 2588 quilius

269 2594 336 2627 ovis
356 2600 386 2627 et
407 2594 577 2626 lacticiniis
598 2594 904 2638 vescipermittitur,
930 2594 961 2625 i‹l
985 2595 1025 2626 fa-

270 2643 356 2676 ciant
376 2649 466 2676 extra
495 2643 702 2676 refectorium
726 2649 754 2676 et
781 2644 820 2675 ab
840 2643 911 2676 aliis
932 2653 1024 2686 sepa-

270 2698 377 2725 ratun.

1096 361 1130 393 In
1151 359 1265 393 vestitu
1287 363 1421 391 utantur
1442 356 1599 390 moniales
1620 366 1728 399 panno
1755 367 1808 388 ru-

1052 414 1143 446 (liore
1173 413 1259 445 saial
1288 417 1489 455 nuncupato,
1521 421 1577 443 seu
1607 409 1719 442 bisone
1754 420 1807 441 eo-

1053 467 1129 499 loris
1150 466 1300 500 buculacli
1323 464 1512 509 nuncupati,
1529 463 1649 506 absque
1672 463 1805 496 tintura.

1097 520 1233 552 Habitus
1253 530 1327 551 vero
1348 529 1445 562 qnam
1468 517 1606 549 maxime
1628 516 1698 548 lieri
1722 521 1809 559 pote-

1054 573 1094 605 rit
1120 578 1275 615 angustus
1295 573 1361 613 siat,
1385 571 1527 604 manicas
1555 581 1686 614 quoque
1707 580 1809 612 angu-

1054 633 1117 659 stas
1138 627 1266 667 liabeat,
1300 638 1363 659 non
1386 626 1561 670 ampliores
1583 625 1613 657 iu
1648 625 1809 666 ingressu,

1053 691 1149 722 quam
1185 680 1270 712 exitu
1306 690 1432 719 manus,
1467 684 1661 722 (areamque
1695 677 1810 721 plicis;

1054 737 1119 764 tota
1139 739 1247 765 autem
1269 733 1365 765 vestis
1385 733 1424 765 sit
1445 732 1596 771 rotunda,
1629 742 1688 764 nec
1710 731 1811 773 magis

1054 786 1117 818 lata
1137 796 1154 818 a
1180 791 1270 829 tergo
1292 797 1390 829 quam
1410 786 1575 825 anterius,
1598 790 1628 818 et
1653 784 1692 817 ad
1713 784 1811 827 pedes

1055 849 1158 882 usque
1179 840 1322 872 dimissa.

1099 893 1324 936 Scapularium
1352 903 1482 936 qnoque
1516 893 1658 925 eiusdem
1689 892 1726 923 sit
1761 902 1811 934 ge-

1055 946 1141 979 neris
1161 952 1302 989 quatuor
1323 947 1432 989 digitis
1453 952 1535 979 veste
1557 947 1662 979 altius.

1099 999 1207 1044 Cappa
1238 1005 1345 1032 autem
1376 1000 1465 1032 1-11011
1497 1012 1532 1033 ex
1559 1000 1671 1032 eodem
1706 1009 1812 1042 panno

1055 1063 1092 1085 ae
1112 1052 1226 1086 bisone
1248 1053 1321 1086 albo
1340 1053 1485 1095 aequalis
1506 1053 1690 1096 scapularia
1711 1054 1811 1084 1-01111-

1056 1106 1173 1146 ciatur,
1192 1106 1309 1139 minori
1323 1107 1422 1149 panni
1437 1106 1615 1150 quantitate
1626 1106 1732 1149 quoad
1744 1106 1812 1138 sieri

1057 1159 1187 1203 poterit,
1222 1165 1319 1203 prout
1346 1160 1521 1192 necessitas
1551 1165 1674 1191 tantum
1704 1159 1812 1201 exigit,

1056 1224 1093 1245 ac
1113 1213 1200 1246 omni
1223 1213 1346 1245 sublata
1365 1213 1599 1257 superfluitate.

1101 1266 1330 1309 Seapularium
1352 1277 1451 1310 supra
1472 1266 1629 1299 velamina
1640 1276 1695 1298 seu
1711 1271 1816 1297 tos-cas

1057 1320 1215 1360 deserant,
1238 1321 1392 1364 ipsaeque
1413 1326 1522 1353 toeeae
1542 1319 1603 1352 sint
1634 1330 1669 1351 ex
1695 1329 1817 1361 sanapv

1057 1373 1122 1405 sive
1142 1374 1208 1406 lino
1227 1384 1348 1414 crasso,
1371 1379 1518 1407 carentes
1539 1373 1642 1417 plicis.

1102 1427 1244 1460 Tunicae
1275 1428 1385 1460 itidem
1416 1433 1446 1460 et
1475 1426 1664 1460 linteamina
1695 1436 1731 1458 ex
1753 1431 1817 1458 sta—

1060 1481 1146 1514 mine
1168 1481 1241 1514 sint.

1103 1534 1209 1568 Calcei
1239 1535 1390 1568 similiter
1422 1546 1459 1568 ex
1480 1534 1623 1568 cordulis
1646 1534 1816 1573 contextis,

1060 1595 1087 1621 et
1110 1589 1244 1631 caligae,
1262 1589 1439 1622 honestatis
1456 1599 1564 1629 eausa,
1584 1599 1619 1621 cx
1636 1598 1744 1632 panno
1762 1598 1818 1620 seu

1062 1643 1123 1675 tela
1145 1643 1309 1682 crassiori,
1332 1648 1385 1675 aut
1407 1642 1470 1675 alia
1491 1653 1524 1674 re.
1543 1641 1639 1673 simili
1653 1646 1815 1685 aptentur.

1106 1693 1232 1728 Pulvilli
1255 1696 1350 1728 etiam
1373 1707 1408 1728 ex
1430 1695 1569 1728 stamine
1595 1695 1683 1736 fiant,
1708 1704 1818 1727 verum

1061 1749 1085 1782 si
1108 1749 1246 1782 suaserit
1266 1750 1439 1782 necessitas
1460 1759 1497 1782 ex
1522 1749 1598 1781 telai

1106 1803 1139 1835 In
1172 1803 1299 1836 lectulis
1330 1813 1394 1835 11011
1424 1803 1606 1835 habeantur
1642 1801 1818 1840 culcitrae,

1062 1856 1116 1889 sed
1135 1867 1228 1889 saeco
1247 1856 1387 1899 oblongo
1405 1857 1503 1900 pleno
1521 1855 1675 1888 stramine
1691 1866 1746 1887 seu
1766 1865 1821 1898 pa-

1063 1911 1112 1943 lea
1140 1910 1352 1943 culcitrarum
1384 1910 1456 1942 loeo
1494 1914 1647 1941 utantur:
1683 1918 1756 1940 nam
1791 1912 1819 1939 et

1063 1963 1261 2007 experientia
1293 1963 1405 1997 (1001111
1437 1963 1532 1997 etiam
1559 1963 1591 1995 in
1620 1961 1759 1994 infirmis
1789 1961 1819 1992 id

1063 2017 1137 2050 satis
1157 2028 1236 2051 esse.

1107 2071 1193 2104 Nihil
1214 2071 1252 2104 ad
1273 2077 1502 2104 ornamentum
1518 2070 1661 2114 desuper
1677 2078 1820 2113 appona-

1064 2131 1134 2166 tur,
1158 2136 1269 2158 verum
1298 2125 1323 2157 si
1351 2124 1525 2158 necessitas
1553 2123 1661 2166 exigit,
1684 2128 1769 2155 stora
1790 2127 1817 2153 et

1063 2179 1197 2222 spartlio
1217 2185 1270 2211 aut
1292 2179 1438 2212 velamen
1460 2184 1534 2211 ante
1554 2176 1735 2222 porterium
1765 2186 1819 2207 vo-

1065 2238 1185 2272 catum,
1204 2243 1239 2265 ex
1256 2242 1365 2275 panno
1383 2232 1423 2265 de
1435 2231 1636 2274 alsamarvel
1656 2230 1753 2270 smssal,
1765 2234 1819 2262 aut

1065 2285 1163 2317 simili
1188 2285 1251 2317 alio
1277 2285 1403 2325 viliore,
1426 2285 1465 2317 de
1486 2285 1668 2329 praefectae
1689 2282 1820 2316 licentia

1065 2338 1182 2380 poterit
1204 2338 1337 2381 apponi.

1110 2391 1330 2435 Unaquaeque
1359 2392 1591 2436 particularem
1623 2391 1745 2424 lectum
1778 2393 1822 2422 te-

1066 2450 1152 2485 neat,
1181 2446 1308 2477 nullum
1335 2450 1440 2489 tapete
1470 2445 1598 2478 nullum
1620 2444 1750 2477 auleum
1776 2442 1819 2475 1111

1066 2493 1242 2533 babeatur;
1264 2500 1362 2527 strata
1382 2505 1437 2527 seu
1464 2494 1612 2527 breviore
1628 2492 1769 2537 spulvilli
1791 2502 1821 2523 e-

1067 2542 1142 2575 tiam
1162 2543 1364 2583 reiiciantur,
1385 2543 1446 2577 nisi
1466 2544 1506 2577 ad
1528 2543 1689 2577 Ecclesiae
1710 2553 1818 2575 usum:

1066 2602 1104 2624 ea
1129 2592 1215 2624 enim
1237 2593 1404 2635 religiosas
1428 2603 1493 2626 non
1513 2594 1640 2627 decent.

1111 2641 1196 2674 Haec
1221 2646 1329 2675 autem
1354 2642 1464 2674 omnia
1495 2653 1569 2675 eum
1601 2652 1637 2674 ex
1672 2640 1820 2673 instituto

1067 2689 1241 2735 Religionis
1265 2691 1411 2733 existant,
1438 2696 1469 2725 et
1489 2691 1596 2725 taliter
1624 2687 1820 2723 observanda

1697 294 1762 328 0215
1820 302 1874 330 An.
1893 301 1922 330 C.
1941 302 2009 331 1590
