2226 3070
79 297 126 324 An.
148 295 258 323 G.1591

117 777 260 802 Excqnntnres

76 804 170 829 deputat.

882 295 1061 319 GREGORIUS
1078 296 1131 319 XIV
1148 296 1203 319 1³1²:

276 349 303 377 et
326 353 438 376 eorum
459 342 591 376 cuilibet,
611 342 721 386 quavis
741 342 835 376 aliter
856 342 1019 375 iudicandi

275 401 306 429 et
332 395 565 439 interpretandi
587 395 736 428 facultate
766 400 796 427 et
816 395 1015 433 auctoritate,

275 449 395 492 ubique
415 449 548 482 iudicari
567 454 598 481 et
615 448 745 481 diffiniri
764 449 898 487 debere,
922 459 958 481 30
978 448 1020 480 11·-

277 501 372 534 1·1111111
391 506 422 534 et
440 501 535 534 inane
553 501 709 544 quidquid
739 511 829 533 secus
856 511 952 543 super
972 500 1020 532 liis

275 566 292 587 a
314 566 490 598 quoquam,
514 555 624 597 quavis
650 554 852 593 auctoritate,
884 554 1021 586 scienter

276 608 323 640 vel
342 608 537 649 ignoranter,
552 607 722 649 contigerit
735 606 897 646 attentari,
909 607 1019 639 decer-

276 660 392 693 nimus.

321 712 385 755 §⁴5-
410 713 594 745 Mandantes
614 723 700 746 nunc
729 718 759 745 et
784 723 843 756 pro
876 718 1020 755 tempore

277 767 381 799 dictae
401 765 535 799 civitatis
556 767 707 799 Anconae
735 766 944 808 gubernatori
965 776 1021 798 seu

276 820 343 853 eius
376 819 606 853 locumtenenti
640 820 837 863 caeterisque
869 819 910 852 ad
941 830 1020 862 quos

275 879 408 918 spectat,
432 879 467 907 ut
498 873 623 917 quoties
650 884 708 917 pro
744 879 833 917 parte
861 873 1019 905 dictorum

1701 287 1758 320 451

1262 343 1419 377 Gregorius
1436 343 1514 377 Papa
1529 344 1600 377 XIV,

1179 397 1214 423 ad
1234 400 1409 430 perpetuam
1428 397 1474 424 rei
1490 398 1671 424 memoriam.

1076 449 1242 481 Salubrem
1256 449 1525 482 monasteriorum
1540 450 1697 486 omnium,
1708 461 1799 493 prae-

1055 503 1163 535 sertim
1184 503 1277 536 Urbis
1298 509 1437 544 nostrae,
1459 504 1498 536 de
1516 503 1633 546 quibus
1651 503 1795 546 peculia-

1054 565 1122 587 rem
1144 567 1254 588 curam
1276 556 1442 595 habemus,
1468 562 1586 588 statum
1607 556 1795 588 desideran-

1057 614 1112 645 tes,
1136 619 1200 640 non
1230 610 1327 641 modo
1348 620 1430 652 quae
1463 609 1524 641 illis
1550 620 1701 641 concessa
1727 614 1800 641 sunt

1055 661 1193 693 libenter
1207 662 1437 694 confirmamus
1451 668 1478 694 et
1499 662 1731 705 approbamus,
1749 673 1800 694 ve—

1057 725 1126 745 rum
1142 714 1237 746 etiam
1253 725 1335 757 quae
1349 715 1579 758 expressiorem
1598 725 1726 747 sensum
1741 725 1799 758 po-

1055 768 1173 800 stulare
1194 767 1352 807 videntur,
1373 779 1407 800 re
1428 768 1598 809 diligenter
1618 774 1796 811 perspecta,

1056 820 1098 852 ita
1116 820 1329 860 declaramus,
1346 826 1381 853 ut
1398 821 1502 853 omnis
1517 821 1663 853 dubietas
1681 822 1719 854 de
1739 821 1799 864 piis

1055 873 1313 905 ‹·ln·istitidelium
1335 874 1496 905 mentibus
1514 874 1679 906 evellatur.

1813 297 1861 324 An.
1879 298 1907 323 C.
1932 298 1992 324 1591

1841 464 1959 484 [annalium.

275 932 492 959 mercatorum
513 927 561 959 vel
593 926 727 959 alicuius
756 936 870 958 corum
902 925 1019 957 fuerint

274 980 430 1023 requisiti,
453 986 637 1023 praesentes
657 986 687 1013 et
705 980 863 1012 dictorum
888 979 1021 1022 praede-

276 1043 440 1066 cessorum
462 1033 583 1066 litteras
604 1044 639 1065 ac
668 1033 699 1065 in
718 1033 762 1065 eis
791 1037 941 1065 contenta
961 1032 1020 1063 liu-

1882 938 1958 957 l'iinlns
1975 939 2000 959 ΙΙΙ

1815 964 1898 984 domum
1914 965 1933 984 in
1944 964 1999 985 [Ill-e

1100 930 1115 963 ξ
1142 925 1167 957 l.
1188 926 1313 957 Dudum
1335 925 1493 968 siquidem
1516 926 1614 958 felicis
1643 926 1795 959 recorda-

1057 977 1149 1009 tionis
1170 978 1286 1010 Paulus
1306 978 1390 1020 Papa
1402 978 1451 1017 Ill,
1473 979 1647 1020 quamdam
1665 978 1697 1010 in
1716 979 1799 1011 Urbe.
1815 991 1999 1015 ‹invalitudine-

1056 1031 1186 1063 domum
1209 1041 1267 1073 pro
1300 1031 1501 1071 mulieribus,
1528 1037 1591 1063 tam
1621 1032 1800 1073 coniugatis
1815 1018 2000 1063 i‘}'1l}-'ss³2¹⁴l‘·¹ifii·[fiii]

1816 1070 1891 1094 palvilis
1904 1072 1923 1089 ct
1939 1070 2000 1089 ilesu-

106 1359 261 1380 Contrariorum

78 1387 196 1412 derogatio.

276 1087 415 1120 iusniodi
436 1087 475 1120 ab
490 1086 640 1119 omnihus
657 1086 774 1119 saciant.
795 1085 1021 1118 inviolabiliter

276 1141 450 1181 observari,
485 1151 550 1173 non
584 1140 809 1183 permittentes
840 1149 894 1171 eos
925 1149 1022 1181 super

276 1193 458 1237 praemissis
471 1203 530 1236 per
542 1203 763 1236 quoscumque
775 1191 1021 1235 quomodolibet

277 1246 449 1280 molestari.

322 1301 337 1341 g
359 1299 388 1331 6.
412 1300 482 1332 Non
503 1299 650 1332 obstante
668 1308 872 1342 quacumque
892 1307 1022 1330 conces-

277 1353 366 1386 sione
395 1353 434 1385 de
454 1352 560 1386 officio
581 1352 764 1385 consulatus
789 1351 893 1384 dietae
912 1351 1019 1383 natio-

278 1406 326 1439 nis
344 1412 375 1439 et
396 1406 519 1439 insulae
538 1406 690 1438 Pathmos
721 1405 914 1447 cuicumque
932 1404 1022 1436 alteri

277 1470 446 1502 personae,
466 1459 655 1502 praesertim
676 1468 741 1490 non
762 1469 798 1490 ex
818 1457 911 1490 titulo
940 1468 1020 1489 one-

278 1523 363 1553 roso,
388 1523 445 1556 per
462 1523 520 1545 nos
538 1513 645 1544 forsan
664 1512 755 1551 sacta,
773 1521 869 1554 quam
887 1520 944 1553 per
957 1521 1024 1542 eas-

280 1567 352 1599 dem
384 1570 567 1608 praesentes
599 1575 797 1604 revocamus,
827 1563 1023 1606 caeterisque

280 1617 448 1651 contrariis
468 1617 735 1660 quibuscumque.

323 1672 438 1704 Datum
458 1671 580 1703 Romae
600 1670 632 1702 in
653 1670 757 1702 Monte
778 1668 944 1708 Quirinali,
965 1669 1023 1701 suli

280 1724 399 1756 annulo
430 1723 611 1763 piscatoris,
644 1723 695 1755 (110
726 1733 783 1756 x111
812 1722 880 1754 iulii
911 1731 1020 1761 uoxcl,

280 1777 484 1820 pontificatus
504 1776 604 1809 nostri
625 1786 710 1808 311110
731 1786 752 1808 1.

315 1839 372 1866 Dat.
391 1839 433 1866 die
461 1839 491 1866 13
505 1838 562 1865 iulii
587 1838 665 1872 1591,
683 1841 757 1873 pont.
773 1845 817 1864 an.
834 1844 853 1863 1.

601 2024 707 2057 XXXI.

281 2123 471 2158 narisdiccio
506 2126 637 2155 sanctae
671 2123 837 2155 Romanae
867 2121 1027 2154 Ecclesiae

326 2177 508 2210 cardinalis
518 2176 708 2219 protectoris
728 2179 755 2207 ct
774 2175 894 2207 italicis
914 2185 1027 2206 caasa-

327 2241 412 2269 ram,
435 2230 587 2261 interesse
608 2228 798 2260 monasterii
829 2227 1024 2260 monialium
1044 2249 1045 2261 2

327 2284 464 2317 Sanctae
474 2283 625 2316 Marthae
639 2281 676 2314 cle
691 2282 773 2315 Urbe
788 2281 989 2324 {tumentium
1004 2281 1023 2313 ¹.

322 2383 330 2407 1
345 2379 601 2407 Hocmonasterium
617 2387 665 2405 seu
680 2378 769 2413 potius
784 2378 879 2404 domus
893 2381 951 2404 erat
966 2385 1029 2412 pro-

285 2425 400 2453 bationis
414 2424 515 2451 dudum
532 2428 558 2451 et
578 2423 709 2458 refrigerii
726 2423 869 2449 mulierum
885 2423 954 2449 vitae
972 2422 1029 2449 cul-

284 2470 391 2506 pabilis,
408 2473 437 2496 ut
451 2469 580 2504 innuptae
603 2467 732 2494 moniales
756 2468 852 2494 tierent
871 2466 912 2493 vel
935 2466 1028 2492 matri-

285 2513 376 2540 monio
392 2512 596 2548 copularentur,
620 2515 719 2546 nuptae
747 2519 810 2537 vero
836 2510 952 2545 propriis
966 2509 1030 2536 viris

285 2557 506 2584 restituerentur.
523 2555 573 2582 Sed
589 2555 640 2582 hoc
654 2555 727 2590 pium
756 2563 823 2590 opus
842 2554 872 2581 ad
894 2558 1031 2580 monaste-

286 2602 354 2628 rium
380 2602 483 2628 Domus
511 2600 572 2626 Piae
588 2603 772 2634 nuncupatum
789 2599 852 2626 olim
869 2599 1030 2625 translatum

286 2647 347 2679 fuit,
356 2650 386 2673 ut
397 2646 487 2672 videre
503 2650 544 2672 est
554 2645 581 2671 in
591 2644 713 2679 Gregorii
722 2644 779 2671 xlll
788 2643 931 2671 Constitut.
939 2649 1029 2676 ιΧΧιΧ,

289 2691 454 2726 Cupientes,
468 2694 533 2718 tom.
550 2695 607 2724 vni,
623 2697 684 2724 pag.
700 2688 763 2715 202.

1055 1094 1151 1125 quam
1173 1083 1295 1123 solutis,
1316 1083 1398 1115 vitae
1418 1084 1587 1126 culpabilis
1608 1084 1800 1127 recipiendis

1056 1136 1163 1179 illique
1200 1137 1387 1175 retinendis,
1419 1137 1514 1170 etiam
1548 1138 1605 1170 sub
1639 1138 1797 1177 clausura,

1056 1191 1159 1223 donec
1180 1191 1229 1223 vel
1251 1191 1407 1224 moniales
1426 1191 1537 1224 fierent
1560 1191 1608 1224 vel
1629 1191 1799 1223 matrimo-

1056 1243 1109 1276 nio
1142 1244 1387 1287 colnilarentur,
1421 1243 1446 1276 si
1485 1243 1654 1286 iiinuptae‚
1693 1244 1742 1276 vel
1777 1243 1802 1276 si

1056 1303 1174 1340 nuptae
1196 1303 1311 1338 essent,
1335 1297 1475 1341 propriis
1495 1297 1570 1329 viris
1597 1297 1803 1330 restitueren—

1059 1356 1118 1391 tur,
1144 1351 1316 1393 110111113νί1.
1349 1352 1393 1383 Ac
1413 1361 1472 1393 pro
1502 1350 1660 1391 gubernio
1687 1350 1802 1382 mulie-

1059 1415 1129 1436 rum
1151 1410 1179 1436 01
1202 1405 1317 1436 domus
1345 1403 1531 1436 huiusmodi
1557 1403 1802 1436 confraternita-

1060 1462 1120 1488 tem
1140 1457 1179 1489 de
1192 1456 1299 1489 Gratia
1312 1462 1543 1499 nuncupatam,
1564 1466 1637 1488 cum
1656 1455 1799 1495 ecclesia,

1058 1509 1249 1542 dormitorio
1280 1515 1310 1542 et
1336 1509 1405 1541 aliis
1426 1508 1614 1541 necessariis
1643 1509 1683 1540 ad
1703 1518 1800 1551 prae-

1059 1562 1152 1600 dicta,
1167 1573 1202 1594 ac
1221 1562 1369 1594 facultate
1388 1572 1610 1604 quaecumque
1631 1567 1748 1594 statuta
1765 1561 1803 1593 li-

1059 1616 1120 1648 cita
1138 1622 1165 1648 ct
1188 1616 1333 1655 honesta,
1349 1626 1384 1647 30
1398 1625 1458 1657 pro
1479 1614 1664 1647 huiusmodi
1686 1614 1803 1656 guber-

1058 1669 1111 1702 nio
1130 1675 1156 1702 et
1188 1668 1465 1701 administratione
1485 1667 1662 1699 necessaria
1690 1673 1721 1700 et
1740 1679 1801 1711 op-

1059 1728 1197 1767 portuna
1218 1722 1393 1761 condendi,
1423 1722 1527 1754 eidem
1550 1721 1802 1754 confraternitati

1059 1786 1220 1813 concessa,
1245 1774 1354 1813 erexi13
1376 1779 1405 1806 et
1425 1774 1599 1807 successive
1622 1774 1707 1806 dicta
1727 1784 1805 1806 0011-

1060 1829 1252 1868 fraternitas,
1272 1838 1331 1871 pro
1352 1827 1460 1860 tutiori
1478 1833 1506 1859 et
1526 1827 1661 1859 faciliori
1682 1828 1803 1869 guber-

1060 1883 1113 1915 nio
1126 1888 1153 1915 01
1166 1881 1417 1925 praemissorum
1430 1880 1655 1923 exerpmtione,
1667 1880 1699 1912 in
1712 1891 1805 1913 suum

1061 1942 1091 1969 et
1104 1936 1262 1969 dictarum
1276 1935 1449 1967 mulierum
1464 1940 1493 1967 et
1515 1935 1630 1967 domus
1643 1939 1805 1977 protecto-

1062 2000 1129 2022 rem
1150 1989 1242 2031 elegit
1257 2015 1264 2029 ,
1286 1994 1316 2021 et
1336 1988 1439 2020 dictus
1459 1988 1688 2031 praedecessor
1708 1988 1807 2030 depu-

1063 2042 1137 2075 tavit
1156 2042 1260 2074 lionae
1286 2040 1461 2073 memoriae
1490 2040 1697 2083 Rodulplium
1725 2040 1805 2073 tituli

1061 2096 1195 2129 Sanctae.
1217 2094 1332 2127 Mariae
1362 2094 1393 2126 in
1415 2093 1652 2137 Transtyberim
1678 2093 1807 2137 presby-

1063 2154 1166 2181 terum
1183 2147 1380 2180 cardinalem
1400 2147 1438 2179 de
1452 2146 1553 2189 Carpo
1571 2152 1803 2188 nuncupatum.

1106 2201 1120 2243 ξ
1141 2200 1171 2233 2.
1196 2201 1327 2233 Necnon
1347 2199 1461 2231 similis
1482 2199 1658 2231 memoriae
1679 2199 1807 2242 11311111-

1061 2255 1122 2287 tius
1144 2253 1225 2286 tituli
1246 2254 1275 2286 S.
1293 2253 1417 2295 Δ1110011,
1447 2253 1612 2296 presbyter
1636 2252 1807 2285 cardinalis

1061 2305 1310 2339 Ravennatensis
1328 2311 1542 2349 nunculmtus,
1564 2310 1594 2337 et
1607 2305 1710 2337 maior
1730 2315 1807 2348 poe-

1062 2358 1273 2395 nitentiarius,
1307 2363 1472 2401 comperto
1502 2359 1589 2401 quod
1620 2358 1739 2389 multae
1771 2368 1808 2389 ex

1064 2465 1118 2498 riis
1138 2465 1307 2498 commode
1329 2475 1393 2498 non
1422 2465 1639 2508 reperiebant„
1664 2464 1719 2497 ubi
1741 2475 1809 2497 mo-

1064 2518 1164 2551 niales
1182 2517 1251 2550 fieri
1271 2517 1455 2555 voluissent,
1472 2517 1582 2550 habita
1602 2517 1689 2550 fideli
1710 2517 1809 2549 infor-

1066 2571 1205 2603 matione
1226 2581 1244 2603 a
1264 2571 1477 2603 confratribus
1503 2570 1606 2603 dictae
1635 2570 1809 2602 confrater-

1065 2624 1182 2664 nitatis,
1198 2624 1393 2668 illorumque
1413 2623 1701 2668 supplicationibus
1719 2622 1808 2654 incli-

1066 2683 1168 2719 natus,
1179 2676 1366 2711 auctoritate
1377 2677 1554 2721 apostolica
1565 2676 1644 2709 etde
1656 2675 1808 2709 mandato

1816 1102 1852 1121 pcr
1865 1096 2001 1116 cunti-iterm-

1817 1125 1880 1142 {dlviii
1893 1125 1988 1143 instituit.

1934 2261 2006 2283 postca

1823 2287 1915 2305 ers-vtum
1929 2285 2007 2305 ilwlcm

1822 2312 1858 2331 fnit
1903 2314 2007 2331 1110113511·-

1822 2338 1874 2357 rium
1898 2343 1935 2362 pr.»
1955 2344 2007 2357 rcri-

1822 2364 1904 2389 pwnalis
1920 2370 1974 2389 ‹pme
1983 2370 2007 2383 cx

1064 2412 1154 2445 dictis
1175 2411 1363 2443 mulieribus
1380 2412 1487 2444 locum
1506 2411 1537 2443 in
1558 2411 1628 2443 aliis
1649 2416 1809 2443 monaste-
1823 2391 2007 2463 {Eisslviilsiq'ffifi.0iiffi-

1824 2470 1880 2489 bant.

1953 2443 2007 2462 »ole-
