2226 3070
49 343 91 371 An
119 344 138 372 L
163 343 231 372 1590

909 344 1012 368 stxrt's
1035 344 1051 367 V
1071 344 1118 368 Pr.

247 395 286 428 ab
307 406 416 428 01111111]
440 397 614 437 voluntate,
641 408 722 441 quae
746 397 902 430 rationein
925 398 997 430 red-

247 449 374 482 diturae
399 456 470 482 sunt
499 454 631 494 propter
655 461 807 493 magnum
830 451 902 484 inde
923 463 998 495 pro-

248 503 427 536 venientem
461 504 602 537 sructum
631 505 833 548 spiritualem
870 506 998 549 proiici-

248 561 368 597 scatur,
391 568 488 600 quam
510 568 575 600 quo
595 558 633 589 ad
657 557 735 590 illud
754 569 789 591 ex
811 559 998 593 necessitate

248 616 414 653 cogantur.
443 611 547 649 Quare
566 611 756 643 mandamus
782 612 943 655 priorissis
969 620 997 646 et

249 664 407 707 magistris
427 664 620 697 novitiarum
647 675 687 697 110
711 665 771 697 sibi
791 666 936 699 subditas
960 668 998 699 ad

247 717 278 750 id
303 717 424 750 arctius
450 718 658 761 compellant.

290 771 444 804 Subditae
465 776 573 804 autem
599 782 711 804 omnes
748 772 894 805 noverint
935 779 999 818 tam

247 824 343 865 istud,
365 835 463 867 quam
484 824 544 857 alia
575 835 657 868 quae
679 825 710 858 in
731 825 780 858 his
800 827 1001 860 constitutio-

246 878 340 910 nibus
365 879 585 919 continentur,
609 879 693 923 ipsas
703 880 741 912 ad
759 881 889 924 culpam
907 881 1002 914 mini-

248 942 298 965 me
323 932 478 975 obligare,
505 938 539 966 ut
570 932 665 966 etiam
692 934 773 967 infra
807 934 883 979 Cap.
920 935 999 969 XXII

247 985 386 1019 dicetur.

290 1039 569 1084 Quandocumque
591 1051 719 1074 sorores
738 1041 903 1083 officiales,
926 1054 1000 1086 pro-

246 1100 317 1137 pter
328 1104 385 1127 sua
399 1094 505 1128 officia
526 1102 714 1140 occupatae,
728 1096 835 1129 debita
846 1097 1001 1131 orationis

247 1149 326 1181 liora
350 1148 397 1181 illi
429 1160 541 1182 vacare
570 1160 636 1182 non
656 1156 802 1193 possunt,
829 1151 891 1184 alia
921 1152 1000 1185 hora

246 1214 308 1246 qua
329 1203 437 1236 minus
471 1203 592 1236 suerint
613 1204 788 1248 impeditae
809 1205 841 1238 id
866 1206 995 1239 saciant.

245 1257 335 1296 Quod
358 1262 465 1290 tamen
491 1257 736 1301 intelligendum
763 1265 821 1300 est,
843 1271 917 1294 eum
944 1272 1001 1305 pei·

247 1316 346 1343 totam
368 1310 481 1344 horam
511 1312 559 1344 vel
592 1312 749 1346 maiorem
775 1313 843 1347 eius
875 1321 998 1358 partem

246 1364 383 1398 orationi
405 1376 515 1398 vacare
531 1376 597 1398 11011
618 1372 783 1410 poterunt.

410 1492 457 1526 De
481 1493 621 1536 capitulo
645 1494 825 1537 culparem.

545 1577 618 1612 CAP.
647 1578 709 1612 XV.

291 1663 477 1706 Capitulum
499 1664 670 1708 culparum
697 1665 795 1698 semel
825 1666 856 1699 in
879 1667 1000 1701 bebdo-

247 1717 341 1750 mada
362 1717 557 1757 celebretur,
586 1717 618 1750 in
639 1729 705 1762 quo
725 1719 813 1752 iuxta
845 1720 999 1764 Regulam

248 1771 363 1815 culpae
383 1781 532 1804 sororum
558 1782 617 1814 per
650 1773 782 1816 capituli
817 1774 1002 1817 praesiden-

248 1830 311 1858 tem
341 1835 468 1857 summa
502 1836 576 1857 cum
598 1826 754 1859 charitate
775 1828 999 1871 corrigantur:

248 1877 407 1911 habeatur
427 1883 534 1912 autem
556 1878 635 1912 hora
653 1880 754 1923 magis
775 1884 946 1916 commoda
973 1889 1003 1917 et

248 1937 460 1974 congruente.

293 1986 422 2019 Pulsate
443 1986 544 2029 igitur
563 1987 668 2029 signo,
684 1999 757 2021 cum
773 1999 885 2023 omnes
906 1991 1001 2025 simul

249 2039 288 2072 ad
310 2039 491 2083 capitulum
512 2041 718 2083 conveniant,
748 2053 852 2084 soror,
876 2045 927 2078 cui
955 2046 1002 2079 10-

248 2093 342 2136 gendi
365 2104 483 2128 munus
515 2094 686 2136 incumbit,
718 2097 756 2129 ad
788 2098 915 2140 signum
945 2111 1002 2133 seu

249 2152 364 2179 nutum
385 2147 557 2190 priorissae
569 2148 631 2182 sive
642 2150 866 2192 praesidentis,
880 2153 1003 2196 aliquid

249 2210 286 2232 ex
303 2200 354 2233 his
374 2201 658 2236 constitutionibus
675 2209 757 2237 etex
782 2205 903 2248 Regula
929 2218 1003 2250 per-

249 2254 333 2296 legat
348 2253 527 2298 incipiens:
549 2257 630 2290 111ὂο
649 2257 773 2291 Damno
807 2259 1004 2295 benedicere:

250 2312 278 2339 et
304 2308 490 2350 praesidens
515 2309 710 2353 respondeat
729 2312 933 2354 regularibus
957 2315 1004 2348 di-

251 2360 410 2405 sciplinis:
434 2362 495 2395 Nos
511 2364 672 2397 instruere
687 2365 840 2408 diffitetur
850 2368 1005 2411 ¹mayisler

251 2414 402 2456 coelestis;
425 2427 462 2449 ae
487 2427 599 2450 omnes
633 2420 849 2462 respondeant
878 2421 1000 2455 Amen.

251 2467 340 2500 Tunc
361 2468 385 2501 si
404 2469 599 2512 praesidenti
615 2470 775 2505 videbitur
790 2473 911 2515 aliquid
927 2474 1004 2508 boni

251 2520 358 2555 dicere
373 2523 565 2556 conveniens
586 2524 715 2558 lectioni
735 2537 791 2559 seu
809 2528 1004 2561 correctioni

252 2574 429 2616 faciendae,
445 2582 619 2620 antequam
631 2578 783 2622 loquatur
799 2580 884 2613 dieat
904 2582 1005 2615 Rene-

251 2628 365 2669 dicilc;
388 2630 604 2673 respondeant
624 2632 795 2672 Dominus,
824 2640 854 2667 et
879 2641 945 2667 tum
964 2636 1004 2668 ad

252 2686 369 2715 terram
392 2694 425 2716 se
445 2690 662 2728 prosternant,
692 2692 724 2720 et
743 2693 923 2731 prostratae
957 2690 1003 2723 ia-

252 2742 356 2778 ceant,
376 2738 482 2783 quoad
506 2738 551 2772 eis
580 2739 751 2775 mandetur
789 2748 823 2776 ut
856 2749 1001 2787 surgant.

1684 335 1740 368 22³1

1042 397 1211 440 Postquain
1234 407 1307 429 vero
1329 396 1538 436 surrexerint,
1560 396 1702 436 sedeant,
1733 397 1789 430 ab·

1040 451 1146 483 ¹soluto
1167 461 1241 483 vero
1259 461 1407 483 sermone
1428 450 1565 493 datoque
1577 451 1667 493 signo
1682 462 1697 483 a
1713 462 1792 494 pra·—

1042 505 1174 545 ικ11101110,
1200 510 1331 548 surgant
1351 515 1463 538 omnes
1482 505 1520 537 ad
1542 505 1694 538 dicendas
1720 517 1793 539 suas

1043 559 1167 602 culpas,
1190 570 1227 591 ac
1247 559 1385 592 novitiae
1406 559 1548 602 primuni
1571 558 1737 603 incipiant,
1761 564 1791 593 et

1044 622 1115 644 mox
1137 622 1320 652 conversae,
1339 612 1453 645 deinde
1464 618 1570 645 autem
1592 613 1794 656 antiquiores

1043 671 1299 709 p1·ose‹piantur;
1322 676 1433 699 omnes
1456 677 1530 699 vero
1555 666 1650 700 binae
1671 667 1703 699 111
1725 678 1793 701 1110-

1043 719 1132 752 (1111111
1153 719 1438 763 00111111111011111111,
1455 720 1703 765 manifestasque
1721 732 1794 754 suas

1044 773 1155 816 culpas
1167 773 1313 816 aperiant
1333 773 1549 817 praesidenti;
1572 785 1684 808 verum
1700 781 1795 809 antea

1044 826 1183 859 novitiae
1199 832 1229 859 01
1250 837 1433 868 conversae,
1445 838 1482 861 ae
1494 828 1575 862 aliae
1588 840 1670 872 quae
1683 840 1794 863 vocem

1044 885 1074 912 et
1094 880 1202 913 locum
1214 880 1245 912 in
1267 880 1409 924 capitulo
1424 891 1488 914 non
1500 881 1628 923 habent,
1641 889 1795 916 correctae

1044 944 1061 965 a
1082 933 1223 976 capitulo
1249 933 1465 967 dimittantur.

1088 986 1167 1019 Dum
1190 987 1368 1030 capitulum
1390 993 1517 1021 tenetur
1527 999 1655 1022 sorores
1670 1000 1734 1023 non
1751 992 1797 1024 10-

1044 1047 1197 1084 quantur,
1222 1041 1282 1074 nisi
1300 1046 1432 1085 propter
1452 1042 1528 1083 duo,
1552 1043 1699 1078 videlicet
1721 1056 1794 1078 011111

1043 1094 1191 1138 proprias
1216 1101 1247 1127 et
1281 1105 1430 1128 sororum
1465 1097 1576 1140 culpas
1602 1097 1796 1141 simpliciter

1044 1148 1201 1190 1010111111,
1220 1149 1267 1181 vel
1289 1149 1487 1193 praesidenti
1501 1161 1599 1195 super
1613 1162 1651 1185 eo
1672 1152 1710 1185 de
1731 1164 1796 1197 quo

1042 1202 1283 1245 interrogantur
1304 1204 1530 1248 respondeant.

1086 1260 1199 1294 Caveat
1222 1267 1329 1295 autem
1355 1273 1438 1305 quae
1463 1269 1613 1296 accusata
1634 1264 1732 1298 fuerit
1755 1276 1796 1298 ne

1042 1313 1137 1347 aliam
1150 1320 1281 1348 accuset
1292 1316 1333 1348 ob
1346 1316 1447 1349 solam
1460 1317 1679 1360 suspicionem
1697 1330 1795 1362 quam

1043 1368 1082 1401 de
1100 1368 1153 1401 illa
1166 1369 1282 1409 liabet3
1305 1369 1393 1413 quod
1414 1370 1438 1402 si
1460 1381 1554 1403 secus
1574 1371 1689 1414 egerit,
1712 1372 1797 1406 eius-

1042 1422 1115 1455 dem
1137 1421 1281 1455 criminis
1306 1433 1410 1466 poena
1426 1424 1598 1467 plectatur,
1620 1436 1684 1469 qua
1701 1437 1797 1460 accu-

1041 1475 1142 1508 sanda
1162 1476 1328 1519 punienda
1346 1477 1440 1510 soret.

1086 1528 1172 1562 Idem
1193 1540 1324 1573 quoque
1345 1536 1490 1564 servetur
1505 1531 1538 1564 111
1558 1543 1629 1565 eam
1642 1544 1725 1576 quae
1741 1534 1797 1568 de·

1045 1582 1155 1617 tulerit
1174 1583 1305 1617 alterius
1326 1585 1455 1629 culpam
1476 1595 1537 1629 pro
1557 1597 1621 1629 qua
1644 1587 1798 1624 sueritsa-

1044 1637 1217 1670 tissaetum.

1088 1691 1132 1724 Ne
1161 1690 1236 1723 vilia
1265 1697 1295 1724 et
1319 1690 1463 1725 desectus
1487 1692 1596 1736 aliquo
1619 1695 1714 1729 modo
1740 1698 1796 1730 ob-

1045 1750 1205 1787 tegantur,
1227 1744 1323 1778 liceat
1342 1745 1445 1778 sorori
1468 1746 1562 1779 etiam
1576 1754 1663 1781 extra
1683 1749 1796 1783 huius-

1044 1798 1131 1832 modi
1155 1799 1334 1842 capitulum
1356 1799 1554 1834 denunciare
1574 1802 1748 1845 priorissae
1767 1805 1796 1837 id

1044 1853 1129 1896 quod
1151 1852 1225 1885 vidit
1247 1853 1294 1885 vel
1320 1854 1453 1895 audivit,
1475 1855 1522 1888 vel
1552 1856 1648 1889 etiam
1676 1857 1796 1892 vicario

1043 1913 1099 1940 aut
1123 1906 1346 1940 commissario
1366 1908 1520 1950 generali.

1089 1960 1207 1993 Eadem
1229 1960 1324 1994 etiam
1346 1972 1451 2005 poena
1475 1963 1632 2006 puniatur
1652 1976 1735 2008 quae
1751 1978 1799 2000 so—

1045 2015 1111 2048 rori
1134 2015 1212 2048 salso
1233 2015 1355 2059 aliquid
1377 2016 1544 2057 obiecerit,
1572 2024 1670 2062 atque
1700 2020 1796 2053 etiam

1045 2068 1084 2101 ad
1106 2068 1209 2102 famae
1229 2069 1466 2104 restitutionem
1495 2078 1654 2115 quantum
1683 2074 1799 2117 poterit

1046 2127 1203 2155 teneatur.

1090 2175 1177 2214 Quae
1198 2185 1273 2208 vero
1294 2181 1443 2209 accusata
1459 2177 1556 2211 suerit
1576 2189 1641 2212 non
1663 2190 1796 2224 respon-

1046 2229 1120 2263 deat
1135 2229 1195 2262 nisi
1217 2229 1312 2270 iusta,
1334 2236 1365 2263 et
1387 2236 1462 2264 tunc
1475 2231 1615 2275 primum
1632 2233 1799 2267 humiliter

1046 2282 1131 2316 dicat
1143 2284 1340 2324 Benedicite,
1355 2284 1420 2317 etsi
1433 2284 1511 2328 quid
1522 2286 1629 2320 minus
1639 2287 1799 2331 patienter

1046 2337 1230 2379 protulerit,
1245 2337 1373 2380 gravius
1384 2338 1592 2382 corripiatur,
1616 2341 1701 2374 iuxta
1717 2353 1798 2386 pra]-

1046 2389 1178 2424 sidentis
1194 2390 1435 2425 discretionem.
1457 2392 1625 2437 Correptio
1640 2400 1748 2429 autem
1765 2396 1796 2429 in

1047 2449 1186 2488 tempus,
1209 2455 1274 2488 quo
1295 2445 1401 2489 passio
1422 2445 1484 2480 iam
1507 2447 1717 2490 deferbuerit,
1739 2449 1798 2483 dis-

1047 2497 1178 2531 seratur.

1091 2547 1227 2582 Caveant
1252 2560 1327 2583 vero
1349 2560 1476 2584 sorores
1500 2561 1540 2585 ne
1571 2552 1638 2585 ulla
1673 2552 1797 2586 ratione

1047 2596 1284 2642 cuiuscumque
1296 2599 1428 2644 capituli
1449 2606 1572 2635 secreta
1583 2601 1797 2645 evulgentaut

1046 2646 1228 2689 propalent.
1657 2661 1660 2663 ’

1091 2695 1177 2734 Quae
1198 2708 1215 2729 a
1236 2698 1431 2741 praesidenti
1457 2699 1490 2732 in
1510 2699 1653 2743 capitulo
1678 2699 1794 2732 suerint

1046 2751 1196 2790 correpta
1216 2752 1246 2780 et
1264 2746 1415 2791 diffinita,
1433 2748 1522 2782 nulla
1541 2759 1579 2783 ex
1599 2748 1796 2784 monialibus

1807 347 1858 374 ΛΠ.
1876 345 1992 373 01590
