2226 3070
8 307 56 335 An.
75 306 103 333 C.
126 305 194 332 1592
824 305 969 330 CLEMENS
990 306 1047 329 Vlll
1068 306 1118 329 ΡΙ).

206 354 384 398 praeheret,
409 364 445 387 ea
466 354 504 387 de
526 364 620 388 causa
641 354 759 387 factum
783 354 838 387 suit
857 360 889 387 ιιι
905 365 955 387 re-

206 407 358 441 nerabilis
379 409 476 441 frater
496 413 606 441 noster
635 408 759 447 Caesar,
785 407 954 451 episcopus

1633 294 1690 327 581
1745 305 1792 330 Λιι.
1816 304 1842 331 o
1866 304 1934 353 ¹5⁹2

989 353 1217 392 cardinalibus,
1242 353 1280 386 de
1302 362 1440 395 quorum
1472 362 1607 384 nurnero
1637 353 1731 385 etiam
1750 370 1934 395 ᾗ,,,γ.,,,,.,,,ῃέ,,,ι,,.

988 418 1046 440 nos
1067 417 1205 446 eramus,
1223 411 1255 438 ut
1269 404 1458 438 visitationis
1476 411 1544 437 acta
1566 416 1601 437 cx
1624 405 1734 448 llispa—
1751 399 1934 449 f‚s.¹'‘.'1‘,¹‚¹¹'.·,{¹“JIJI'JY

1760 457 1769 469 ιι
1778 450 1871 469 aneu-lis.

57 476 189 502 Apostolum

7 503 94 524 DUIICUN
123 503 190 523 dietas

7 530 121 551 canonicos
144 530 191 549 risi-

9 557 60 577 tavit
75 562 113 582 per
135 557 190 576 virus

8 583 36 604 ad
44 583 85 604 hoc
93 583 190 604 selectos.

68 2657 147 2678 Nullam
163 2661 193 2679 ta-

10 2687 57 2703 men
65 2684 194 2705 reformatio-

10 2709 43 2729 '¹¹⁵
83 2716 193 2737 mmmm
211 2714 394 2747 decessores
412 2713 609 2746 mandarunt
625 2712 789 2746 nonnullis
810 2712 840 2745 S.
860 2713 896 2746 R.
921 2713 954 2745 E.

206 460 429 494 Cremonensis
454 467 528 494 tunc
549 461 764 498 Novariensis„
786 466 814 493 ct
837 461 867 492 in
886 460 953 493 llis-

206 514 375 557 paniarum
398 514 505 557 reguis
531 514 732 558 Apostolicae
757 514 846 547 Sedis
873 524 954 545 nuu-

208 568 284 607 tius,
319 569 448 601 eosdem
484 568 656 601 canonicos
693 568 723 600 in
761 567 953 611 supradictis

206 621 388 665 principatu
414 627 443 655 et
465 621 670 655 comitatibus
692 621 860 654 existentes
878 632 954 665 apo-

206 674 317 707 stolica
352 675 541 707 auctoritate
566 674 723 707 curaverit
757 674 950 710 visitandos,

207 728 338 761 delectIs
370 729 410 761 ad
441 739 512 761 eam
549 739 616 760 rem
651 728 725 760 viris
757 728 872 769 insigni
898 729 954 761 ‹lo-

207 781 309 814 ctrina
339 787 368 813 et
400 781 531 825 pietate,
566 792 602 814 ac
631 791 760 819 eorum,
795 791 876 824 quae
915 781 953 813 ad

207 834 375 877 religiosos
407 835 580 878 pertinent,
605 835 707 867 multo
735 846 794 867 usu
819 834 951 878 praedi-

207 888 256 928 tis,
278 888 332 931 qui
353 887 485 931 quidem
509 887 699 925 visitatores,
733 898 805 921 cuin
838 898 954 920 munus

207 941 287 974 illud
306 941 496 974 visitationis
517 939 634 984 magna
655 952 728 974 cuin
750 941 953 983 diligentiaet

206 995 361 1028 charitate
397 995 574 1033 obiissent,
600 995 874 1039 quemadmodum
916 995 954 1027 ab

207 1050 321 1082 eodem
342 1050 473 1083 Caesare
491 1049 642 1092 episcopo
665 1049 801 1081 relatum
829 1048 926 1081 extitit
945 1075 951 1085 ,

206 1112 241 1134 re
261 1102 330 1145 ipsa
351 1101 656 1145 depraehenderunt
676 1101 849 1134 canonicos
871 1101 955 1144 ipsos

207 1155 403 1198 gravissimis
420 1155 542 1188 moi-liis
563 1155 722 1194 laborare,
743 1165 779 1187 ac
804 1154 900 1186 vitam
919 1154 954 1186 li-

207 1209 330 1242 centius
359 1219 469 1251 agere,
499 1209 664 1251 multaque
693 1208 811 1252 passim
844 1213 955 1240 contra

207 1263 347 1305 Regulae
368 1262 605 1295 observantiam
626 1261 806 1299 admittere,
836 1272 871 1293 ac
902 1262 956 1293 (le-

207 1317 304 1360 nique
326 1316 520 1349 canonicalis
534 1315 733 1359 disciplinae,
748 1316 867 1348 nedum
881 1326 956 1348 nor-

207 1381 306 1409 mam,
330 1371 386 1403 sed
406 1380 447 1403 ne
467 1370 599 1413 quidem
620 1370 722 1402 ullum
747 1369 832 1402 illius
863 1369 956 1402 vesti-

207 1424 295 1467 gium
323 1434 459 1467 usquam
490 1423 639 1456 retinere.
668 1423 774 1462 Quae,
810 1434 884 1456 cum
916 1423 955 1455 ad

208 1478 308 1511 felicis
340 1477 573 1511 recordationis
602 1477 724 1510 Sixtum
756 1478 800 1517 V,
829 1477 953 1519 Grego-

208 1531 293 1564 rium
311 1532 375 1565 XIV
405 1537 437 1564 et
456 1531 679 1564 Innocentium
702 1531 758 1568 lx,
794 1531 956 1578 Romanos

208 1585 380 1618 Pontifices
410 1585 675 1629 praedecessores
699 1590 837 1623 nostros,
861 1584 957 1617 allata

209 1645 324 1680 essent,
342 1645 518 1683 caeperunt
534 1639 594 1683 ipsi
608 1639 884 1682 praedecessores,
898 1649 957 1682 pro

209 1703 322 1726 eorum
343 1692 496 1736 pastorali
517 1692 633 1732 officio,
651 1693 689 1725 de
707 1692 891 1724 adhibendo
907 1703 956 1724 re-

209 1747 317 1779 medio
347 1747 499 1788 cogitare.
527 1746 735 1779 Movebantur
766 1745 863 1778 etiam
892 1756 956 1778 non

209 1799 417 1833 mediocriter
444 1799 579 1833 assiduis
603 1799 755 1842 precibus
776 1798 956 1832 charissimi

210 1854 241 1887 in
261 1854 463 1895 Christotilii
490 1854 591 1887 nostri
619 1853 759 1898 Philippi
790 1853 958 1897 Hispania-

208 1919 279 1941 rum
300 1908 384 1950 regis
405 1908 566 1948 catholici,
588 1907 654 1952 qui,
678 1918 738 1951 pro
765 1918 822 1940 sua
853 1908 956 1941 excel-

206 1963 284 1996 lenti
305 1962 434 2006 pietate‚
458 1962 503 1994 nil
524 1962 626 2004 magis
647 1961 734 2005 cupit
756 1972 852 2005 quam
871 1967 905 1994 ut
926 1962 956 1994 in

206 2015 271 2049 suis
296 2015 502 2059 amplissimis
535 2015 664 2058 regnis,
685 2026 749 2048 una
779 2026 852 2048 cum
882 2015 957 2048 fidei

207 2069 385 2102 catholicae
407 2069 610 2111 integritate,
633 2068 716 2102 vitae
735 2079 864 2112 quoque
886 2079 958 2101 san-

166 2133 170 2135 *
207 2122 372 2161 ctiinonia,
396 2121 587 2165 praesertim
609 2121 640 2153 in
661 2121 849 2154 hominihus
880 2121 956 2154 reli-

208 2175 315 2218 giosis,
331 2176 465 2214 eluceat,
481 2186 515 2208 ac
528 2180 700 2218 propterea
712 2185 830 2217 magno
851 2175 956 2208 studio

208 2229 329 2262 eisdem
363 2228 666 2272 praedecessoribus
692 2228 809 2261 nostris
830 2229 957 2272 saepius

207 2282 396 2326 supplicavit
428 2287 463 2315 ut
504 2282 544 2315 ad
581 2281 735 2315 afflictum
770 2282 892 2315 iamdiu
928 2288 955 2315 et

207 2337 345 2380 graviter
366 2337 589 2381 perturbatum
612 2337 802 2370 eorumdem
824 2336 956 2370 canoni-

208 2402 320 2424 corum
350 2391 533 2432 regularem
567 2396 684 2423 statum
712 2391 823 2424 oeulos
850 2390 957 2434 provi-

208 2445 335 2478 dentiae
364 2455 440 2478 suae
470 2450 710 2485 converterent,
740 2450 770 2478 et
797 2445 957 2478 diuturnis

209 2499 331 2532 morbis
363 2498 504 2532 medicas
535 2498 664 2532 tandem
697 2508 812 2531 manus
845 2498 957 2531 admo-

208 2558 328 2587 vcrent.

254 2608 270 2648 ξ
291 2606 321 2638 9..
347 2606 472 2645 Quare,
496 2611 561 2639 tam
596 2605 686 2639 iustis
724 2605 956 2647 religiosissimi

209 2659 292 2702 regis
303 2659 590 2704 supplicationibus
601 2659 750 2703 permoti,
760 2659 857 2692 iidem
866 2669 958 2703 prae-

988 460 1041 493 nia
1071 459 1255 492 transmissa
1286 458 1503 491 examinarent
1538 470 1634 501 quam
1662 456 1755 491 ‹titt-¹

988 513 1184 555 gentissime,
1212 511 1372 554 totiusque.
1409 511 1527 553 negotii
1563 517 1732 549 naturam,

989 567 1190 600 conditiones
1217 566 1423 609 rationesque
1453 576 1565 598 onmes
1597 567 1737 609 pruden-

990 627 1038 653 ter
1058 620 1306 664 perpenderent,
1331 625 1427 662 atque
1449 619 1488 651 ad
1514 630 1568 651 cos
1600 619 1737 661 ‹litigen-

989 681 1036 707 ter
1057 675 1095 707 de
1116 674 1266 707 omnibus
1288 674 1404 707 deinde
1425 675 1596 710 referrent,
1613 680 1644 706 ιιι
1663 674 1734 717 ipsi,

987 729 1042 762 Dei
1064 728 1166 770 gloria
1187 734 1217 761 et
1238 728 1419 760 animarum
1442 729 1543 761 salute
1575 728 1634 760 sihi
1666 734 1738 761 ante

989 783 1099 815 oculos
1119 782 1314 825 praeposita,
1338 793 1420 825 quae
1446 782 1546 824 magis
1568 782 1738 825 probanda

988 836 1192 871 viderentur,
1220 836 1399 869 accuratius
1425 836 1650 869 deliberarent.
1679 836 1737 876 Qui

990 889 1071 922 iussa
1096 889 1279 922 huiusmodi
1300 889 1413 921 sedulo
1436 896 1639 932 exequentes,
1665 902 1737 923 cum

990 948 1100 986 postea
1130 943 1170 974 ad
1199 942 1361 985 praefatos
1397 942 1587 984 Gregorium
1619 944 1682 976 xlv
1710 949 1740 976 et

990 996 1212 1029 Innocentium
1232 996 1283 1034 tx,
1300 997 1574 1038 praedecessores,
1592 996 1738 1029 distincte

989 1055 1085 1092 atquc
1113 1054 1262 1082 {weuram
1288 1049 1327 1081 de
1355 1049 1505 1081 omnihus
1530 1050 1734 1090 retulissent,

990 1103 1154 1145 multaque
1175 1101 1312 1134 vicissim
1334 1102 1593 1134 consideratione
1624 1108 1737 1135 cuncta

990 1166 1118 1188 excussa
1157 1161 1283 1190 essent,
1326 1155 1454 1187 tandem
1491 1155 1655 1187 inventum
1691 1161 1734 1188 est

989 1209 1090 1252 <quod
1117 1208 1176 1252 ipsi
1197 1212 1314 1251 niagno
1341 1208 1436 1241 etiam
1459 1219 1531 1241 cuin
1553 1209 1665 1241 ‹lolore
1687 1220 1737 1241 rc-

990 1269 1171 1305 censemus>
1192 1274 1229 1296 eo
1250 1263 1321 1296 loco
1344 1273 1412 1295 rem
1436 1274 1515 1300 esse,
1540 1269 1571 1295 ut
1604 1263 1635 1295 in
1663 1263 1735 1303 illis,

990 1328 1069 1361 quas
1080 1328 1175 1361 supra
1190 1317 1439 1356 nominarimus,
1454 1316 1640 1360 provinciis,
1652 1318 1739 1361 quod

990 1371 1129 1414 pertinetr
1149 1371 1188 1403 ad
1210 1371 1383 1403 canonicos
1405 1371 1579 1411 regulares,
1595 1370 1648 1413 qui
1662 1371 1739 1403 inibi

991 1429 1081 1461 sunt,
1115 1423 1177 1456 iam
1211 1424 1298 1456 nulla
1328 1434 1461 1467 prorsus
1497 1423 1635 1467 supersit
1669 1435 1739 1467 spes

990 1478 1172 1510 fructuosae
1193 1477 1442 1512 reformationis
1458 1488 1529 1509 eum
1552 1477 1620 1509 eius
1634 1488 1740 1521 neque

992 1531 1176 1564 efficiendae
1188 1542 1292 1574 neque
1307 1531 1513 1574 exequendae
1528 1531 1589 1563 iam
1602 1531 1651 1563 via
1661 1531 1736 1571 ulla,

992 1585 1088 1618 ctiam
1116 1585 1214 1617 cuivis
1247 1584 1465 1617 oculatissimo
1496 1595 1531 1617 ac
1562 1584 1739 1626 diligentis-

991 1637 1073 1671 simo
1107 1637 1274 1679 negotium
1311 1637 1373 1670 hoc
1413 1637 1650 1681 perscrutanti,
1686 1649 1740 1682 ap-

991 1696 1112 1735 pareat.
1143 1691 1360 1730 Quamoboem
1392 1691 1524 1724 unicum
1558 1692 1738 1724 remedium

992 1745 1140 1777 relietum
1169 1755 1252 1781 esse,
1285 1750 1319 1777 ut
1351 1744 1473 1777 scilicet
1502 1744 1615 1786 religio
1645 1750 1740 1788 atque

991 1798 1076 1832 Ordo
1112 1798 1345 1831 canonicorum
1376 1797 1585 1840 Regularium
1619 1798 1649 1831 S.
1678 1800 1740 1831 Au-

992 1851 1110 1895 gustini
1130 1851 1379 1895 particulariter,
1404 1851 1435 1883 in
1457 1851 1648 1895 supradictis
1671 1858 1740 1884 tan-

992 1911 1060 1938 tum
1092 1905 1276 1949 principatu
1301 1910 1331 1938 et
1362 1905 1578 1944 comitatibus,
1611 1906 1740 1949 suppri-

992 1964 1134 1992 meretur
1155 1964 1250 2002 atque
1269 1958 1529 2001 extingueretur:
1548 1959 1635 2002 quod
1657 1959 1741 1992 idem

992 2025 1009 2046 a
1041 2013 1173 2047 diversis
1208 2013 1360 2046 Romanis
1395 2013 1607 2046 Pontificibus
1642 2024 1739 2057 prac-

993 2066 1216 2100 decessoribus
1235 2067 1352 2100 nostris
1371 2077 1436 2100 non
1457 2067 1567 2106 semel,
1591 2068 1646 2100 sed
1672 2078 1742 2100 sae-

992 2120 1086 2164 pius,
1120 2130 1226 2164 neque
1260 2120 1293 2152 in
1327 2119 1435 2163 aliqua
1470 2126 1594 2153 tantum
1626 2126 1738 2163 parte,

991 2175 1046 2208 sed
1067 2175 1099 2207 in
1118 2174 1249 2217 integris
1267 2174 1440 2207 Ordinibus
1458 2175 1697 2218 supprimendis
1712 2181 1740 2207 et

992 2228 1170 2267 abolendis,
1188 2228 1283 2261 etiam
1306 2228 1337 2260 in
1356 2228 1500 2261 conciliis
1519 2228 1735 2270 generalibus,

991 2282 1086 2315 simili
1107 2281 1294 2315 necessitate
1316 2287 1345 2314 et
1365 2292 1474 2314 rerum
1496 2281 1681 2315 conditione
1699 2281 1741 2314 ita

991 2336 1185 2379 postulante,
1210 2335 1326 2368 sactum
1346 2341 1402 2367 est.

1036 2391 1052 2431 S
1074 2388 1103 2421 3
1129 2389 1205 2421 Cum
1226 2399 1301 2422 vero
1326 2388 1424 2421 iidem
1445 2389 1618 2431 Gregorius
1640 2395 1667 2422 et
1690 2390 1740 2422 ln-

991 2442 1174 2483 nocentius,
1191 2443 1471 2486 praedecessores,
1496 2453 1608 2476 eorum
1626 2454 1740 2486 super-

992 2497 1137 2530 veniente
1152 2497 1253 2536 obitu,
1267 2497 1306 2529 ad
1322 2497 1584 2540 suppressionem
1599 2502 1628 2529 ct
1642 2497 1741 2529 extin-

992 2550 1130 2584 ctionem
1152 2550 1339 2583 huiusmodi
1360 2550 1509 2583 devenire
1530 2549 1663 2582 minime
1684 2561 1741 2593 po-

993 2604 1121 2645 tuerint,
1146 2615 1219 2645 nos,
1243 2605 1283 2637 ad
1311 2604 1429 2637 summi
1462 2605 1660 2648 apostolatus
1693 2605 1739 2637 sa-

991 2658 1142 2702 stigium,
1177 2659 1219 2691 ita
1255 2658 1361 2692 divina
1390 2660 1512 2692 favente
1548 2658 1737 2698 clementia,

993 2712 1159 2756 assumpti,
1177 2712 1297 2746 eisdem
1329 2712 1507 2746 rationibus
1528 2712 1668 2752 adducti,
1683 2722 1740 2755 op-

1784 2397 1863 2420 [liubin⁴
1877 2399 1942 2417 uiuite

1756 2426 1878 2449 praeit-titis
1898 2424 1943 2444 tlte-

1757 2457 1813 2470 mens
1824 2458 1859 2468 mis
1871 2457 1941 2470 mnia—

1757 2494 1760 2496 .
1791 2480 1905 2503 itisprimt
1923 2484 1942 2497 ιιι

1757 2505 1808 2524 luci<
1825 2510 1843 2523 ιιι
1858 2504 1941 2523 rubrica

1757 2531 1864 2550 indicatis.
