2226 3070
59 288 112 316 An.
130 286 159 315 G.
177 286 245 314 1590

70 1638 141 1660 sunus
148 1639 246 1666 antiquus

64 1670 188 1696 officiorum,
209 1675 247 1696 pro

63 1702 115 1728 ipsis
123 1701 248 1722 officialibus

63 1732 178 1755 maioribus
187 1737 247 1759 prue-

63 1768 166 1787 servatur.

98 2449 165 2471 lunato
199 2449 254 2471 hane

71 2481 147 2502 bullam
176 2481 252 2508 publi-

71 2513 130 2532 canat

920 279 1024 304 SIXTUS
1039 278 1068 302 V.
1086 277 1135 301 PP-

257 348 331 371 cum
349 336 522 381 praedictis
537 336 586 370 vel
607 336 678 369 aliis
698 333 947 373 efficacioribus,
961 344 1009 366 va—

257 391 430 424 lidioribus
440 401 478 424 ac
493 400 628 435 prorsus
648 387 869 431 inexcogitatis
880 387 1010 421 clausu-

259 445 296 478 lis
308 451 338 478 et
353 445 525 478 verborum
547 442 819 488 conceptionibus
840 452 898 485 per
915 451 1011 484 quos-

258 509 398 542 cumque
424 503 552 531 nostros
574 496 841 541 praedecessores
861 499 916 527 aut
935 504 1010 526 nos-

260 552 413 596 metipsos
444 557 473 585 et
497 551 613 586 Sedem
644 549 843 594 praedictam
875 557 1010 581 conces-

259 607 300 640 sis
329 606 439 650 gratiis
468 610 523 638 aut
546 604 662 638 litteris
682 602 890 648 apostolicis,
913 601 1009 634 etiam

259 660 387 705 saepius
412 658 598 704 approbatis
630 663 661 691 et
694 656 864 690 innovatis.
887 655 1011 694 Quibus

259 713 410 746 omnibus
421 717 453 745 et
463 711 608 754 singulis,
617 709 741 743 etiamsi
755 710 786 742 in
802 709 847 742 eis
862 713 1012 741 caveatur

259 777 406 811 expresse
423 765 508 808 quod
523 765 599 805 illis,
617 774 681 797 non
698 763 758 796 nisi
785 773 897 795 eorum
920 767 1011 794 teno-

259 820 348 853 ribus
368 819 407 852 ad
428 819 562 852 verbum
575 817 715 858 insertis,
732 828 768 850 ac
786 816 891 850 modis
903 821 934 849 et
950 816 1012 848 sor-

260 873 319 906 mis
350 872 428 907 inibi
456 873 582 906 tradi-tis
610 872 650 905 ad
684 882 827 914 unguem
860 869 1010 910 servatis,

257 933 314 962 :tut
339 927 468 961 nonnisi
496 933 672 966 certarum,
699 936 838 970 quarum
865 924 1010 963 interest,

259 991 473 1025 personarum
494 992 642 1025 expresse
656 979 694 1013 ad
707 980 738 1012 id
751 979 924 1012 accedente
938 988 1014 1011 con-

259 1046 368 1076 sensu,
390 1036 439 1069 vel
457 1036 502 1069 eis
522 1036 634 1068 saltem
656 1034 745 1078 prius
765 1032 940 1073 satisfacto,
962 1032 1014 1065 de-

261 1089 368 1132 rogari
392 1089 460 1123 ullo
481 1089 576 1122 modo
597 1088 707 1132 possit,
730 1087 824 1120 aliter
844 1087 945 1119 sactae
961 1085 1014 1118 de-

262 1143 444 1186 rogationes
478 1143 600 1177 nullius
633 1142 695 1175 sint
724 1140 849 1175 roboris
879 1140 926 1173 vel
947 1150 1014 1173 mo-

263 1197 373 1238 menti,
394 1202 524 1230 tenores
544 1195 743 1235 huiusmodi,
762 1194 897 1239 perinde
917 1204 954 1226 ac
974 1193 1012 1234 si,

262 1251 365 1284 forma
390 1251 545 1295 requisita
573 1251 669 1295 plene
699 1249 875 1293 adimpleta
900 1254 928 1282 et
956 1248 1014 1281 01)-

262 1310 398 1345 servata‚
420 1305 459 1338 ad
480 1305 615 1339 verbum
643 1303 752 1338 inserti
784 1304 900 1345 forent,
923 1313 1015 1347 prae-

262 1358 408 1392 sentibus
427 1369 485 1403 pro
505 1358 706 1393 sufficienter
723 1357 1015 1402 expressishaben-

263 1419 321 1453 tes,
343 1412 406 1446 illis
423 1413 502 1446 alias
518 1413 550 1447 in
571 1423 630 1446 suo
651 1412 768 1446 robore
783 1410 1015 1456 permansuris,

262 1467 446 1511 specialiter
473 1473 504 1501 et
529 1478 678 1512 expresse
699 1467 907 1510 derogamus,
931 1470 1016 1499 cete-

263 1520 372 1565 risque
392 1521 564 1555 contrariis
587 1521 863 1565 quibuscumque.

307 1575 322 1618 g
346 1574 399 1608 10.
426 1575 557 1608 Nostrae
583 1581 690 1608 tamen
712 1574 828 1608 mentis
852 1579 948 1618 atque
968 1573 1017 1606 in-

263 1629 416 1663 tentionis
435 1640 500 1663 non
522 1635 568 1663 est
584 1640 641 1673 per
658 1634 843 1673 praesentes
859 1629 891 1661 in
908 1628 1018 1671 aliquo

265 1683 438 1717 immutare
458 1689 577 1717 statum
598 1683 794 1725 officiorum,
810 1694 894 1727 quae
915 1681 1017 1715 maio-

264 1737 352 1770 ribus
373 1737 490 1770 officiis
509 1748 634 1771 annexa
654 1738 693 1770 ab
714 1737 783 1782 ipso
806 1736 898 1770 initio
920 1747 956 1769 ex
972 1735 1019 1768 in-

262 1791 354 1825 dulto
382 1792 574 1836 apostolico,
597 1791 701 1836 pretio
726 1792 773 1825 vel
796 1790 1018 1834 recognitione

262 1845 371 1889 aliqua
397 1846 644 1888 interveniente,
673 1846 900 1880 conceduntur
920 1851 950 1878 et
969 1855 1019 1877 va-

264 1899 379 1932 cabilia
405 1905 497 1940 sunt,
524 1911 678 1944 quorum,
702 1911 777 1933 cum
798 1910 857 1944 pro
873 1904 1019 1943 tempore

264 1959 393 1993 vacant,
416 1954 547 1987 collatio
568 1955 633 1988 sive
654 1954 748 1988 titulo
779 1963 918 1987 oneroso
940 1963 1018 1986 eon-

265 2007 366 2041 cessio
383 2019 438 2041 seu
454 2008 585 2052 quaevis
603 2008 665 2042 alia
685 2008 854 2052 dispositio
874 2008 914 2040 ad
934 2007 1021 2051 ipsos

264 2061 419 2095 officiales
439 2062 597 2095 hactenus
617 2062 782 2106 pertinere
796 2061 975 2102 consuevit,
989 2060 1019 2093 in

265 2114 393 2158 quibus,
406 2126 471 2160 quo
492 2116 600 2149 minus
616 2116 677 2160 ipsi
697 2116 853 2149 officiales
874 2122 907 2148 ut
928 2115 1020 2160 prius

268 2167 321 2200 illa
334 2169 741 2214 concedere,pretiumque
752 2170 827 2203 inde
834 2170 1018 2214 percipere,

269 2231 325 2254 seu
345 2223 423 2257 alias
443 2224 482 2257 de
510 2224 556 2258 eis
583 2224 756 2268 disponere
784 2225 921 2265 valcant,
950 2224 1022 2257 nul-

270 2275 337 2308 lum
358 2276 390 2309 in
416 2283 582 2321 posterum
604 2278 842 2322 praeiudicium
872 2277 1021 2320 generari

270 2329 429 2364 volumus.

313 2382 328 2426 5
360 2382 413 2417 11.
451 2384 491 2418 Ut
525 2390 635 2418 autem
671 2389 858 2428 praesentes
895 2384 1022 2418 litterae

269 2435 422 2470 omnibus
441 2437 657 2478 innotescant,
683 2438 875 2471 mandamus
896 2438 967 2471 illas
984 2439 1022 2471 ad

269 2485 372 2518 valvas
386 2485 540 2520 basilicae
560 2488 795 2528 LateranensiS,
814 2493 845 2520 et
864 2487 1024 2531 Principis

269 2535 497 2578 Apostolorum
519 2536 558 2569 de
579 2537 675 2578 Urbe,
704 2548 831 2571 necnon
857 2537 1023 2570 Cancella-

270 2584 336 2616 riae
357 2585 561 2628 Apostolicae
583 2586 621 2620 de
643 2597 733 2619 more
753 2585 839 2629 affigi
861 2592 892 2619 et
918 2586 1023 2629 publi-

269 2634 348 2674 cari,
362 2645 543 2680 eorumque
558 2636 725 2681 exemplis,
737 2636 833 2670 etiam
847 2635 1023 2678 impressis,

270 2683 387 2716 notarii
404 2684 527 2729 publici
540 2696 637 2719 manu
659 2684 862 2729 subscriptis,
878 2684 1024 2718 eamdem

354 2734 432 2765 Bun.
452 2734 530 2766 Rom.
549 2735 606 2766 Vol.
623 2735 674 2766 IX.
910 2733 948 2764 20

1700 262 1764 296 153

1052 340 1185 376 prorsus
1210 330 1306 363 fidem
1336 327 1496 368 adhiberi,
1525 337 1608 370 quae
1637 326 1715 370 ipsis
1740 326 1807 359 ori·

1051 384 1212 428 ginalibus
1233 382 1444 417 adhiberetur
1472 380 1619 414 exhibitis
1634 380 1683 413 vel
1703 385 1808 413 osten-

1051 438 1105 471 sis.

1096 492 1110 534 g
1134 490 1188 523 1⁶2.
1218 490 1303 523 Nulli
1324 499 1400 532 ergo
1422 488 1555 521 omnino
1576 486 1747 520 hominum
1767 486 1803 518 ti-

1053 551 1121 578 ceat
1142 545 1225 577 lianc
1254 544 1404 588 paginam
1434 548 1563 575 nostrae
1589 539 1805 579 rescissionis,

1053 597 1262 637 irritationis,
1294 595 1552 636 maledictionis,
1584 593 1806 632 execrationis,

1052 650 1291 691 declarationis,
1305 650 1438 691 decreti,
1454 649 1608 689 mandati,
1627 647 1809 681 concessio-

1053 704 1114 743 nis,
1133 704 1309 745 interdicti,
1333 703 1577 748 prohibitionis,
1590 703 1807 740 voluntatum,

1054 758 1297 795 annullationis,
1334 757 1529 791 extensionis
1560 762 1591 789 et
1619 755 1809 800 privationis

1054 811 1243 854 infringere,
1263 813 1311 844 vel
1349 812 1375 845 ei
1412 822 1492 845 ausu
1527 810 1702 843 temerario
1734 819 1810 842 con-

1055 865 1164 898 traire.

1098 918 1130 951 Si
1150 918 1222 962 quis
1243 924 1350 951 autem
1373 922 1430 950 etc.

1099 972 1213 1005 Datum
1235 972 1355 1005 Romae
1382 971 1468 1015 apud
1490 971 1642 1004 Sanctum
1666 970 1807 1009 l‘etrui‘u,

1055 1036 1140 1059 anno
1161 1025 1397 1058 Inearnationis
1425 1024 1608 1057 dominicae
1640 1023 1811 1057 millesimo

1055 1078 1314 1123 quingentesimo
1343 1078 1564 1122 octuagesimo
1595 1088 1696 1117 110110,
1737 1087 1810 1110 xvnt

1056 1133 1208 1166 kalendas
1228 1132 1395 1173 februarii,
1410 1132 1620 1177 pontificatus
1632 1131 1731 1164 nostri
1753 1142 1810 1163 an-

1056 1198 1140 1221 nov.

1061 1937 1087 1978 †
1113 1935 1178 1978 Ego
1194 1935 1314 1975 Slxrvs,
1331 1933 1509 1967 catholicae
1518 1932 1681 1966 Ecclesiae
1691 1931 1816 1975 episco—

1106 2001 1178 2033 pus,
1201 1989 1391 2033 subscripsi.

1061 2046 1089 2086 ἢ
1113 2045 1178 2087 Ego
1198 2045 1325 2085 loann.,
1341 2043 1440 2087 episc.
1460 2041 1611 2082 Ostiens,
1630 2040 1718 2073 caui.
1738 2040 1814 2073 San-

1107 2098 1148 2131 cti
1168 2097 1308 2141 Georgii.

1062 2154 1089 2194 ἢ·
1114 2151 1179 2195 Ego
1200 2151 1309 2195 Alplr,
1330 2150 1428 2194 episc.
1452 2149 1620 2187 Portucn.‚
1644 2147 1732 2181 card.
1756 2146 1816 2180 Ge-

1107 2205 1252 2238 sualtlus.

1062 2261 1090 2302 ἢ
1115 2258 1336 2303 Egolnnicus,
1351 2257 1451 2302 episc.
1470 2256 1660 2297 Tusculan.‚
1673 2255 1760 2288 card.
1780 2255 1818 2287 de

1107 2314 1266 2356 Aragona.

1063 2369 1091 2410 †
1115 2367 1182 2409 Ego
1202 2366 1279 2399 Mar.
1299 2365 1498 2409 Ant.,episc.
1516 2364 1694 2405 praenest„
1713 2361 1818 2396 cardi-

1109 2421 1172 2453 nal.
1201 2420 1371 2453 Columna.

1065 2476 1092 2516 ·1-
1117 2474 1181 2517 Ego
1198 2474 1416 2513 Ptolomaeus,
1430 2473 1530 2517 episc.
1553 2472 1643 2512 Sati„
1659 2471 1744 2505 card.
1758 2471 1817 2503 11ον

1110 2538 1196 2561 men.

1066 2582 1093 2623 ἦ·
1118 2581 1183 2624 Ego
1197 2580 1450 2624 Gabriel,episc.
1472 2579 1740 2620 Albanen.,card.
1766 2578 1816 2609 Pa>

1112 2636 1250 2669 ltcottus.

1067 2691 1094 2731 †
1121 2689 1186 2732 Ego
1207 2689 1331 2722 Marcus
1349 2689 1478 2730 Sitit-us,
1498 2689 1581 2721 tituli
1600 2688 1733 2720 Sanctae
1756 2685 1817 2717 Ma-

1826 270 1878 298 An.
1895 269 2007 298 c.1590

1847 501 1933 521 Sanruo
1952 506 1991 526 poe

1821 534 1881 554 natis,

1860 1941 1926 1969 Papae
1945 1942 2005 1961 subur

1874 2043 2013 2064 cardinalium

1830 2075 1942 2101 subscripi,
