<?xml version="1.0" encoding="UTF-8"?>
<!DOCTYPE html PUBLIC "-//W3C//DTD XHTML 1.0 Transitional//EN"
    "http://www.w3.org/TR/xhtml1/DTD/xhtml1-transitional.dtd">
<html xmlns="http://www.w3.org/1999/xhtml" xml:lang="en" lang="en">
 <head>
  <title>
</title>
<meta http-equiv="Content-Type" content="text/html;charset=utf-8" />
  <meta name='ocr-system' content='tesseract 3.04.00' />
  <meta name='ocr-capabilities' content='ocr_page ocr_carea ocr_par ocr_line ocrx_word'/>
</head>
<body>
  <div class='ocr_page' id='page_1' title='image "./bullarumdiplomat09cath_0150.png"; bbox 0 0 2226 3070; ppageno 0'>
   <div class='ocr_carea' id='block_1_1' title="bbox 191 267 375 296">
    <p class='ocr_par' dir='ltr' id='par_1_1' title="bbox 191 267 375 296">
     <span class='ocr_line' id='line_1_1' title="bbox 191 267 375 296; baseline 0 0"><span class='ocrx_word' id='word_1_1' title='bbox 191 268 242 296; x_wconf 71' lang='lat' dir='ltr'>An.</span> <span class='ocrx_word' id='word_1_2' title='bbox 259 267 288 295; x_wconf 89' lang='lat' dir='ltr'>C.</span> <span class='ocrx_word' id='word_1_3' title='bbox 308 268 375 296; x_wconf 79' lang='lat'>1589</span> 
     </span>
    </p>
   </div>
   <div class='ocr_carea' id='block_1_2' title="bbox 190 1556 376 1639">
    <p class='ocr_par' dir='ltr' id='par_1_2' title="bbox 190 1556 376 1639">
     <span class='ocr_line' id='line_1_2' title="bbox 216 1556 376 1581; baseline -0.013 -5"><span class='ocrx_word' id='word_1_4' title='bbox 216 1556 256 1576; x_wconf 77' lang='lat' dir='ltr'>Do·</span> <span class='ocrx_word' id='word_1_5' title='bbox 269 1556 376 1581; x_wconf 69' lang='lat' dir='ltr'>aulen-tn</span> 
     </span>
     <span class='ocr_line' id='line_1_3' title="bbox 190 1586 376 1607; baseline 0 -1"><span class='ocrx_word' id='word_1_6' title='bbox 190 1587 303 1607; x_wconf 71' lang='lat' dir='ltr'>seminario</span> <span class='ocrx_word' id='word_1_7' title='bbox 321 1586 376 1606; x_wconf 81' lang='lat' dir='ltr'>Tru·</span> 
     </span>
     <span class='ocr_line' id='line_1_4' title="bbox 190 1618 288 1639; baseline -0.01 0"><span class='ocrx_word' id='word_1_8' title='bbox 190 1618 288 1639; x_wconf 67' lang='lat' dir='ltr'>donno-t.</span> 
     </span>
    </p>
   </div>
   <div class='ocr_carea' id='block_1_3' title="bbox 434 256 498 290">
    <p class='ocr_par' dir='ltr' id='par_1_3' title="bbox 434 256 498 290">
     <span class='ocr_line' id='line_1_5' title="bbox 434 256 498 290; baseline 0 0"><span class='ocrx_word' id='word_1_9' title='bbox 434 256 498 290; x_wconf 72' lang='lat'>126</span> 
     </span>
    </p>
   </div>
   <div class='ocr_carea' id='block_1_4' title="bbox 388 319 1145 2022">
    <p class='ocr_par' dir='ltr' id='par_1_4' title="bbox 388 319 1145 1475">
     <span class='ocr_line' id='line_1_6' title="bbox 390 319 1141 365; baseline -0.004 -11"><span class='ocrx_word' id='word_1_10' title='bbox 390 331 454 365; x_wconf 85' lang='lat' dir='ltr'>que</span> <span class='ocrx_word' id='word_1_11' title='bbox 475 321 542 354; x_wconf 89' lang='lat' dir='ltr'>ulla</span> <span class='ocrx_word' id='word_1_12' title='bbox 565 331 638 365; x_wconf 86' lang='lat' dir='ltr'>spes</span> <span class='ocrx_word' id='word_1_13' title='bbox 663 322 795 364; x_wconf 74' lang='lat' dir='ltr'>effulget</span> <span class='ocrx_word' id='word_1_14' title='bbox 821 322 853 353; x_wconf 89' lang='lat' dir='ltr'>in</span> <span class='ocrx_word' id='word_1_15' title='bbox 882 321 966 354; x_wconf 82' lang='lat' dir='ltr'>dicta</span> <span class='ocrx_word' id='word_1_16' title='bbox 993 320 1090 352; x_wconf 87' lang='lat' dir='ltr'>domo</span> <span class='ocrx_word' id='word_1_17' title='bbox 1111 319 1141 351; x_wconf 93' lang='lat' dir='ltr'>in</span> 
     </span>
     <span class='ocr_line' id='line_1_7' title="bbox 391 373 1141 417; baseline -0.004 -10"><span class='ocrx_word' id='word_1_18' title='bbox 391 379 556 417; x_wconf 86' lang='lat' dir='ltr'>posterum</span> <span class='ocrx_word' id='word_1_19' title='bbox 585 375 816 408; x_wconf 82' lang='lat' dir='ltr'>monasterium</span> <span class='ocrx_word' id='word_1_20' title='bbox 847 373 1043 413; x_wconf 83' lang='lat' dir='ltr'>suscitandi,</span> <span class='ocrx_word' id='word_1_21' title='bbox 1073 377 1141 405; x_wconf 86' lang='lat' dir='ltr'>tum</span> 
     </span>
     <span class='ocr_line' id='line_1_8' title="bbox 390 425 1142 471; baseline -0.004 -11"><span class='ocrx_word' id='word_1_22' title='bbox 390 427 467 471; x_wconf 87' lang='lat' dir='ltr'>quia</span> <span class='ocrx_word' id='word_1_23' title='bbox 488 428 605 460; x_wconf 90' lang='lat' dir='ltr'>domus</span> <span class='ocrx_word' id='word_1_24' title='bbox 625 433 670 460; x_wconf 83' lang='lat' dir='ltr'>est</span> <span class='ocrx_word' id='word_1_25' title='bbox 700 427 844 467; x_wconf 85' lang='lat' dir='ltr'>ruinosa,</span> <span class='ocrx_word' id='word_1_26' title='bbox 877 437 913 459; x_wconf 91' lang='lat' dir='ltr'>ac</span> <span class='ocrx_word' id='word_1_27' title='bbox 941 426 1027 458; x_wconf 85' lang='lat' dir='ltr'>illius</span> <span class='ocrx_word' id='word_1_28' title='bbox 1056 425 1142 458; x_wconf 88' lang='lat' dir='ltr'>redi-</span> 
     </span>
     <span class='ocr_line' id='line_1_9' title="bbox 392 479 1143 524; baseline -0.003 -11"><span class='ocrx_word' id='word_1_29' title='bbox 392 486 441 513; x_wconf 86' lang='lat' dir='ltr'>tus</span> <span class='ocrx_word' id='word_1_30' title='bbox 471 491 631 513; x_wconf 88' lang='lat' dir='ltr'>summam</span> <span class='ocrx_word' id='word_1_31' title='bbox 653 480 868 524; x_wconf 80' lang='lat' dir='ltr'>quadraginta</span> <span class='ocrx_word' id='word_1_32' title='bbox 894 479 1078 512; x_wconf 89' lang='lat' dir='ltr'>modiorum</span> <span class='ocrx_word' id='word_1_33' title='bbox 1103 479 1143 511; x_wconf 87' lang='lat' dir='ltr'>si-</span> 
     </span>
     <span class='ocr_line' id='line_1_10' title="bbox 392 532 1143 576; baseline 0 -10"><span class='ocrx_word' id='word_1_34' title='bbox 392 533 500 576; x_wconf 85' lang='lat' dir='ltr'>liginis</span> <span class='ocrx_word' id='word_1_35' title='bbox 525 533 692 566; x_wconf 87' lang='lat' dir='ltr'>annuatim</span> <span class='ocrx_word' id='word_1_36' title='bbox 718 543 783 565; x_wconf 90' lang='lat' dir='ltr'>non</span> <span class='ocrx_word' id='word_1_37' title='bbox 804 532 974 573; x_wconf 86' lang='lat' dir='ltr'>excedunt,</span> <span class='ocrx_word' id='word_1_38' title='bbox 1005 537 1036 565; x_wconf 91' lang='lat' dir='ltr'>et</span> <span class='ocrx_word' id='word_1_39' title='bbox 1055 543 1143 566; x_wconf 80' lang='lat' dir='ltr'>exer-</span> 
     </span>
     <span class='ocr_line' id='line_1_11' title="bbox 393 586 1143 630; baseline -0.001 -10"><span class='ocrx_word' id='word_1_40' title='bbox 393 587 505 620; x_wconf 82' lang='lat' dir='ltr'>citium</span> <span class='ocrx_word' id='word_1_41' title='bbox 521 597 658 630; x_wconf 87' lang='lat' dir='ltr'>operum</span> <span class='ocrx_word' id='word_1_42' title='bbox 675 586 876 619; x_wconf 87' lang='lat' dir='ltr'>manualium</span> <span class='ocrx_word' id='word_1_43' title='bbox 891 586 929 618; x_wconf 86' lang='lat' dir='ltr'>ab</span> <span class='ocrx_word' id='word_1_44' title='bbox 946 586 1072 629; x_wconf 75' lang='lat' dir='ltr'>origine</span> <span class='ocrx_word' id='word_1_45' title='bbox 1088 586 1143 620; x_wconf 91' lang='lat' dir='ltr'>Or-</span> 
     </span>
     <span class='ocr_line' id='line_1_12' title="bbox 390 639 1142 682; baseline -0.003 -9"><span class='ocrx_word' id='word_1_46' title='bbox 390 640 475 673; x_wconf 86' lang='lat' dir='ltr'>dinis</span> <span class='ocrx_word' id='word_1_47' title='bbox 494 640 650 673; x_wconf 85' lang='lat' dir='ltr'>usitatum</span> <span class='ocrx_word' id='word_1_48' title='bbox 671 639 733 671; x_wconf 91' lang='lat' dir='ltr'>iam</span> <span class='ocrx_word' id='word_1_49' title='bbox 756 640 886 682; x_wconf 85' lang='lat' dir='ltr'>penitus</span> <span class='ocrx_word' id='word_1_50' title='bbox 907 640 1055 680; x_wconf 82' lang='lat' dir='ltr'>exolevit;</span> <span class='ocrx_word' id='word_1_51' title='bbox 1076 645 1142 673; x_wconf 92' lang='lat' dir='ltr'>tum</span> 
     </span>
     <span class='ocr_line' id='line_1_13' title="bbox 390 693 1143 737; baseline -0.001 -11"><span class='ocrx_word' id='word_1_52' title='bbox 390 694 487 726; x_wconf 86' lang='lat' dir='ltr'>etiam</span> <span class='ocrx_word' id='word_1_53' title='bbox 507 693 594 736; x_wconf 87' lang='lat' dir='ltr'>quod</span> <span class='ocrx_word' id='word_1_54' title='bbox 616 693 732 726; x_wconf 84' lang='lat' dir='ltr'>fratres</span> <span class='ocrx_word' id='word_1_55' title='bbox 748 693 787 726; x_wconf 86' lang='lat' dir='ltr'>de</span> <span class='ocrx_word' id='word_1_56' title='bbox 807 693 984 737; x_wconf 74' lang='lat' dir='ltr'>Zcpperen,</span> <span class='ocrx_word' id='word_1_57' title='bbox 1011 694 1066 737; x_wconf 89' lang='lat' dir='ltr'>qui</span> <span class='ocrx_word' id='word_1_58' title='bbox 1083 704 1143 737; x_wconf 88' lang='lat' dir='ltr'>pro</span> 
     </span>
     <span class='ocr_line' id='line_1_14' title="bbox 391 746 1142 790; baseline 0 -11"><span class='ocrx_word' id='word_1_59' title='bbox 391 752 535 790; x_wconf 86' lang='lat' dir='ltr'>tempore</span> <span class='ocrx_word' id='word_1_60' title='bbox 556 746 635 778; x_wconf 89' lang='lat' dir='ltr'>inibi</span> <span class='ocrx_word' id='word_1_61' title='bbox 656 752 790 790; x_wconf 83' lang='lat' dir='ltr'>propter</span> <span class='ocrx_word' id='word_1_62' title='bbox 810 747 955 790; x_wconf 80' lang='lat' dir='ltr'>pericula</span> <span class='ocrx_word' id='word_1_63' title='bbox 975 747 1142 790; x_wconf 83' lang='lat' dir='ltr'>hospitan-</span> 
     </span>
     <span class='ocr_line' id='line_1_15' title="bbox 390 799 1142 844; baseline 0 -12"><span class='ocrx_word' id='word_1_64' title='bbox 390 805 452 840; x_wconf 83' lang='lat' dir='ltr'>tur,</span> <span class='ocrx_word' id='word_1_65' title='bbox 468 799 583 833; x_wconf 87' lang='lat' dir='ltr'>iisdem</span> <span class='ocrx_word' id='word_1_66' title='bbox 596 800 750 844; x_wconf 85' lang='lat' dir='ltr'>periculis</span> <span class='ocrx_word' id='word_1_67' title='bbox 764 800 976 838; x_wconf 76' lang='lat' dir='ltr'>cessantibus,</span> <span class='ocrx_word' id='word_1_68' title='bbox 996 800 1035 833; x_wconf 88' lang='lat' dir='ltr'>ad</span> <span class='ocrx_word' id='word_1_69' title='bbox 1047 811 1142 833; x_wconf 86' lang='lat' dir='ltr'>suum</span> 
     </span>
     <span class='ocr_line' id='line_1_16' title="bbox 390 853 1141 893; baseline 0 -7"><span class='ocrx_word' id='word_1_70' title='bbox 390 853 621 886; x_wconf 84' lang='lat' dir='ltr'>monasterium</span> <span class='ocrx_word' id='word_1_71' title='bbox 635 853 742 886; x_wconf 84' lang='lat' dir='ltr'>redire</span> <span class='ocrx_word' id='word_1_72' title='bbox 759 853 934 893; x_wconf 87' lang='lat' dir='ltr'>debebunt,</span> <span class='ocrx_word' id='word_1_73' title='bbox 958 860 1024 886; x_wconf 88' lang='lat' dir='ltr'>tum</span> <span class='ocrx_word' id='word_1_74' title='bbox 1046 853 1141 886; x_wconf 84' lang='lat' dir='ltr'>etiam</span> 
     </span>
     <span class='ocr_line' id='line_1_17' title="bbox 389 907 1144 947; baseline -0.001 -7"><span class='ocrx_word' id='word_1_75' title='bbox 389 907 460 940; x_wconf 86' lang='lat' dir='ltr'>aliis</span> <span class='ocrx_word' id='word_1_76' title='bbox 471 907 509 941; x_wconf 89' lang='lat' dir='ltr'>de</span> <span class='ocrx_word' id='word_1_77' title='bbox 520 907 742 947; x_wconf 83' lang='lat' dir='ltr'>causis,eidem</span> <span class='ocrx_word' id='word_1_78' title='bbox 753 907 1144 947; x_wconf 79' lang='lat' dir='ltr'>seminarioTrudonensi,</span> 
     </span>
     <span class='ocr_line' id='line_1_18' title="bbox 391 961 1144 1004; baseline 0 -11"><span class='ocrx_word' id='word_1_79' title='bbox 391 971 454 993; x_wconf 89' lang='lat' dir='ltr'>una</span> <span class='ocrx_word' id='word_1_80' title='bbox 475 972 549 994; x_wconf 88' lang='lat' dir='ltr'>cum</span> <span class='ocrx_word' id='word_1_81' title='bbox 574 961 731 994; x_wconf 81' lang='lat' dir='ltr'>reditibus</span> <span class='ocrx_word' id='word_1_82' title='bbox 752 961 952 1001; x_wconf 88' lang='lat' dir='ltr'>huiusmodi,</span> <span class='ocrx_word' id='word_1_83' title='bbox 976 961 1006 993; x_wconf 91' lang='lat' dir='ltr'>in</span> <span class='ocrx_word' id='word_1_84' title='bbox 1029 972 1144 1004; x_wconf 80' lang='lat' dir='ltr'>perpe-</span> 
     </span>
     <span class='ocr_line' id='line_1_19' title="bbox 390 1014 1144 1058; baseline 0.001 -12"><span class='ocrx_word' id='word_1_85' title='bbox 390 1019 481 1046; x_wconf 91' lang='lat' dir='ltr'>tuum</span> <span class='ocrx_word' id='word_1_86' title='bbox 496 1014 669 1058; x_wconf 82' lang='lat' dir='ltr'>applicavit</span> <span class='ocrx_word' id='word_1_87' title='bbox 686 1019 716 1047; x_wconf 89' lang='lat' dir='ltr'>et</span> <span class='ocrx_word' id='word_1_88' title='bbox 733 1015 966 1058; x_wconf 82' lang='lat' dir='ltr'>appropriavit;</span> <span class='ocrx_word' id='word_1_89' title='bbox 989 1020 1017 1047; x_wconf 90' lang='lat' dir='ltr'>et</span> <span class='ocrx_word' id='word_1_90' title='bbox 1040 1025 1080 1047; x_wconf 85' lang='lat' dir='ltr'>ne</span> <span class='ocrx_word' id='word_1_91' title='bbox 1100 1015 1144 1047; x_wconf 90' lang='lat' dir='ltr'>di-</span> 
     </span>
     <span class='ocr_line' id='line_1_20' title="bbox 389 1068 1143 1107; baseline 0.001 -7"><span class='ocrx_word' id='word_1_92' title='bbox 389 1068 492 1101; x_wconf 86' lang='lat' dir='ltr'>lectus</span> <span class='ocrx_word' id='word_1_93' title='bbox 511 1068 598 1101; x_wconf 81' lang='lat' dir='ltr'>filius</span> <span class='ocrx_word' id='word_1_94' title='bbox 616 1068 771 1102; x_wconf 83' lang='lat' dir='ltr'>Melchior</span> <span class='ocrx_word' id='word_1_95' title='bbox 789 1068 937 1107; x_wconf 72' lang='lat' dir='ltr'>solimet,</span> <span class='ocrx_word' id='word_1_96' title='bbox 958 1068 1061 1101; x_wconf 81' lang='lat' dir='ltr'>dietae</span> <span class='ocrx_word' id='word_1_97' title='bbox 1085 1069 1143 1101; x_wconf 92' lang='lat' dir='ltr'>do-</span> 
     </span>
     <span class='ocr_line' id='line_1_21' title="bbox 391 1121 1145 1162; baseline 0.003 -10"><span class='ocrx_word' id='word_1_98' title='bbox 391 1121 757 1162; x_wconf 85' lang='lat' dir='ltr'>mussrater,occasione</span> <span class='ocrx_word' id='word_1_99' title='bbox 768 1121 896 1155; x_wconf 88' lang='lat' dir='ltr'>unionis</span> <span class='ocrx_word' id='word_1_100' title='bbox 910 1121 1014 1155; x_wconf 84' lang='lat' dir='ltr'>dictae</span> <span class='ocrx_word' id='word_1_101' title='bbox 1028 1122 1145 1155; x_wconf 89' lang='lat' dir='ltr'>domus</span> 
     </span>
     <span class='ocr_line' id='line_1_22' title="bbox 389 1174 1143 1218; baseline 0.003 -12"><span class='ocrx_word' id='word_1_102' title='bbox 389 1179 420 1207; x_wconf 88' lang='lat' dir='ltr'>et</span> <span class='ocrx_word' id='word_1_103' title='bbox 447 1174 611 1208; x_wconf 74' lang='lat' dir='ltr'>redituum</span> <span class='ocrx_word' id='word_1_104' title='bbox 631 1175 766 1218; x_wconf 79' lang='lat' dir='ltr'>siliginis</span> <span class='ocrx_word' id='word_1_105' title='bbox 788 1175 989 1215; x_wconf 86' lang='lat' dir='ltr'>huiusmodi,</span> <span class='ocrx_word' id='word_1_106' title='bbox 1009 1186 1066 1208; x_wconf 68' lang='lat' dir='ltr'>sua,</span> <span class='ocrx_word' id='word_1_107' title='bbox 1087 1186 1143 1208; x_wconf 90' lang='lat' dir='ltr'>ne-</span> 
     </span>
     <span class='ocr_line' id='line_1_23' title="bbox 390 1228 1142 1269; baseline 0.001 -9"><span class='ocrx_word' id='word_1_108' title='bbox 390 1228 528 1261; x_wconf 85' lang='lat' dir='ltr'>cessaria</span> <span class='ocrx_word' id='word_1_109' title='bbox 543 1228 776 1262; x_wconf 73' lang='lat' dir='ltr'>sustentatione</span> <span class='ocrx_word' id='word_1_110' title='bbox 788 1229 1048 1269; x_wconf 74' lang='lat' dir='ltr'>defraudaretur,</span> <span class='ocrx_word' id='word_1_111' title='bbox 1059 1229 1142 1262; x_wconf 91' lang='lat' dir='ltr'>idem</span> 
     </span>
     <span class='ocr_line' id='line_1_24' title="bbox 390 1281 1145 1325; baseline 0.001 -11"><span class='ocrx_word' id='word_1_112' title='bbox 390 1281 544 1315; x_wconf 86' lang='lat' dir='ltr'>Ernestus</span> <span class='ocrx_word' id='word_1_113' title='bbox 573 1282 838 1325; x_wconf 71' lang='lat' dir='ltr'>archiepiscopus</span> <span class='ocrx_word' id='word_1_114' title='bbox 864 1282 1012 1325; x_wconf 75' lang='lat' dir='ltr'>promisit</span> <span class='ocrx_word' id='word_1_115' title='bbox 1040 1294 1074 1315; x_wconf 87' lang='lat' dir='ltr'>se</span> <span class='ocrx_word' id='word_1_116' title='bbox 1101 1283 1145 1315; x_wconf 92' lang='lat' dir='ltr'>ei-</span> 
     </span>
     <span class='ocr_line' id='line_1_25' title="bbox 389 1334 1144 1379; baseline 0.001 -12"><span class='ocrx_word' id='word_1_117' title='bbox 389 1335 463 1367; x_wconf 84' lang='lat' dir='ltr'>dem</span> <span class='ocrx_word' id='word_1_118' title='bbox 483 1334 660 1376; x_wconf 84' lang='lat' dir='ltr'>Melchiori,</span> <span class='ocrx_word' id='word_1_119' title='bbox 684 1336 770 1379; x_wconf 89' lang='lat' dir='ltr'>quod</span> <span class='ocrx_word' id='word_1_120' title='bbox 793 1336 832 1367; x_wconf 90' lang='lat' dir='ltr'>ad</span> <span class='ocrx_word' id='word_1_121' title='bbox 858 1346 948 1368; x_wconf 88' lang='lat' dir='ltr'>suam</span> <span class='ocrx_word' id='word_1_122' title='bbox 970 1336 1064 1368; x_wconf 85' lang='lat' dir='ltr'>vitam</span> <span class='ocrx_word' id='word_1_123' title='bbox 1090 1347 1144 1369; x_wconf 90' lang='lat' dir='ltr'>su-</span> 
     </span>
     <span class='ocr_line' id='line_1_26' title="bbox 388 1389 1144 1434; baseline 0.003 -13"><span class='ocrx_word' id='word_1_124' title='bbox 388 1389 593 1422; x_wconf 84' lang='lat' dir='ltr'>stentandam</span> <span class='ocrx_word' id='word_1_125' title='bbox 614 1389 767 1430; x_wconf 87' lang='lat' dir='ltr'>sufficiat,</span> <span class='ocrx_word' id='word_1_126' title='bbox 789 1390 895 1433; x_wconf 89' lang='lat' dir='ltr'>quoad</span> <span class='ocrx_word' id='word_1_127' title='bbox 921 1389 1045 1429; x_wconf 71' lang='lat' dir='ltr'>vixerit,</span> <span class='ocrx_word' id='word_1_128' title='bbox 1072 1401 1144 1434; x_wconf 91' lang='lat' dir='ltr'>pro-</span> 
     </span>
     <span class='ocr_line' id='line_1_27' title="bbox 389 1442 545 1475; baseline 0 -1"><span class='ocrx_word' id='word_1_129' title='bbox 389 1442 545 1475; x_wconf 88' lang='lat' dir='ltr'>visurum.</span> 
     </span>
    </p>

    <p class='ocr_par' dir='ltr' id='par_1_5' title="bbox 388 1496 1145 2022">
     <span class='ocr_line' id='line_1_28' title="bbox 433 1496 1144 1539; baseline 0.001 -10"><span class='ocrx_word' id='word_1_130' title='bbox 433 1496 448 1539; x_wconf 79' lang='lat'><strong>§</strong></span> <span class='ocrx_word' id='word_1_131' title='bbox 473 1496 504 1528; x_wconf 67' lang='lat'>2.</span> <span class='ocrx_word' id='word_1_132' title='bbox 528 1497 571 1529; x_wconf 81' lang='lat' dir='ltr'>Ac</span> <span class='ocrx_word' id='word_1_133' title='bbox 591 1497 630 1529; x_wconf 88' lang='lat' dir='ltr'>de</span> <span class='ocrx_word' id='word_1_134' title='bbox 652 1507 812 1529; x_wconf 81' lang='lat' dir='ltr'>consensu</span> <span class='ocrx_word' id='word_1_135' title='bbox 833 1497 909 1529; x_wconf 77' lang='lat' dir='ltr'>dicti</span> <span class='ocrx_word' id='word_1_136' title='bbox 930 1497 1054 1530; x_wconf 84' lang='lat' dir='ltr'>abbatis</span> <span class='ocrx_word' id='word_1_137' title='bbox 1075 1503 1144 1530; x_wconf 87' lang='lat' dir='ltr'>tan-</span> 
     </span>
     <span class='ocr_line' id='line_1_29' title="bbox 390 1550 1145 1594; baseline 0.003 -12"><span class='ocrx_word' id='word_1_138' title='bbox 390 1560 488 1593; x_wconf 87' lang='lat' dir='ltr'>quam</span> <span class='ocrx_word' id='word_1_139' title='bbox 520 1550 677 1583; x_wconf 84' lang='lat' dir='ltr'>ordinarii</span> <span class='ocrx_word' id='word_1_140' title='bbox 704 1551 868 1584; x_wconf 76' lang='lat' dir='ltr'>collatoris</span> <span class='ocrx_word' id='word_1_141' title='bbox 890 1557 1081 1594; x_wconf 69' lang='lat' dir='ltr'>personatus</span> <span class='ocrx_word' id='word_1_142' title='bbox 1105 1552 1145 1584; x_wconf 90' lang='lat' dir='ltr'>de</span> 
     </span>
     <span class='ocr_line' id='line_1_30' title="bbox 389 1604 1144 1648; baseline 0.003 -12"><span class='ocrx_word' id='word_1_143' title='bbox 389 1604 579 1647; x_wconf 83' lang='lat' dir='ltr'>Neverpella</span> <span class='ocrx_word' id='word_1_144' title='bbox 604 1604 708 1637; x_wconf 86' lang='lat' dir='ltr'>dictae</span> <span class='ocrx_word' id='word_1_145' title='bbox 739 1605 908 1644; x_wconf 84' lang='lat' dir='ltr'>dioecesis,</span> <span class='ocrx_word' id='word_1_146' title='bbox 939 1615 1035 1648; x_wconf 86' lang='lat' dir='ltr'>quem</span> <span class='ocrx_word' id='word_1_147' title='bbox 1063 1606 1144 1638; x_wconf 88' lang='lat' dir='ltr'>dile-</span> 
     </span>
     <span class='ocr_line' id='line_1_31' title="bbox 390 1657 1145 1699; baseline 0.003 -9"><span class='ocrx_word' id='word_1_148' title='bbox 390 1663 461 1690; x_wconf 90' lang='lat' dir='ltr'>ctus</span> <span class='ocrx_word' id='word_1_149' title='bbox 481 1657 567 1690; x_wconf 82' lang='lat' dir='ltr'>tilius</span> <span class='ocrx_word' id='word_1_150' title='bbox 596 1658 731 1690; x_wconf 86' lang='lat' dir='ltr'>Ioannes</span> <span class='ocrx_word' id='word_1_151' title='bbox 760 1658 946 1699; x_wconf 88' lang='lat' dir='ltr'>Christiani,</span> <span class='ocrx_word' id='word_1_152' title='bbox 967 1659 1145 1692; x_wconf 79' lang='lat' dir='ltr'>canonicus</span> 
     </span>
     <span class='ocr_line' id='line_1_32' title="bbox 390 1710 1143 1753; baseline 0.001 -10"><span class='ocrx_word' id='word_1_153' title='bbox 390 1716 421 1744; x_wconf 87' lang='lat' dir='ltr'>et</span> <span class='ocrx_word' id='word_1_154' title='bbox 440 1716 554 1744; x_wconf 84' lang='lat' dir='ltr'>cantor</span> <span class='ocrx_word' id='word_1_155' title='bbox 570 1711 726 1744; x_wconf 83' lang='lat' dir='ltr'>ecclesiae</span> <span class='ocrx_word' id='word_1_156' title='bbox 746 1711 777 1744; x_wconf 87' lang='lat' dir='ltr'>S.</span> <span class='ocrx_word' id='word_1_157' title='bbox 802 1710 926 1743; x_wconf 85' lang='lat' dir='ltr'>Martini</span> <span class='ocrx_word' id='word_1_158' title='bbox 947 1712 1143 1753; x_wconf 82' lang='lat' dir='ltr'>Leodiensis,</span> 
     </span>
     <span class='ocr_line' id='line_1_33' title="bbox 389 1765 1145 1808; baseline 0.001 -10"><span class='ocrx_word' id='word_1_159' title='bbox 389 1765 526 1805; x_wconf 85' lang='lat' dir='ltr'>obtinet,</span> <span class='ocrx_word' id='word_1_160' title='bbox 550 1776 623 1798; x_wconf 87' lang='lat' dir='ltr'>cum</span> <span class='ocrx_word' id='word_1_161' title='bbox 645 1765 790 1808; x_wconf 90' lang='lat' dir='ltr'>primum</span> <span class='ocrx_word' id='word_1_162' title='bbox 811 1776 869 1808; x_wconf 89' lang='lat' dir='ltr'>per</span> <span class='ocrx_word' id='word_1_163' title='bbox 885 1765 1008 1799; x_wconf 85' lang='lat' dir='ltr'>obitum</span> <span class='ocrx_word' id='word_1_164' title='bbox 1026 1777 1081 1799; x_wconf 87' lang='lat' dir='ltr'>seu</span> <span class='ocrx_word' id='word_1_165' title='bbox 1096 1777 1145 1799; x_wconf 88' lang='lat' dir='ltr'>re-</span> 
     </span>
     <span class='ocr_line' id='line_1_34' title="bbox 388 1818 1142 1861; baseline 0.001 -10"><span class='ocrx_word' id='word_1_166' title='bbox 388 1818 602 1861; x_wconf 72' lang='lat' dir='ltr'>signationem</span> <span class='ocrx_word' id='word_1_167' title='bbox 632 1818 707 1851; x_wconf 86' lang='lat' dir='ltr'>dicti</span> <span class='ocrx_word' id='word_1_168' title='bbox 737 1819 866 1851; x_wconf 83' lang='lat' dir='ltr'>Ioannis</span> <span class='ocrx_word' id='word_1_169' title='bbox 895 1819 1075 1861; x_wconf 69' lang='lat' dir='ltr'>vacaverit,</span> <span class='ocrx_word' id='word_1_170' title='bbox 1107 1831 1142 1853; x_wconf 83' lang='lat' dir='ltr'>ex</span> 
     </span>
     <span class='ocr_line' id='line_1_35' title="bbox 391 1872 1145 1916; baseline 0.003 -12"><span class='ocrx_word' id='word_1_171' title='bbox 391 1877 467 1905; x_wconf 84' lang='lat' dir='ltr'>tunc</span> <span class='ocrx_word' id='word_1_172' title='bbox 483 1877 581 1916; x_wconf 87' lang='lat' dir='ltr'>prout.</span> <span class='ocrx_word' id='word_1_173' title='bbox 601 1882 638 1905; x_wconf 88' lang='lat' dir='ltr'>ex</span> <span class='ocrx_word' id='word_1_174' title='bbox 658 1882 695 1905; x_wconf 89' lang='lat' dir='ltr'>ea</span> <span class='ocrx_word' id='word_1_175' title='bbox 715 1872 767 1904; x_wconf 87' lang='lat' dir='ltr'>die</span> <span class='ocrx_word' id='word_1_176' title='bbox 788 1877 818 1905; x_wconf 85' lang='lat' dir='ltr'>et</span> <span class='ocrx_word' id='word_1_177' title='bbox 838 1883 854 1904; x_wconf 78' lang='lat' dir='ltr'>e</span> <span class='ocrx_word' id='word_1_178' title='bbox 875 1878 1001 1912; x_wconf 88' lang='lat' dir='ltr'>contra,</span> <span class='ocrx_word' id='word_1_179' title='bbox 1020 1872 1088 1906; x_wconf 80' lang='lat' dir='ltr'>sine</span> <span class='ocrx_word' id='word_1_180' title='bbox 1101 1878 1145 1906; x_wconf 85' lang='lat' dir='ltr'>ta—</span> 
     </span>
     <span class='ocr_line' id='line_1_36' title="bbox 390 1925 1145 1969; baseline 0.003 -11"><span class='ocrx_word' id='word_1_181' title='bbox 390 1936 464 1958; x_wconf 85' lang='lat' dir='ltr'>men</span> <span class='ocrx_word' id='word_1_182' title='bbox 485 1925 686 1969; x_wconf 90' lang='lat' dir='ltr'>praeiudicio</span> <span class='ocrx_word' id='word_1_183' title='bbox 715 1925 817 1968; x_wconf 88' lang='lat' dir='ltr'>ipsius</span> <span class='ocrx_word' id='word_1_184' title='bbox 845 1925 985 1958; x_wconf 87' lang='lat' dir='ltr'>loannis.</span> <span class='ocrx_word' id='word_1_185' title='bbox 1018 1927 1145 1960; x_wconf 86' lang='lat' dir='ltr'>Praete-</span> 
     </span>
     <span class='ocr_line' id='line_1_37' title="bbox 390 1979 1143 2022; baseline 0.003 -11"><span class='ocrx_word' id='word_1_186' title='bbox 390 1989 455 2019; x_wconf 86' lang='lat' dir='ltr'>rea,</span> <span class='ocrx_word' id='word_1_187' title='bbox 478 1979 553 2022; x_wconf 90' lang='lat' dir='ltr'>quia</span> <span class='ocrx_word' id='word_1_188' title='bbox 573 1990 610 2011; x_wconf 76' lang='lat' dir='ltr'>ex</span> <span class='ocrx_word' id='word_1_189' title='bbox 630 1979 790 2012; x_wconf 80' lang='lat' dir='ltr'>fructibus</span> <span class='ocrx_word' id='word_1_190' title='bbox 817 1979 1013 2022; x_wconf 75' lang='lat' dir='ltr'>parochialis</span> <span class='ocrx_word' id='word_1_191' title='bbox 1038 1981 1143 2013; x_wconf 84' lang='lat' dir='ltr'>eccle-</span> 
     </span>
    </p>
   </div>
   <div class='ocr_carea' id='block_1_5' title="bbox 992 264 1344 289">
    <p class='ocr_par' dir='ltr' id='par_1_6' title="bbox 992 264 1344 289">
     <span class='ocr_line' id='line_1_38' title="bbox 992 264 1344 289; baseline -0.003 0"><span class='ocrx_word' id='word_1_192' title='bbox 992 265 1172 289; x_wconf 78' lang='lat' dir='ltr'>BULLARIUM</span> <span class='ocrx_word' id='word_1_193' title='bbox 1192 264 1344 289; x_wconf 74' lang='lat' dir='ltr'>ROMANUM</span> 
     </span>
    </p>
   </div>
   <div class='ocr_carea' id='block_1_6' title="bbox 1184 319 1944 2026">
    <p class='ocr_par' dir='ltr' id='par_1_7' title="bbox 1184 319 1944 2026">
     <span class='ocr_line' id='line_1_39' title="bbox 1186 319 1940 364; baseline 0.004 -14"><span class='ocrx_word' id='word_1_194' title='bbox 1186 329 1261 351; x_wconf 92' lang='lat' dir='ltr'>men</span> <span class='ocrx_word' id='word_1_195' title='bbox 1278 319 1481 362; x_wconf 86' lang='lat' dir='ltr'>praeiudicio</span> <span class='ocrx_word' id='word_1_196' title='bbox 1502 320 1602 362; x_wconf 83' lang='lat' dir='ltr'>ipsius</span> <span class='ocrx_word' id='word_1_197' title='bbox 1622 320 1775 364; x_wconf 73' lang='lat' dir='ltr'>Dionysii.</span> <span class='ocrx_word' id='word_1_198' title='bbox 1792 321 1940 361; x_wconf 81' lang='lat' dir='ltr'>Adliaec,</span> 
     </span>
     <span class='ocr_line' id='line_1_40' title="bbox 1185 372 1942 416; baseline 0.004 -12"><span class='ocrx_word' id='word_1_199' title='bbox 1185 372 1406 416; x_wconf 76' lang='lat' dir='ltr'>parochialem</span> <span class='ocrx_word' id='word_1_200' title='bbox 1429 372 1599 405; x_wconf 83' lang='lat' dir='ltr'>ecclesiam</span> <span class='ocrx_word' id='word_1_201' title='bbox 1618 373 1656 405; x_wconf 86' lang='lat' dir='ltr'>de</span> <span class='ocrx_word' id='word_1_202' title='bbox 1682 373 1821 413; x_wconf 82' lang='lat' dir='ltr'>Stewen,</span> <span class='ocrx_word' id='word_1_203' title='bbox 1843 374 1876 406; x_wconf 93' lang='lat' dir='ltr'>in</span> <span class='ocrx_word' id='word_1_204' title='bbox 1890 385 1942 407; x_wconf 83' lang='lat' dir='ltr'>su-</span> 
     </span>
     <span class='ocr_line' id='line_1_41' title="bbox 1185 425 1942 470; baseline 0.004 -13"><span class='ocrx_word' id='word_1_205' title='bbox 1185 425 1310 458; x_wconf 87' lang='lat' dir='ltr'>burbiis</span> <span class='ocrx_word' id='word_1_206' title='bbox 1331 425 1407 458; x_wconf 80' lang='lat' dir='ltr'>dicti</span> <span class='ocrx_word' id='word_1_207' title='bbox 1429 426 1540 470; x_wconf 88' lang='lat' dir='ltr'>oppidi</span> <span class='ocrx_word' id='word_1_208' title='bbox 1556 426 1661 467; x_wconf 85' lang='lat' dir='ltr'>sitam,</span> <span class='ocrx_word' id='word_1_209' title='bbox 1685 437 1783 470; x_wconf 88' lang='lat' dir='ltr'>quam</span> <span class='ocrx_word' id='word_1_210' title='bbox 1805 427 1942 460; x_wconf 82' lang='lat' dir='ltr'>dilectus</span> 
     </span>
     <span class='ocr_line' id='line_1_42' title="bbox 1185 478 1941 520; baseline 0.001 -8"><span class='ocrx_word' id='word_1_211' title='bbox 1185 478 1270 512; x_wconf 83' lang='lat' dir='ltr'>filius</span> <span class='ocrx_word' id='word_1_212' title='bbox 1290 479 1443 512; x_wconf 89' lang='lat' dir='ltr'>Erasmus</span> <span class='ocrx_word' id='word_1_213' title='bbox 1458 479 1614 520; x_wconf 81' lang='lat' dir='ltr'>Andreas,</span> <span class='ocrx_word' id='word_1_214' title='bbox 1632 480 1776 513; x_wconf 88' lang='lat' dir='ltr'>decanus</span> <span class='ocrx_word' id='word_1_215' title='bbox 1786 481 1941 513; x_wconf 84' lang='lat' dir='ltr'>ecclesiae</span> 
     </span>
     <span class='ocr_line' id='line_1_43' title="bbox 1184 532 1941 577; baseline 0.003 -13"><span class='ocrx_word' id='word_1_216' title='bbox 1184 532 1299 565; x_wconf 86' lang='lat' dir='ltr'>Beatae</span> <span class='ocrx_word' id='word_1_217' title='bbox 1324 532 1441 566; x_wconf 87' lang='lat' dir='ltr'>Mariae</span> <span class='ocrx_word' id='word_1_218' title='bbox 1466 532 1605 576; x_wconf 81' lang='lat' dir='ltr'>Virginis</span> <span class='ocrx_word' id='word_1_219' title='bbox 1631 532 1707 565; x_wconf 87' lang='lat' dir='ltr'>dicti</span> <span class='ocrx_word' id='word_1_220' title='bbox 1732 532 1856 577; x_wconf 87' lang='lat' dir='ltr'>oppidi,</span> <span class='ocrx_word' id='word_1_221' title='bbox 1884 534 1941 566; x_wconf 88' lang='lat' dir='ltr'>ob-</span> 
     </span>
     <span class='ocr_line' id='line_1_44' title="bbox 1185 584 1940 630; baseline 0.001 -13"><span class='ocrx_word' id='word_1_222' title='bbox 1185 584 1277 625; x_wconf 82' lang='lat' dir='ltr'>tinet,</span> <span class='ocrx_word' id='word_1_223' title='bbox 1307 596 1439 630; x_wconf 87' lang='lat' dir='ltr'>quoque</span> <span class='ocrx_word' id='word_1_224' title='bbox 1461 587 1540 626; x_wconf 87' lang='lat' dir='ltr'>uni,</span> <span class='ocrx_word' id='word_1_225' title='bbox 1571 596 1641 619; x_wconf 90' lang='lat' dir='ltr'>eam</span> <span class='ocrx_word' id='word_1_226' title='bbox 1663 586 1829 619; x_wconf 80' lang='lat' dir='ltr'>dumtaxat</span> <span class='ocrx_word' id='word_1_227' title='bbox 1848 586 1940 618; x_wconf 86' lang='lat' dir='ltr'>sami-</span> 
     </span>
     <span class='ocr_line' id='line_1_45' title="bbox 1185 638 1940 683; baseline 0.001 -13"><span class='ocrx_word' id='word_1_228' title='bbox 1185 638 1260 670; x_wconf 88' lang='lat' dir='ltr'>liam</span> <span class='ocrx_word' id='word_1_229' title='bbox 1283 639 1343 672; x_wconf 84' lang='lat' dir='ltr'>sibi</span> <span class='ocrx_word' id='word_1_230' title='bbox 1365 639 1545 672; x_wconf 86' lang='lat' dir='ltr'>subiectam</span> <span class='ocrx_word' id='word_1_231' title='bbox 1578 650 1615 672; x_wconf 86' lang='lat' dir='ltr'>ae</span> <span class='ocrx_word' id='word_1_232' title='bbox 1635 639 1773 683; x_wconf 83' lang='lat' dir='ltr'>proinde</span> <span class='ocrx_word' id='word_1_233' title='bbox 1790 639 1940 682; x_wconf 82' lang='lat' dir='ltr'>exiguum</span> 
     </span>
     <span class='ocr_line' id='line_1_46' title="bbox 1184 691 1940 736; baseline 0.003 -13"><span class='ocrx_word' id='word_1_234' title='bbox 1184 691 1362 724; x_wconf 82' lang='lat' dir='ltr'>admodum</span> <span class='ocrx_word' id='word_1_235' title='bbox 1387 703 1470 725; x_wconf 89' lang='lat' dir='ltr'>onus</span> <span class='ocrx_word' id='word_1_236' title='bbox 1487 693 1673 733; x_wconf 87' lang='lat' dir='ltr'>habentem,</span> <span class='ocrx_word' id='word_1_237' title='bbox 1695 704 1769 726; x_wconf 86' lang='lat' dir='ltr'>cum</span> <span class='ocrx_word' id='word_1_238' title='bbox 1798 693 1940 736; x_wconf 90' lang='lat' dir='ltr'>primum</span> 
     </span>
     <span class='ocr_line' id='line_1_47' title="bbox 1185 745 1942 789; baseline 0.003 -12"><span class='ocrx_word' id='word_1_239' title='bbox 1185 754 1243 786; x_wconf 87' lang='lat' dir='ltr'>per</span> <span class='ocrx_word' id='word_1_240' title='bbox 1267 745 1391 778; x_wconf 90' lang='lat' dir='ltr'>obitum</span> <span class='ocrx_word' id='word_1_241' title='bbox 1412 746 1459 778; x_wconf 85' lang='lat' dir='ltr'>vel</span> <span class='ocrx_word' id='word_1_242' title='bbox 1486 746 1736 789; x_wconf 79' lang='lat' dir='ltr'>resignationem</span> <span class='ocrx_word' id='word_1_243' title='bbox 1761 746 1838 779; x_wconf 87' lang='lat' dir='ltr'>dicti</span> <span class='ocrx_word' id='word_1_244' title='bbox 1864 746 1942 779; x_wconf 84' lang='lat' dir='ltr'>Era-</span> 
     </span>
     <span class='ocr_line' id='line_1_48' title="bbox 1185 797 1941 843; baseline 0.005 -14"><span class='ocrx_word' id='word_1_245' title='bbox 1185 797 1244 829; x_wconf 90' lang='lat' dir='ltr'>smi</span> <span class='ocrx_word' id='word_1_246' title='bbox 1266 798 1476 839; x_wconf 81' lang='lat' dir='ltr'>vacavissent,</span> <span class='ocrx_word' id='word_1_247' title='bbox 1499 810 1558 843; x_wconf 88' lang='lat' dir='ltr'>pro</span> <span class='ocrx_word' id='word_1_248' title='bbox 1584 799 1692 833; x_wconf 81' lang='lat' dir='ltr'>officio</span> <span class='ocrx_word' id='word_1_249' title='bbox 1715 801 1850 833; x_wconf 85' lang='lat' dir='ltr'>rectoris</span> <span class='ocrx_word' id='word_1_250' title='bbox 1863 800 1941 833; x_wconf 85' lang='lat' dir='ltr'>dieti</span> 
     </span>
     <span class='ocr_line' id='line_1_49' title="bbox 1186 851 1937 891; baseline 0.007 -8"><span class='ocrx_word' id='word_1_251' title='bbox 1186 851 1363 891; x_wconf 90' lang='lat' dir='ltr'>seminarii,</span> <span class='ocrx_word' id='word_1_252' title='bbox 1386 853 1424 885; x_wconf 89' lang='lat' dir='ltr'>de</span> <span class='ocrx_word' id='word_1_253' title='bbox 1445 864 1604 886; x_wconf 82' lang='lat' dir='ltr'>consensu</span> <span class='ocrx_word' id='word_1_254' title='bbox 1621 853 1696 887; x_wconf 85' lang='lat' dir='ltr'>dicti</span> <span class='ocrx_word' id='word_1_255' title='bbox 1708 854 1832 887; x_wconf 83' lang='lat' dir='ltr'>abbatis</span> <span class='ocrx_word' id='word_1_256' title='bbox 1849 855 1937 888; x_wconf 90' lang='lat' dir='ltr'>illius</span> 
     </span>
     <span class='ocr_line' id='line_1_50' title="bbox 1185 904 1941 945; baseline 0.007 -9"><span class='ocrx_word' id='word_1_257' title='bbox 1185 904 1342 937; x_wconf 88' lang='lat' dir='ltr'>ordinarii</span> <span class='ocrx_word' id='word_1_258' title='bbox 1364 906 1540 945; x_wconf 88' lang='lat' dir='ltr'>collatoris,</span> <span class='ocrx_word' id='word_1_259' title='bbox 1557 917 1630 939; x_wconf 87' lang='lat' dir='ltr'>cum</span> <span class='ocrx_word' id='word_1_260' title='bbox 1643 906 1706 939; x_wconf 83' lang='lat' dir='ltr'>illis</span> <span class='ocrx_word' id='word_1_261' title='bbox 1716 907 1824 940; x_wconf 85' lang='lat' dir='ltr'>forsan</span> <span class='ocrx_word' id='word_1_262' title='bbox 1841 919 1941 942; x_wconf 88' lang='lat' dir='ltr'>anne-</span> 
     </span>
     <span class='ocr_line' id='line_1_51' title="bbox 1186 959 1941 1005; baseline 0.005 -14"><span class='ocrx_word' id='word_1_263' title='bbox 1186 959 1231 991; x_wconf 82' lang='lat' dir='ltr'>xis</span> <span class='ocrx_word' id='word_1_264' title='bbox 1250 970 1287 993; x_wconf 86' lang='lat' dir='ltr'>ac</span> <span class='ocrx_word' id='word_1_265' title='bbox 1308 961 1461 993; x_wconf 91' lang='lat' dir='ltr'>omnibus</span> <span class='ocrx_word' id='word_1_266' title='bbox 1472 961 1598 993; x_wconf 80' lang='lat' dir='ltr'>iuribus</span> <span class='ocrx_word' id='word_1_267' title='bbox 1612 966 1642 993; x_wconf 78' lang='lat' dir='ltr'>et</span> <span class='ocrx_word' id='word_1_268' title='bbox 1653 961 1856 1005; x_wconf 86' lang='lat' dir='ltr'>pertinentiis</span> <span class='ocrx_word' id='word_1_269' title='bbox 1865 963 1941 1003; x_wconf 77' lang='lat' dir='ltr'>suis,</span> 
     </span>
     <span class='ocr_line' id='line_1_52' title="bbox 1185 1007 1942 1055; baseline 0.004 -14"><span class='ocrx_word' id='word_1_270' title='bbox 1185 1007 1270 1041; x_wconf 86' lang='lat' dir='ltr'>dicto</span> <span class='ocrx_word' id='word_1_271' title='bbox 1291 1009 1465 1042; x_wconf 80' lang='lat' dir='ltr'>seminario</span> <span class='ocrx_word' id='word_1_272' title='bbox 1483 1009 1626 1042; x_wconf 78' lang='lat' dir='ltr'>eiusdem</span> <span class='ocrx_word' id='word_1_273' title='bbox 1649 1009 1759 1053; x_wconf 90' lang='lat' dir='ltr'>oppidi</span> <span class='ocrx_word' id='word_1_274' title='bbox 1785 1016 1942 1055; x_wconf 86' lang='lat' dir='ltr'>perpetuo</span> 
     </span>
     <span class='ocr_line' id='line_1_53' title="bbox 1187 1057 1941 1102; baseline 0.004 -12"><span class='ocrx_word' id='word_1_275' title='bbox 1187 1057 1300 1098; x_wconf 85' lang='lat' dir='ltr'>univit,</span> <span class='ocrx_word' id='word_1_276' title='bbox 1328 1058 1458 1091; x_wconf 84' lang='lat' dir='ltr'>annexit</span> <span class='ocrx_word' id='word_1_277' title='bbox 1478 1064 1508 1091; x_wconf 84' lang='lat' dir='ltr'>et</span> <span class='ocrx_word' id='word_1_278' title='bbox 1529 1059 1765 1102; x_wconf 86' lang='lat' dir='ltr'>incorporavit;</span> <span class='ocrx_word' id='word_1_279' title='bbox 1800 1070 1838 1093; x_wconf 87' lang='lat' dir='ltr'>ac</span> <span class='ocrx_word' id='word_1_280' title='bbox 1863 1070 1941 1093; x_wconf 89' lang='lat' dir='ltr'>eon-</span> 
     </span>
     <span class='ocr_line' id='line_1_54' title="bbox 1186 1107 1943 1149; baseline 0.005 -11"><span class='ocrx_word' id='word_1_281' title='bbox 1186 1107 1285 1139; x_wconf 83' lang='lat' dir='ltr'>sensit</span> <span class='ocrx_word' id='word_1_282' title='bbox 1301 1112 1335 1139; x_wconf 90' lang='lat' dir='ltr'>ut</span> <span class='ocrx_word' id='word_1_283' title='bbox 1355 1107 1393 1140; x_wconf 88' lang='lat' dir='ltr'>de</span> <span class='ocrx_word' id='word_1_284' title='bbox 1409 1107 1521 1149; x_wconf 78' lang='lat' dir='ltr'>gulda¹</span> <span class='ocrx_word' id='word_1_285' title='bbox 1540 1107 1648 1141; x_wconf 83' lang='lat' dir='ltr'>Sancti</span> <span class='ocrx_word' id='word_1_286' title='bbox 1663 1108 1827 1149; x_wconf 78' lang='lat' dir='ltr'>Eucherii,</span> <span class='ocrx_word' id='word_1_287' title='bbox 1844 1109 1943 1142; x_wconf 89' lang='lat' dir='ltr'>huius</span> 
     </span>
     <span class='ocr_line' id='line_1_55' title="bbox 1186 1156 1940 1191; baseline 0.004 -3"><span class='ocrx_word' id='word_1_288' title='bbox 1186 1156 1288 1188; x_wconf 85' lang='lat' dir='ltr'>libera</span> <span class='ocrx_word' id='word_1_289' title='bbox 1308 1156 1544 1189; x_wconf 80' lang='lat' dir='ltr'>administratio</span> <span class='ocrx_word' id='word_1_290' title='bbox 1570 1157 1609 1189; x_wconf 90' lang='lat' dir='ltr'>ad</span> <span class='ocrx_word' id='word_1_291' title='bbox 1639 1156 1762 1190; x_wconf 88' lang='lat' dir='ltr'>dictum</span> <span class='ocrx_word' id='word_1_292' title='bbox 1792 1158 1940 1191; x_wconf 89' lang='lat' dir='ltr'>abbatem</span> 
     </span>
     <span class='ocr_line' id='line_1_56' title="bbox 1186 1205 1941 1249; baseline 0.005 -12"><span class='ocrx_word' id='word_1_293' title='bbox 1186 1210 1217 1237; x_wconf 90' lang='lat' dir='ltr'>et</span> <span class='ocrx_word' id='word_1_294' title='bbox 1234 1205 1304 1238; x_wconf 80' lang='lat' dir='ltr'>eius</span> <span class='ocrx_word' id='word_1_295' title='bbox 1325 1210 1519 1239; x_wconf 87' lang='lat' dir='ltr'>conventum</span> <span class='ocrx_word' id='word_1_296' title='bbox 1547 1205 1697 1249; x_wconf 86' lang='lat' dir='ltr'>pertinet,</span> <span class='ocrx_word' id='word_1_297' title='bbox 1719 1207 1826 1239; x_wconf 88' lang='lat' dir='ltr'>statim</span> <span class='ocrx_word' id='word_1_298' title='bbox 1847 1207 1888 1240; x_wconf 87' lang='lat' dir='ltr'>ab</span> <span class='ocrx_word' id='word_1_299' title='bbox 1908 1219 1941 1241; x_wconf 85' lang='lat' dir='ltr'>e-</span> 
     </span>
     <span class='ocr_line' id='line_1_57' title="bbox 1187 1255 1941 1290; baseline 0.004 -3"><span class='ocrx_word' id='word_1_300' title='bbox 1187 1261 1275 1288; x_wconf 83' lang='lat' dir='ltr'>recto</span> <span class='ocrx_word' id='word_1_301' title='bbox 1306 1255 1483 1288; x_wconf 87' lang='lat' dir='ltr'>seminario</span> <span class='ocrx_word' id='word_1_302' title='bbox 1515 1255 1718 1288; x_wconf 86' lang='lat' dir='ltr'>Trudonensi</span> <span class='ocrx_word' id='word_1_303' title='bbox 1753 1256 1941 1290; x_wconf 86' lang='lat' dir='ltr'>huiusmodi</span> 
     </span>
     <span class='ocr_line' id='line_1_58' title="bbox 1186 1304 1942 1347; baseline 0.003 -11"><span class='ocrx_word' id='word_1_304' title='bbox 1186 1304 1374 1347; x_wconf 87' lang='lat' dir='ltr'>quindecim</span> <span class='ocrx_word' id='word_1_305' title='bbox 1396 1304 1496 1337; x_wconf 88' lang='lat' dir='ltr'>modii</span> <span class='ocrx_word' id='word_1_306' title='bbox 1523 1304 1661 1347; x_wconf 77' lang='lat' dir='ltr'>siliginis</span> <span class='ocrx_word' id='word_1_307' title='bbox 1689 1305 1789 1337; x_wconf 92' lang='lat' dir='ltr'>annui</span> <span class='ocrx_word' id='word_1_308' title='bbox 1820 1305 1942 1339; x_wconf 86' lang='lat' dir='ltr'>reditus</span> 
     </span>
     <span class='ocr_line' id='line_1_59' title="bbox 1186 1353 1940 1397; baseline 0.003 -12"><span class='ocrx_word' id='word_1_309' title='bbox 1186 1354 1225 1385; x_wconf 89' lang='lat' dir='ltr'>ad</span> <span class='ocrx_word' id='word_1_310' title='bbox 1237 1364 1320 1397; x_wconf 91' lang='lat' dir='ltr'>opus</span> <span class='ocrx_word' id='word_1_311' title='bbox 1330 1353 1475 1386; x_wconf 84' lang='lat' dir='ltr'>eiusdem</span> <span class='ocrx_word' id='word_1_312' title='bbox 1492 1353 1672 1393; x_wconf 84' lang='lat' dir='ltr'>seminarii,</span> <span class='ocrx_word' id='word_1_313' title='bbox 1694 1365 1731 1386; x_wconf 83' lang='lat' dir='ltr'>ex</span> <span class='ocrx_word' id='word_1_314' title='bbox 1751 1354 1848 1396; x_wconf 79' lang='lat' dir='ltr'>gulda</span> <span class='ocrx_word' id='word_1_315' title='bbox 1861 1354 1940 1388; x_wconf 87' lang='lat' dir='ltr'>San-</span> 
     </span>
     <span class='ocr_line' id='line_1_60' title="bbox 1187 1401 1942 1445; baseline 0.003 -11"><span class='ocrx_word' id='word_1_316' title='bbox 1187 1407 1257 1434; x_wconf 89' lang='lat' dir='ltr'>ctus</span> <span class='ocrx_word' id='word_1_317' title='bbox 1281 1402 1420 1445; x_wconf 84' lang='lat' dir='ltr'>Spiritus</span> <span class='ocrx_word' id='word_1_318' title='bbox 1446 1401 1556 1444; x_wconf 74' lang='lat' dir='ltr'>viginti</span> <span class='ocrx_word' id='word_1_319' title='bbox 1592 1402 1690 1435; x_wconf 90' lang='lat' dir='ltr'>modii</span> <span class='ocrx_word' id='word_1_320' title='bbox 1729 1402 1877 1445; x_wconf 80' lang='lat' dir='ltr'>siliginis,</span> <span class='ocrx_word' id='word_1_321' title='bbox 1906 1415 1942 1436; x_wconf 87' lang='lat' dir='ltr'>ex</span> 
     </span>
     <span class='ocr_line' id='line_1_61' title="bbox 1186 1451 1941 1495; baseline 0.003 -12"><span class='ocrx_word' id='word_1_322' title='bbox 1186 1452 1283 1494; x_wconf 82' lang='lat' dir='ltr'>gulda</span> <span class='ocrx_word' id='word_1_323' title='bbox 1301 1452 1415 1485; x_wconf 83' lang='lat' dir='ltr'>Beatae</span> <span class='ocrx_word' id='word_1_324' title='bbox 1436 1451 1554 1485; x_wconf 86' lang='lat' dir='ltr'>Mariae</span> <span class='ocrx_word' id='word_1_325' title='bbox 1576 1451 1714 1494; x_wconf 77' lang='lat' dir='ltr'>Virginis</span> <span class='ocrx_word' id='word_1_326' title='bbox 1733 1451 1845 1495; x_wconf 80' lang='lat' dir='ltr'>viginti</span> <span class='ocrx_word' id='word_1_327' title='bbox 1871 1463 1941 1486; x_wconf 90' lang='lat' dir='ltr'>mo-</span> 
     </span>
     <span class='ocr_line' id='line_1_62' title="bbox 1188 1500 1941 1544; baseline 0.001 -11"><span class='ocrx_word' id='word_1_328' title='bbox 1188 1500 1242 1541; x_wconf 88' lang='lat' dir='ltr'>dii,</span> <span class='ocrx_word' id='word_1_329' title='bbox 1264 1506 1292 1533; x_wconf 90' lang='lat' dir='ltr'>et</span> <span class='ocrx_word' id='word_1_330' title='bbox 1315 1512 1351 1533; x_wconf 83' lang='lat' dir='ltr'>ex</span> <span class='ocrx_word' id='word_1_331' title='bbox 1371 1501 1469 1544; x_wconf 81' lang='lat' dir='ltr'>gulda</span> <span class='ocrx_word' id='word_1_332' title='bbox 1489 1500 1679 1533; x_wconf 81' lang='lat' dir='ltr'>Calceoruni</span> <span class='ocrx_word' id='word_1_333' title='bbox 1701 1511 1754 1533; x_wconf 84' lang='lat' dir='ltr'>sex</span> <span class='ocrx_word' id='word_1_334' title='bbox 1780 1500 1878 1534; x_wconf 92' lang='lat' dir='ltr'>modii</span> <span class='ocrx_word' id='word_1_335' title='bbox 1892 1512 1941 1535; x_wconf 86' lang='lat' dir='ltr'>se-</span> 
     </span>
     <span class='ocr_line' id='line_1_63' title="bbox 1188 1550 1941 1595; baseline -0.001 -11"><span class='ocrx_word' id='word_1_336' title='bbox 1188 1558 1393 1595; x_wconf 69' lang='lat' dir='ltr'>pararentur3</span> <span class='ocrx_word' id='word_1_337' title='bbox 1405 1551 1571 1594; x_wconf 83' lang='lat' dir='ltr'>quodque,</span> <span class='ocrx_word' id='word_1_338' title='bbox 1583 1550 1622 1583; x_wconf 86' lang='lat' dir='ltr'>ad</span> <span class='ocrx_word' id='word_1_339' title='bbox 1633 1560 1715 1593; x_wconf 88' lang='lat' dir='ltr'>opus</span> <span class='ocrx_word' id='word_1_340' title='bbox 1727 1550 1941 1593; x_wconf 87' lang='lat' dir='ltr'>praedictum,</span> 
     </span>
     <span class='ocr_line' id='line_1_64' title="bbox 1187 1599 1940 1643; baseline -0.001 -10"><span class='ocrx_word' id='word_1_341' title='bbox 1187 1600 1282 1633; x_wconf 76' lang='lat' dir='ltr'>dietis</span> <span class='ocrx_word' id='word_1_342' title='bbox 1308 1600 1445 1643; x_wconf 76' lang='lat' dir='ltr'>singulis</span> <span class='ocrx_word' id='word_1_343' title='bbox 1473 1599 1585 1642; x_wconf 65' lang='lat' dir='ltr'>viginti</span> <span class='ocrx_word' id='word_1_344' title='bbox 1612 1599 1729 1631; x_wconf 88' lang='lat' dir='ltr'>modiis</span> <span class='ocrx_word' id='word_1_345' title='bbox 1755 1599 1863 1632; x_wconf 88' lang='lat' dir='ltr'>adhuc</span> <span class='ocrx_word' id='word_1_346' title='bbox 1887 1600 1940 1633; x_wconf 85' lang='lat' dir='ltr'>alii</span> 
     </span>
     <span class='ocr_line' id='line_1_65' title="bbox 1186 1648 1941 1692; baseline 0 -11"><span class='ocrx_word' id='word_1_347' title='bbox 1186 1649 1385 1692; x_wconf 85' lang='lat' dir='ltr'>quindecim,</span> <span class='ocrx_word' id='word_1_348' title='bbox 1418 1654 1449 1681; x_wconf 86' lang='lat' dir='ltr'>et</span> <span class='ocrx_word' id='word_1_349' title='bbox 1482 1648 1646 1692; x_wconf 84' lang='lat' dir='ltr'>prioribus</span> <span class='ocrx_word' id='word_1_350' title='bbox 1665 1658 1719 1680; x_wconf 81' lang='lat' dir='ltr'>sex</span> <span class='ocrx_word' id='word_1_351' title='bbox 1744 1648 1861 1681; x_wconf 86' lang='lat' dir='ltr'>modiis</span> <span class='ocrx_word' id='word_1_352' title='bbox 1886 1649 1941 1681; x_wconf 89' lang='lat' dir='ltr'>alii</span> 
     </span>
     <span class='ocr_line' id='line_1_66' title="bbox 1187 1696 1941 1739; baseline 0 -9"><span class='ocrx_word' id='word_1_353' title='bbox 1187 1709 1239 1731; x_wconf 81' lang='lat' dir='ltr'>sex</span> <span class='ocrx_word' id='word_1_354' title='bbox 1260 1698 1465 1737; x_wconf 84' lang='lat' dir='ltr'>accederent,</span> <span class='ocrx_word' id='word_1_355' title='bbox 1487 1697 1605 1739; x_wconf 88' lang='lat' dir='ltr'>quibus</span> <span class='ocrx_word' id='word_1_356' title='bbox 1624 1696 1862 1739; x_wconf 81' lang='lat' dir='ltr'>adiungendam</span> <span class='ocrx_word' id='word_1_357' title='bbox 1883 1697 1941 1730; x_wconf 91' lang='lat' dir='ltr'>du-</span> 
     </span>
     <span class='ocr_line' id='line_1_67' title="bbox 1187 1746 1939 1791; baseline 0 -12"><span class='ocrx_word' id='word_1_358' title='bbox 1187 1747 1228 1780; x_wconf 83' lang='lat' dir='ltr'>xit</span> <span class='ocrx_word' id='word_1_359' title='bbox 1251 1747 1382 1790; x_wconf 84' lang='lat' dir='ltr'>guldam</span> <span class='ocrx_word' id='word_1_360' title='bbox 1410 1748 1640 1791; x_wconf 79' lang='lat' dir='ltr'>Leprosorum,</span> <span class='ocrx_word' id='word_1_361' title='bbox 1665 1757 1702 1779; x_wconf 82' lang='lat' dir='ltr'>ex</span> <span class='ocrx_word' id='word_1_362' title='bbox 1722 1756 1798 1789; x_wconf 89' lang='lat' dir='ltr'>qua,</span> <span class='ocrx_word' id='word_1_363' title='bbox 1820 1746 1845 1778; x_wconf 90' lang='lat' dir='ltr'>si</span> <span class='ocrx_word' id='word_1_364' title='bbox 1866 1757 1939 1789; x_wconf 83' lang='lat' dir='ltr'>gra-</span> 
     </span>
     <span class='ocr_line' id='line_1_68' title="bbox 1187 1794 1942 1835; baseline 0 -7"><span class='ocrx_word' id='word_1_365' title='bbox 1187 1797 1227 1828; x_wconf 84' lang='lat' dir='ltr'>tis</span> <span class='ocrx_word' id='word_1_366' title='bbox 1247 1796 1541 1835; x_wconf 83' lang='lat' dir='ltr'>administraretur,</span> <span class='ocrx_word' id='word_1_367' title='bbox 1565 1796 1661 1828; x_wconf 88' lang='lat' dir='ltr'>etiam</span> <span class='ocrx_word' id='word_1_368' title='bbox 1683 1795 1794 1827; x_wconf 88' lang='lat' dir='ltr'>decem</span> <span class='ocrx_word' id='word_1_369' title='bbox 1816 1794 1942 1828; x_wconf 88' lang='lat' dir='ltr'>modios</span> 
     </span>
     <span class='ocr_line' id='line_1_69' title="bbox 1186 1843 1942 1887; baseline -0.003 -10"><span class='ocrx_word' id='word_1_370' title='bbox 1186 1845 1404 1883; x_wconf 68' lang='lat' dir='ltr'>‹tlesuinendos</span> <span class='ocrx_word' id='word_1_371' title='bbox 1447 1844 1629 1884; x_wconf 84' lang='lat' dir='ltr'>ordinavit,</span> <span class='ocrx_word' id='word_1_372' title='bbox 1664 1843 1942 1887; x_wconf 89' lang='lat' dir='ltr'>quemadmodum</span> 
     </span>
     <span class='ocr_line' id='line_1_70' title="bbox 1186 1892 1944 1933; baseline -0.001 -6"><span class='ocrx_word' id='word_1_373' title='bbox 1186 1894 1263 1927; x_wconf 85' lang='lat' dir='ltr'>dicti</span> <span class='ocrx_word' id='word_1_374' title='bbox 1296 1895 1394 1927; x_wconf 86' lang='lat' dir='ltr'>abbas</span> <span class='ocrx_word' id='word_1_375' title='bbox 1426 1904 1552 1926; x_wconf 86' lang='lat' dir='ltr'>necnon</span> <span class='ocrx_word' id='word_1_376' title='bbox 1587 1893 1749 1933; x_wconf 84' lang='lat' dir='ltr'>eonsules,</span> <span class='ocrx_word' id='word_1_377' title='bbox 1788 1892 1884 1925; x_wconf 87' lang='lat' dir='ltr'>iurati</span> <span class='ocrx_word' id='word_1_378' title='bbox 1912 1898 1944 1926; x_wconf 87' lang='lat' dir='ltr'>et</span> 
     </span>
     <span class='ocr_line' id='line_1_71' title="bbox 1186 1942 1941 1987; baseline -0.003 -11"><span class='ocrx_word' id='word_1_379' title='bbox 1186 1943 1359 1977; x_wconf 77' lang='lat' dir='ltr'>eonsilium</span> <span class='ocrx_word' id='word_1_380' title='bbox 1385 1943 1460 1975; x_wconf 83' lang='lat' dir='ltr'>dicti</span> <span class='ocrx_word' id='word_1_381' title='bbox 1489 1942 1601 1987; x_wconf 88' lang='lat' dir='ltr'>oppidi</span> <span class='ocrx_word' id='word_1_382' title='bbox 1622 1952 1810 1975; x_wconf 85' lang='lat' dir='ltr'>accessuros</span> <span class='ocrx_word' id='word_1_383' title='bbox 1830 1942 1941 1975; x_wconf 86' lang='lat' dir='ltr'>decla-</span> 
     </span>
     <span class='ocr_line' id='line_1_72' title="bbox 1187 1999 1310 2026; baseline 0 -1"><span class='ocrx_word' id='word_1_384' title='bbox 1187 1999 1310 2026; x_wconf 84' lang='lat' dir='ltr'>raruut.</span> 
     </span>
    </p>
   </div>
   <div class='ocr_carea' id='block_1_7' title="bbox 1957 266 2140 294">
    <p class='ocr_par' dir='ltr' id='par_1_8' title="bbox 1957 266 2140 294">
     <span class='ocr_line' id='line_1_73' title="bbox 1957 266 2140 294; baseline 0 -1"><span class='ocrx_word' id='word_1_385' title='bbox 1957 266 2009 293; x_wconf 81' lang='lat' dir='ltr'>An.</span> <span class='ocrx_word' id='word_1_386' title='bbox 2025 266 2054 294; x_wconf 89' lang='lat' dir='ltr'>C.</span> <span class='ocrx_word' id='word_1_387' title='bbox 2072 266 2140 294; x_wconf 75' lang='lat'>1589</span> 
     </span>
    </p>
   </div>
   <div class='ocr_carea' id='block_1_8' title="bbox 389 2032 1144 2183">
    <p class='ocr_par' dir='ltr' id='par_1_9' title="bbox 389 2032 1144 2183">
     <span class='ocr_line' id='line_1_74' title="bbox 389 2032 1144 2074; baseline 0.004 -10"><span class='ocrx_word' id='word_1_388' title='bbox 389 2032 454 2064; x_wconf 87' lang='lat' dir='ltr'>siae</span> <span class='ocrx_word' id='word_1_389' title='bbox 471 2032 510 2065; x_wconf 93' lang='lat' dir='ltr'>de</span> <span class='ocrx_word' id='word_1_390' title='bbox 531 2033 701 2072; x_wconf 72' lang='lat' dir='ltr'>Kerekem,</span> <span class='ocrx_word' id='word_1_391' title='bbox 723 2032 869 2065; x_wconf 86' lang='lat' dir='ltr'>eiusdem</span> <span class='ocrx_word' id='word_1_392' title='bbox 891 2033 1057 2074; x_wconf 85' lang='lat' dir='ltr'>dioecesis,</span> <span class='ocrx_word' id='word_1_393' title='bbox 1079 2045 1144 2067; x_wconf 88' lang='lat' dir='ltr'>una</span> 
     </span>
     <span class='ocr_line' id='line_1_75' title="bbox 391 2086 1143 2130; baseline 0.001 -11"><span class='ocrx_word' id='word_1_394' title='bbox 391 2086 482 2119; x_wconf 85' lang='lat' dir='ltr'>tertia</span> <span class='ocrx_word' id='word_1_395' title='bbox 503 2097 577 2130; x_wconf 90' lang='lat' dir='ltr'>pars</span> <span class='ocrx_word' id='word_1_396' title='bbox 598 2086 732 2119; x_wconf 88' lang='lat' dir='ltr'>maioris</span> <span class='ocrx_word' id='word_1_397' title='bbox 751 2086 910 2126; x_wconf 83' lang='lat' dir='ltr'>decimae,</span> <span class='ocrx_word' id='word_1_398' title='bbox 928 2098 1003 2119; x_wconf 89' lang='lat' dir='ltr'>cum</span> <span class='ocrx_word' id='word_1_399' title='bbox 1025 2087 1143 2120; x_wconf 90' lang='lat' dir='ltr'>minori</span> 
     </span>
     <span class='ocr_line' id='line_1_76' title="bbox 390 2139 1143 2183; baseline 0.003 -11"><span class='ocrx_word' id='word_1_400' title='bbox 390 2139 515 2172; x_wconf 87' lang='lat' dir='ltr'>decima</span> <span class='ocrx_word' id='word_1_401' title='bbox 533 2145 564 2172; x_wconf 87' lang='lat' dir='ltr'>et</span> <span class='ocrx_word' id='word_1_402' title='bbox 583 2139 826 2181; x_wconf 86' lang='lat' dir='ltr'>anniversariis,</span> <span class='ocrx_word' id='word_1_403' title='bbox 848 2151 932 2183; x_wconf 83' lang='lat' dir='ltr'>quae</span> <span class='ocrx_word' id='word_1_404' title='bbox 953 2141 992 2173; x_wconf 89' lang='lat' dir='ltr'>ad</span> <span class='ocrx_word' id='word_1_405' title='bbox 1013 2147 1143 2174; x_wconf 85' lang='lat' dir='ltr'>centum</span> 
     </span>
    </p>
   </div>
   <div class='ocr_carea' id='block_1_9' title="bbox 1231 2039 2141 2096">
    <p class='ocr_par' dir='ltr' id='par_1_10' title="bbox 1231 2039 2141 2096">
     <span class='ocr_line' id='line_1_77' title="bbox 1231 2039 2141 2096; baseline -0.003 -22"><span class='ocrx_word' id='word_1_406' title='bbox 1231 2043 1245 2085; x_wconf 59' lang='grc' dir='ltr'>ξ</span> <span class='ocrx_word' id='word_1_407' title='bbox 1271 2041 1303 2074; x_wconf 78' lang='grc'>3.</span> <span class='ocrx_word' id='word_1_408' title='bbox 1335 2041 1480 2083; x_wconf 84' lang='lat' dir='ltr'>Denique</span> <span class='ocrx_word' id='word_1_409' title='bbox 1507 2041 1651 2073; x_wconf 83' lang='lat' dir='ltr'>eiusdem</span> <span class='ocrx_word' id='word_1_410' title='bbox 1674 2039 1839 2072; x_wconf 83' lang='lat' dir='ltr'>seminarii</span> <span class='ocrx_word' id='word_1_411' title='bbox 1859 2039 1942 2072; x_wconf 83' lang='lat' dir='ltr'>Tru·</span> <span class='ocrx_word' id='word_1_412' title='bbox 1957 2044 2141 2096; x_wconf 48' lang='lat' dir='ltr'>miflffiifflssmgzj</span> 
     </span>
    </p>
   </div>
   <div class='ocr_carea' id='block_1_10' title="bbox 1186 2088 2141 2173">
    <p class='ocr_par' dir='ltr' id='par_1_11' title="bbox 1186 2088 2141 2173">
     <span class='ocr_line' id='line_1_78' title="bbox 1186 2088 2140 2132; baseline -0.003 -9"><span class='ocrx_word' id='word_1_413' title='bbox 1186 2090 1338 2124; x_wconf 84' lang='lat' dir='ltr'>donensis</span> <span class='ocrx_word' id='word_1_414' title='bbox 1369 2089 1571 2123; x_wconf 86' lang='lat' dir='ltr'>curationem</span> <span class='ocrx_word' id='word_1_415' title='bbox 1605 2093 1636 2121; x_wconf 88' lang='lat' dir='ltr'>et</span> <span class='ocrx_word' id='word_1_416' title='bbox 1669 2088 2031 2132; x_wconf 62' lang='lat' dir='ltr'>supe1·intenden-„,„„,</span> <span class='ocrx_word' id='word_1_417' title='bbox 2068 2105 2140 2126; x_wconf 58' lang='lat' dir='ltr'>amm,</span> 
     </span>
     <span class='ocr_line' id='line_1_79' title="bbox 1187 2136 2141 2173; baseline -0.001 0"><span class='ocrx_word' id='word_1_418' title='bbox 1187 2140 1264 2173; x_wconf 86' lang='lat' dir='ltr'>tiam</span> <span class='ocrx_word' id='word_1_419' title='bbox 1286 2139 1450 2172; x_wconf 84' lang='lat' dir='ltr'>commisit</span> <span class='ocrx_word' id='word_1_420' title='bbox 1468 2138 1576 2171; x_wconf 84' lang='lat' dir='ltr'>abbati</span> <span class='ocrx_word' id='word_1_421' title='bbox 1612 2136 1800 2170; x_wconf 88' lang='lat' dir='ltr'>monasterii</span> <span class='ocrx_word' id='word_1_422' title='bbox 1831 2136 1940 2170; x_wconf 85' lang='lat' dir='ltr'>Sancti</span> <span class='ocrx_word' id='word_1_423' title='bbox 1956 2136 2141 2172; x_wconf 72' lang='lat' dir='ltr'>S·.T¹¹¹‘¹⁰¹¹¹⁵⁰⁰&#39;¹¹·</span> 
     </span>
    </p>
   </div>
   <div class='ocr_carea' id='block_1_11' title="bbox 1956 2174 2026 2190">
    <p class='ocr_par' dir='ltr' id='par_1_12' title="bbox 1956 2174 2026 2190">
     <span class='ocr_line' id='line_1_80' title="bbox 1956 2174 2026 2190; baseline 0.029 -2"><span class='ocrx_word' id='word_1_424' title='bbox 1956 2174 2026 2190; x_wconf 61' lang='grc' dir='ltr'>11115ξὲ1-</span> 
     </span>
    </p>
   </div>
   <div class='ocr_carea' id='block_1_12' title="bbox 390 2194 1147 2696">
    <p class='ocr_par' dir='ltr' id='par_1_13' title="bbox 390 2194 1147 2696">
     <span class='ocr_line' id='line_1_81' title="bbox 390 2194 1144 2238; baseline 0.003 -13"><span class='ocrx_word' id='word_1_425' title='bbox 390 2198 481 2226; x_wconf 89' lang='lat' dir='ltr'>scuta</span> <span class='ocrx_word' id='word_1_426' title='bbox 501 2199 650 2226; x_wconf 87' lang='lat' dir='ltr'>monetae</span> <span class='ocrx_word' id='word_1_427' title='bbox 666 2204 793 2226; x_wconf 78' lang='lat' dir='ltr'>annuae</span> <span class='ocrx_word' id='word_1_428' title='bbox 812 2194 905 2227; x_wconf 81' lang='lat' dir='ltr'>facile</span> <span class='ocrx_word' id='word_1_429' title='bbox 925 2194 1079 2234; x_wconf 84' lang='lat' dir='ltr'>ascendit,</span> <span class='ocrx_word' id='word_1_430' title='bbox 1091 2205 1144 2238; x_wconf 85' lang='lat' dir='ltr'>pa-</span> 
     </span>
     <span class='ocr_line' id='line_1_82' title="bbox 390 2246 1146 2287; baseline 0.003 -8"><span class='ocrx_word' id='word_1_431' title='bbox 390 2246 485 2279; x_wconf 87' lang='lat' dir='ltr'>storis</span> <span class='ocrx_word' id='word_1_432' title='bbox 514 2247 739 2280; x_wconf 85' lang='lat' dir='ltr'>sustentationi</span> <span class='ocrx_word' id='word_1_433' title='bbox 765 2247 899 2287; x_wconf 75' lang='lat' dir='ltr'>suflicit,</span> <span class='ocrx_word' id='word_1_434' title='bbox 923 2248 1002 2281; x_wconf 84' lang='lat' dir='ltr'>duas</span> <span class='ocrx_word' id='word_1_435' title='bbox 1036 2248 1146 2281; x_wconf 86' lang='lat' dir='ltr'>tertias</span> 
     </span>
     <span class='ocr_line' id='line_1_83' title="bbox 391 2299 1144 2344; baseline 0.004 -13"><span class='ocrx_word' id='word_1_436' title='bbox 391 2299 523 2333; x_wconf 86' lang='lat' dir='ltr'>maioris</span> <span class='ocrx_word' id='word_1_437' title='bbox 543 2300 689 2334; x_wconf 84' lang='lat' dir='ltr'>decimae</span> <span class='ocrx_word' id='word_1_438' title='bbox 707 2300 811 2334; x_wconf 87' lang='lat' dir='ltr'>dictae</span> <span class='ocrx_word' id='word_1_439' title='bbox 833 2301 1028 2344; x_wconf 85' lang='lat' dir='ltr'>parochialis</span> <span class='ocrx_word' id='word_1_440' title='bbox 1039 2302 1144 2334; x_wconf 83' lang='lat' dir='ltr'>ecele-</span> 
     </span>
     <span class='ocr_line' id='line_1_84' title="bbox 390 2353 1144 2398; baseline 0.003 -13"><span class='ocrx_word' id='word_1_441' title='bbox 390 2353 456 2386; x_wconf 84' lang='lat' dir='ltr'>siae</span> <span class='ocrx_word' id='word_1_442' title='bbox 469 2353 509 2386; x_wconf 88' lang='lat' dir='ltr'>de</span> <span class='ocrx_word' id='word_1_443' title='bbox 529 2353 699 2394; x_wconf 85' lang='lat' dir='ltr'>Kerckem,</span> <span class='ocrx_word' id='word_1_444' title='bbox 715 2365 812 2397; x_wconf 85' lang='lat' dir='ltr'>quani</span> <span class='ocrx_word' id='word_1_445' title='bbox 834 2354 1005 2398; x_wconf 63' lang='lat' dir='ltr'>Dionysius</span> <span class='ocrx_word' id='word_1_446' title='bbox 1022 2354 1144 2387; x_wconf 78' lang='lat' dir='ltr'>Scronx</span> 
     </span>
     <span class='ocr_line' id='line_1_85' title="bbox 390 2406 1144 2447; baseline 0.001 -9"><span class='ocrx_word' id='word_1_447' title='bbox 390 2406 537 2447; x_wconf 87' lang='lat' dir='ltr'>obtinet,</span> <span class='ocrx_word' id='word_1_448' title='bbox 569 2407 608 2440; x_wconf 84' lang='lat' dir='ltr'>de</span> <span class='ocrx_word' id='word_1_449' title='bbox 639 2417 799 2440; x_wconf 76' lang='lat' dir='ltr'>consensu</span> <span class='ocrx_word' id='word_1_450' title='bbox 828 2408 952 2440; x_wconf 87' lang='lat' dir='ltr'>abbatis</span> <span class='ocrx_word' id='word_1_451' title='bbox 980 2413 1011 2441; x_wconf 90' lang='lat' dir='ltr'>et</span> <span class='ocrx_word' id='word_1_452' title='bbox 1030 2408 1144 2441; x_wconf 85' lang='lat' dir='ltr'>decani</span> 
     </span>
     <span class='ocr_line' id='line_1_86' title="bbox 390 2455 1146 2501; baseline 0.003 -14"><span class='ocrx_word' id='word_1_453' title='bbox 390 2456 546 2489; x_wconf 85' lang='lat' dir='ltr'>eeclesiae</span> <span class='ocrx_word' id='word_1_454' title='bbox 563 2455 760 2492; x_wconf 79' lang='lat' dir='ltr'>Leodiensis.</span> <span class='ocrx_word' id='word_1_455' title='bbox 776 2456 1017 2490; x_wconf 86' lang='lat' dir='ltr'>ordinariorum</span> <span class='ocrx_word' id='word_1_456' title='bbox 1030 2467 1089 2501; x_wconf 89' lang='lat' dir='ltr'>per</span> <span class='ocrx_word' id='word_1_457' title='bbox 1101 2457 1146 2489; x_wconf 86' lang='lat' dir='ltr'>vi-</span> 
     </span>
     <span class='ocr_line' id='line_1_87' title="bbox 391 2504 1145 2549; baseline 0.001 -12"><span class='ocrx_word' id='word_1_458' title='bbox 391 2515 444 2537; x_wconf 86' lang='lat' dir='ltr'>ces</span> <span class='ocrx_word' id='word_1_459' title='bbox 467 2504 612 2538; x_wconf 88' lang='lat' dir='ltr'>eiusdem</span> <span class='ocrx_word' id='word_1_460' title='bbox 633 2505 829 2549; x_wconf 87' lang='lat' dir='ltr'>parochialis</span> <span class='ocrx_word' id='word_1_461' title='bbox 850 2505 1018 2546; x_wconf 82' lang='lat' dir='ltr'>ecclesiae,</span> <span class='ocrx_word' id='word_1_462' title='bbox 1045 2506 1145 2538; x_wconf 81' lang='lat' dir='ltr'>colla-</span> 
     </span>
     <span class='ocr_line' id='line_1_88' title="bbox 392 2554 1146 2597; baseline 0.003 -11"><span class='ocrx_word' id='word_1_463' title='bbox 392 2559 511 2594; x_wconf 88' lang='lat' dir='ltr'>torum,</span> <span class='ocrx_word' id='word_1_464' title='bbox 528 2564 565 2586; x_wconf 83' lang='lat' dir='ltr'>ex</span> <span class='ocrx_word' id='word_1_465' title='bbox 582 2559 658 2587; x_wconf 84' lang='lat' dir='ltr'>tunc</span> <span class='ocrx_word' id='word_1_466' title='bbox 675 2559 772 2597; x_wconf 87' lang='lat' dir='ltr'>prout</span> <span class='ocrx_word' id='word_1_467' title='bbox 793 2564 829 2586; x_wconf 83' lang='lat' dir='ltr'>ex</span> <span class='ocrx_word' id='word_1_468' title='bbox 850 2565 887 2587; x_wconf 87' lang='lat' dir='ltr'>ea</span> <span class='ocrx_word' id='word_1_469' title='bbox 907 2554 959 2587; x_wconf 89' lang='lat' dir='ltr'>die</span> <span class='ocrx_word' id='word_1_470' title='bbox 983 2559 1015 2587; x_wconf 88' lang='lat' dir='ltr'>et</span> <span class='ocrx_word' id='word_1_471' title='bbox 1034 2564 1051 2588; x_wconf 84' lang='lat' dir='ltr'>e</span> <span class='ocrx_word' id='word_1_472' title='bbox 1072 2565 1146 2588; x_wconf 89' lang='lat' dir='ltr'>con-</span> 
     </span>
     <span class='ocr_line' id='line_1_89' title="bbox 392 2602 1145 2646; baseline 0.001 -11"><span class='ocrx_word' id='word_1_473' title='bbox 392 2607 452 2641; x_wconf 84' lang='lat' dir='ltr'>tra,</span> <span class='ocrx_word' id='word_1_474' title='bbox 483 2612 557 2635; x_wconf 89' lang='lat' dir='ltr'>cum</span> <span class='ocrx_word' id='word_1_475' title='bbox 586 2602 731 2646; x_wconf 91' lang='lat' dir='ltr'>primum</span> <span class='ocrx_word' id='word_1_476' title='bbox 751 2613 810 2646; x_wconf 89' lang='lat' dir='ltr'>per</span> <span class='ocrx_word' id='word_1_477' title='bbox 840 2602 966 2636; x_wconf 84' lang='lat' dir='ltr'>obitum</span> <span class='ocrx_word' id='word_1_478' title='bbox 986 2604 1035 2637; x_wconf 83' lang='lat' dir='ltr'>vel</span> <span class='ocrx_word' id='word_1_479' title='bbox 1064 2604 1145 2636; x_wconf 89' lang='lat' dir='ltr'>resi-</span> 
     </span>
     <span class='ocr_line' id='line_1_90' title="bbox 391 2651 1147 2696; baseline 0.001 -11"><span class='ocrx_word' id='word_1_480' title='bbox 391 2651 575 2695; x_wconf 81' lang='lat' dir='ltr'>gnationem</span> <span class='ocrx_word' id='word_1_481' title='bbox 597 2651 674 2686; x_wconf 83' lang='lat' dir='ltr'>dicti</span> <span class='ocrx_word' id='word_1_482' title='bbox 693 2652 835 2696; x_wconf 78' lang='lat' dir='ltr'>Dionysii</span> <span class='ocrx_word' id='word_1_483' title='bbox 855 2652 992 2693; x_wconf 74' lang='lat' dir='ltr'>vacabit,</span> <span class='ocrx_word' id='word_1_484' title='bbox 1014 2653 1083 2687; x_wconf 83' lang='lat' dir='ltr'>sine</span> <span class='ocrx_word' id='word_1_485' title='bbox 1100 2658 1147 2686; x_wconf 83' lang='lat' dir='ltr'>ta-</span> 
     </span>
    </p>
   </div>
   <div class='ocr_carea' id='block_1_13' title="bbox 1186 2187 1943 2427">
    <p class='ocr_par' dir='ltr' id='par_1_14' title="bbox 1186 2187 1943 2427">
     <span class='ocr_line' id='line_1_91' title="bbox 1186 2187 1942 2232; baseline -0.004 -11"><span class='ocrx_word' id='word_1_486' title='bbox 1186 2188 1348 2221; x_wconf 89' lang='lat' dir='ltr'>Trudonis</span> <span class='ocrx_word' id='word_1_487' title='bbox 1363 2187 1531 2232; x_wconf 80' lang='lat' dir='ltr'>praedicti,</span> <span class='ocrx_word' id='word_1_488' title='bbox 1552 2197 1640 2219; x_wconf 89' lang='lat' dir='ltr'>nunc</span> <span class='ocrx_word' id='word_1_489' title='bbox 1664 2191 1696 2218; x_wconf 88' lang='lat' dir='ltr'>et</span> <span class='ocrx_word' id='word_1_490' title='bbox 1715 2196 1774 2229; x_wconf 91' lang='lat' dir='ltr'>pro</span> <span class='ocrx_word' id='word_1_491' title='bbox 1795 2192 1942 2227; x_wconf 87' lang='lat' dir='ltr'>tempore</span> 
     </span>
     <span class='ocr_line' id='line_1_92' title="bbox 1187 2234 1941 2278; baseline -0.004 -8"><span class='ocrx_word' id='word_1_492' title='bbox 1187 2237 1347 2278; x_wconf 84' lang='lat' dir='ltr'>existenti,</span> <span class='ocrx_word' id='word_1_493' title='bbox 1371 2248 1407 2269; x_wconf 82' lang='lat' dir='ltr'>ac</span> <span class='ocrx_word' id='word_1_494' title='bbox 1427 2235 1553 2269; x_wconf 88' lang='lat' dir='ltr'>dilectis</span> <span class='ocrx_word' id='word_1_495' title='bbox 1574 2235 1647 2268; x_wconf 83' lang='lat' dir='ltr'>filiis</span> <span class='ocrx_word' id='word_1_496' title='bbox 1659 2235 1794 2268; x_wconf 87' lang='lat' dir='ltr'>Erasmo</span> <span class='ocrx_word' id='word_1_497' title='bbox 1804 2234 1941 2267; x_wconf 70' lang='lat' dir='ltr'>Andreae</span> 
     </span>
     <span class='ocr_line' id='line_1_93' title="bbox 1187 2283 1941 2328; baseline -0.005 -9"><span class='ocrx_word' id='word_1_498' title='bbox 1187 2287 1324 2326; x_wconf 89' lang='lat' dir='ltr'>decano,</span> <span class='ocrx_word' id='word_1_499' title='bbox 1350 2297 1388 2318; x_wconf 81' lang='lat' dir='ltr'>ac</span> <span class='ocrx_word' id='word_1_500' title='bbox 1416 2284 1527 2318; x_wconf 90' lang='lat' dir='ltr'>loanni</span> <span class='ocrx_word' id='word_1_501' title='bbox 1558 2284 1725 2328; x_wconf 81' lang='lat' dir='ltr'>Duyskens</span> <span class='ocrx_word' id='word_1_502' title='bbox 1745 2283 1862 2316; x_wconf 86' lang='lat' dir='ltr'>rectori</span> <span class='ocrx_word' id='word_1_503' title='bbox 1888 2293 1941 2315; x_wconf 89' lang='lat' dir='ltr'>ec-</span> 
     </span>
     <span class='ocr_line' id='line_1_94' title="bbox 1187 2331 1943 2376; baseline -0.007 -8"><span class='ocrx_word' id='word_1_504' title='bbox 1187 2335 1304 2369; x_wconf 85' lang='lat' dir='ltr'>clesiae</span> <span class='ocrx_word' id='word_1_505' title='bbox 1324 2335 1440 2367; x_wconf 82' lang='lat' dir='ltr'>Beatae</span> <span class='ocrx_word' id='word_1_506' title='bbox 1460 2333 1578 2366; x_wconf 84' lang='lat' dir='ltr'>Mariae</span> <span class='ocrx_word' id='word_1_507' title='bbox 1593 2332 1739 2365; x_wconf 89' lang='lat' dir='ltr'>eiusdem</span> <span class='ocrx_word' id='word_1_508' title='bbox 1764 2331 1889 2376; x_wconf 88' lang='lat' dir='ltr'>oppidi,</span> <span class='ocrx_word' id='word_1_509' title='bbox 1911 2336 1943 2364; x_wconf 87' lang='lat' dir='ltr'>et</span> 
     </span>
     <span class='ocr_line' id='line_1_95' title="bbox 1188 2382 1940 2427; baseline -0.005 -10"><span class='ocrx_word' id='word_1_510' title='bbox 1188 2384 1244 2417; x_wconf 91' lang='lat' dir='ltr'>uui</span> <span class='ocrx_word' id='word_1_511' title='bbox 1276 2394 1334 2427; x_wconf 91' lang='lat' dir='ltr'>per</span> <span class='ocrx_word' id='word_1_512' title='bbox 1363 2383 1491 2416; x_wconf 83' lang='lat' dir='ltr'>eosdem</span> <span class='ocrx_word' id='word_1_513' title='bbox 1521 2382 1669 2414; x_wconf 86' lang='lat' dir='ltr'>abbatem</span> <span class='ocrx_word' id='word_1_514' title='bbox 1691 2387 1721 2414; x_wconf 86' lang='lat' dir='ltr'>et</span> <span class='ocrx_word' id='word_1_515' title='bbox 1746 2385 1940 2414; x_wconf 79' lang='lat' dir='ltr'>conventum</span> 
     </span>
    </p>
   </div>
   <div class='ocr_carea' id='block_1_14' title="bbox 1165 2430 1940 2473">
    <p class='ocr_par' dir='ltr' id='par_1_15' title="bbox 1165 2430 1940 2473">
     <span class='ocr_line' id='line_1_96' title="bbox 1165 2430 1940 2473; baseline -0.005 -6"><span class='ocrx_word' id='word_1_516' title='bbox 1165 2459 1166 2462; x_wconf 20' lang='grc' dir='ltr'>η</span> <span class='ocrx_word' id='word_1_517' title='bbox 1187 2433 1399 2473; x_wconf 88' lang='lat' dir='ltr'>nominando,</span> <span class='ocrx_word' id='word_1_518' title='bbox 1423 2433 1467 2465; x_wconf 86' lang='lat' dir='ltr'>ita</span> <span class='ocrx_word' id='word_1_519' title='bbox 1482 2437 1517 2465; x_wconf 89' lang='lat' dir='ltr'>ut</span> <span class='ocrx_word' id='word_1_520' title='bbox 1536 2431 1633 2464; x_wconf 86' lang='lat' dir='ltr'>iidem</span> <span class='ocrx_word' id='word_1_521' title='bbox 1655 2431 1753 2463; x_wconf 78' lang='lat' dir='ltr'>abbas</span> <span class='ocrx_word' id='word_1_522' title='bbox 1772 2436 1801 2464; x_wconf 86' lang='lat' dir='ltr'>et</span> <span class='ocrx_word' id='word_1_523' title='bbox 1824 2430 1940 2473; x_wconf 85' lang='lat' dir='ltr'>reliqui</span> 
     </span>
    </p>
   </div>
   <div class='ocr_carea' id='block_1_15' title="bbox 1187 2479 1940 2570">
    <p class='ocr_par' dir='ltr' id='par_1_16' title="bbox 1187 2479 1940 2570">
     <span class='ocr_line' id='line_1_97' title="bbox 1187 2479 1940 2523; baseline -0.005 -8"><span class='ocrx_word' id='word_1_524' title='bbox 1187 2488 1252 2516; x_wconf 87' lang='lat' dir='ltr'>tres</span> <span class='ocrx_word' id='word_1_525' title='bbox 1285 2487 1475 2515; x_wconf 80' lang='lat' dir='ltr'>tenerentur</span> <span class='ocrx_word' id='word_1_526' title='bbox 1509 2480 1613 2513; x_wconf 88' lang='lat' dir='ltr'>eidem</span> <span class='ocrx_word' id='word_1_527' title='bbox 1636 2480 1771 2513; x_wconf 85' lang='lat' dir='ltr'>Ernesto</span> <span class='ocrx_word' id='word_1_528' title='bbox 1789 2479 1940 2523; x_wconf 86' lang='lat' dir='ltr'>episeopo</span> 
     </span>
     <span class='ocr_line' id='line_1_98' title="bbox 1187 2529 1939 2570; baseline -0.007 -4"><span class='ocrx_word' id='word_1_529' title='bbox 1187 2532 1354 2566; x_wconf 87' lang='lat' dir='ltr'>Leodiensi</span> <span class='ocrx_word' id='word_1_530' title='bbox 1384 2536 1415 2564; x_wconf 87' lang='lat' dir='ltr'>et</span> <span class='ocrx_word' id='word_1_531' title='bbox 1441 2531 1684 2564; x_wconf 73' lang='lat' dir='ltr'>successoribus</span> <span class='ocrx_word' id='word_1_532' title='bbox 1715 2529 1793 2570; x_wconf 75' lang='lat' dir='ltr'>suis,</span> <span class='ocrx_word' id='word_1_533' title='bbox 1817 2529 1862 2562; x_wconf 89' lang='lat' dir='ltr'>vel</span> <span class='ocrx_word' id='word_1_534' title='bbox 1893 2529 1939 2562; x_wconf 91' lang='lat' dir='ltr'>illi</span> 
     </span>
    </p>
   </div>
   <div class='ocr_carea' id='block_1_16' title="bbox 1188 2618 1941 2696">
    <p class='ocr_par' dir='ltr' id='par_1_17' title="bbox 1188 2618 1941 2696">
     <span class='ocr_line' id='line_1_99' title="bbox 1223 2618 1941 2649; baseline -0.006 -1"><span class='ocrx_word' id='word_1_535' title='bbox 1223 2623 1234 2649; x_wconf 85' lang='lat'><strong>1</strong></span> <span class='ocrx_word' id='word_1_536' title='bbox 1259 2620 1349 2648; x_wconf 77' lang='lat' dir='ltr'>Gulda</span> <span class='ocrx_word' id='word_1_537' title='bbox 1368 2627 1402 2648; x_wconf 72' lang='lat' dir='ltr'>esc</span> <span class='ocrx_word' id='word_1_538' title='bbox 1420 2619 1573 2647; x_wconf 76' lang='lat' dir='ltr'>theutonico</span> <span class='ocrx_word' id='word_1_539' title='bbox 1601 2618 1691 2647; x_wconf 83' lang='lat' dir='ltr'>Gulde</span> <span class='ocrx_word' id='word_1_540' title='bbox 1715 2618 1786 2645; x_wconf 79' lang='lat' dir='ltr'>idem</span> <span class='ocrx_word' id='word_1_541' title='bbox 1809 2620 1887 2646; x_wconf 75' lang='lat' dir='ltr'>somn</span> <span class='ocrx_word' id='word_1_542' title='bbox 1909 2625 1941 2644; x_wconf 81' lang='lat' dir='ltr'>ac</span> 
     </span>
     <span class='ocr_line' id='line_1_100' title="bbox 1188 2656 1832 2696; baseline -0.009 -6"><span class='ocrx_word' id='word_1_543' title='bbox 1188 2661 1278 2696; x_wconf 81' lang='lat' dir='ltr'>Gilda,</span> <span class='ocrx_word' id='word_1_544' title='bbox 1297 2660 1470 2695; x_wconf 72' lang='lat' dir='ltr'>frater-nitas,</span> <span class='ocrx_word' id='word_1_545' title='bbox 1491 2659 1649 2688; x_wconf 78' lang='lat' dir='ltr'>sodalitium</span> <span class='ocrx_word' id='word_1_546' title='bbox 1663 2660 1711 2686; x_wconf 75' lang='lat' dir='ltr'>ecc.</span> <span class='ocrx_word' id='word_1_547' title='bbox 1727 2657 1767 2694; x_wconf 81' lang='lat' dir='ltr'>(n.</span> <span class='ocrx_word' id='word_1_548' title='bbox 1783 2656 1832 2694; x_wconf 81' lang='lat' dir='ltr'><strong>T.).</strong></span> 
     </span>
    </p>
   </div>
  </div>
 </body>
</html>
