2226 3070
476 260 539 295 682
1030 271 1212 296 numanum
1229 270 1382 296 Romanu

520 332 599 366 ibid.
625 333 653 367 b.
686 335 836 367 Annuum
866 340 1058 378 proventum
1089 344 1147 377 pro
1176 333 1375 377 aqueductus
1407 339 1437 366 et
1465 333 1600 367 fontium
1628 333 1870 368 conservatione
1899 336 1979 369 assi-

519 392 604 428 gnat.
634 385 697 419 r180
717 398 746 420 a.
778 387 861 420 Duos
893 387 975 419 cives
1004 397 1156 421 romanos
1188 387 1364 420 visitatores
1395 387 1538 430 delegat,
1566 398 1748 432 munusque
1779 389 1980 432 praescribit,

520 439 599 472 ibid.
623 440 639 472 b
659 447 691 473 et
709 451 772 484 seq.
797 441 938 482 Burgum
957 440 1095 473 Felicem
1116 440 1148 473 in
1161 439 1245 474 Urbe
1266 440 1424 478 aedificat.
1449 439 1513 473 ⁴188
1532 452 1562 474 α.
1586 440 1749 485 Oppidum
1769 442 1984 476 Lauretanum

520 492 552 525 in
573 493 732 527 civitatem
754 493 857 535 erigit,
879 492 935 526 :231
962 504 992 526 a.
1017 493 1261 527 Universitatem
1282 493 1468 528 Studiorum
1489 494 1521 527 in
1541 494 1661 539 oppido
1681 494 1867 536 Graecensi‚
1889 495 1979 529 dioe-

520 546 599 580 cesis
619 546 869 589 Salisburgensis
887 546 1032 587 instituit,
1057 546 1120 580 239.
1141 558 1160 580 α
1180 553 1210 580 et
1230 558 1294 591 seq.
1318 547 1455 581 Revocat
1481 547 1626 582 licentias
1653 548 1817 592 quibusvis
1839 548 1983 582 mulieri-

519 600 590 640 bus,
614 600 844 644 cuiuscumque
862 606 972 639 status,
994 601 1188 634 conditionis
1200 607 1229 634 et
1242 601 1406 644 dignitatis
1423 601 1641 642 existentibus,
1658 613 1676 635 a
1694 602 1868 646 quibusvis,
1886 602 1981 636 etiam

520 653 671 686 Romanis
684 653 904 690 Pontificibus.
923 664 1090 687 concessas
1104 654 1307 697 ingrediendi
1328 655 1523 689 monasteria
1540 655 1730 689 monialium
1752 656 1784 689 in
1805 656 1911 699 regnis
1922 655 1980 689 Hi-

518 706 713 750 spaniarum„
735 706 798 739 258
818 718 839 739 a
856 713 884 741 et
909 718 973 751 seq.
998 708 1134 741 Revocat
1156 708 1420 742 constitutionem
1440 709 1587 751 Gregorii
1607 709 1673 742 XIII
1695 716 1808 743 contra
1828 709 1980 743 commit-

518 765 617 793 tentes
639 761 824 805 monopolia
846 761 877 794 in
900 772 999 803 regno
1027 763 1211 804 Aragonum
1233 768 1357 795 tantum
1379 763 1484 807 quoad
1516 773 1637 806 poenas
1656 763 1851 807 spirituales,
1881 761 1945 796 260
1964 773 1983 796 a

518 819 546 846 et
567 824 630 858 seq.
655 813 745 853 Quod
766 815 886 858 pariter
906 821 1045 859 praestat
1067 816 1174 859 quoad
1192 826 1313 860 poenas
1332 816 1515 860 spirituales
1536 822 1649 850 contra
1665 817 1873 850 bandolerios
1892 817 1983 860 regni

516 869 702 909 Aragonum
725 868 815 905 latas,
837 868 900 901 26⁹2
920 880 941 901 α
961 875 990 902 et
1011 880 1074 913 seq.
1100 870 1240 902 Poenam
1263 869 1347 902 exilii
1367 881 1428 914 pro
1449 870 1539 903 laicis
1564 870 1780 904 detinentibus
1801 870 1983 904 archibusia

516 920 556 953 ad
574 926 677 954 rotam
695 922 843 954 breviora
857 929 996 966 quatuor
1013 923 1128 966 palmis
1146 923 1287 956 extendit
1304 924 1344 957 ad
1358 924 1601 964 ecclesiasticos,
1615 923 1677 957 ⁹264
1689 924 1717 957 b.
1729 924 1870 958 Iudicem
1885 924 1982 957 libro-

515 984 586 1007 rum
604 974 842 1019 prohibitorum
857 976 896 1009 de
916 986 999 1009 novo
1014 977 1123 1010 multis
1140 977 1225 1010 euris
1246 977 1397 1010 adornari
1412 977 1578 1022 praecipit,
1603 977 1667 1011 274
1688 978 1704 1010 b
1725 984 1755 1011 et
1774 989 1838 1021 seq.
1858 977 1933 1011 Eius
1951 978 1982 1011 in

515 1026 667 1061 Sanctum
685 1029 891 1063 Franciscum
914 1030 1120 1063 Assisinatem
1139 1030 1277 1071 devotio,
1301 1030 1365 1064 284
1384 1042 1404 1064 a
1422 1037 1452 1064 et
1473 1031 1500 1064 b.
1522 1031 1674 1065 Militibus
1694 1031 1732 1065 de
1753 1031 1908 1065 Montesia
1928 1031 1978 1064 in-

517 1080 627 1123 dulget
652 1092 749 1126 super
777 1082 992 1116 matrimoniis
1020 1083 1263 1122 contrahendis,
1293 1083 1358 1117 335
1387 1095 1416 1117 a.
1450 1082 1566 1119 Officia
1597 1084 1728 1118 maioris
1758 1084 1983 1118 hebdomadae

516 1134 739 1179 intempestiva
759 1142 852 1169 nocte
873 1137 1030 1169 celebrari
1051 1143 1132 1170 vetat
1155 1137 1186 1170 in
1212 1137 1354 1171 ecclesiis
1377 1137 1612 1181 Portugalliae.
1638 1137 1704 1171 344
1726 1138 1752 1170 b.
1786 1138 1980 1172 Mexicanam

516 1188 745 1232 provincialem
767 1190 924 1233 synodum
947 1191 1127 1229 confirmat,
1151 1190 1216 1223 350
1236 1203 1265 1224 α.
1531 1197 1539 1204 ·

428 1241 568 1275 Societas
593 1242 672 1275 Iesu.
701 1243 841 1277 Huiusce
865 1244 1031 1277 Societatis
1057 1244 1199 1287 religiosi
1225 1245 1407 1278 facultatem
1433 1246 1579 1279 obtinent
1605 1256 1623 1279 a
1647 1246 1704 1279 Pio
1730 1246 1815 1290 Papa
1840 1246 1862 1278 V
1887 1246 1983 1279 Indos

514 1294 698 1339 baptizandi
719 1302 807 1330 extra
828 1298 1007 1334 ecclesiam.
1033 1303 1062 1331 et
1082 1298 1149 1331 sine
1170 1299 1381 1332 caeremoniis
1400 1299 1572 1340 consuetis,
1597 1298 1661 1332 0265
1681 1299 1708 1333 b.
1735 1300 1824 1332 Hanc
1848 1299 1982 1333 faculta-

517 1355 578 1382 tem
599 1349 771 1392 Gregorius
792 1351 857 1383 XIII
879 1351 1062 1395 prorogavit
1084 1357 1114 1384 et
1134 1351 1348 1390 confirmavit,
1372 1359 1467 1396 atque
1495 1352 1625 1386 indulsit
1646 1363 1685 1386 ne
1714 1352 1880 1386 christiani
1906 1363 1981 1386 cen-

515 1413 604 1436 suras
625 1403 656 1435 in
670 1404 758 1437 bulla
773 1404 896 1438 Comme
913 1415 1077 1449 expressas
1091 1405 1121 1437 in
1136 1406 1204 1438 foro
1219 1406 1434 1439 conscientiae
1452 1406 1653 1440 incurrerent
1671 1406 1697 1440 si
1711 1417 1784 1439 cum
1798 1406 1982 1440 infidelibus

516 1457 745 1490 commercium
768 1458 807 1490 de
832 1458 929 1491 armis
954 1458 1122 1495 haherent,
1144 1459 1223 1491 ibid.
1253 1459 1310 1499 Oui
1331 1459 1472 1492 Pontifex
1498 1459 1640 1493 secundo
1661 1459 1777 1494 dictam
1800 1460 1981 1493 facultatem

516 1509 555 1542 ad
577 1520 631 1543 eos
651 1511 812 1544 restrinxit
833 1511 887 1555 qui
902 1522 952 1545 res
963 1513 1051 1556 parvi
1073 1513 1229 1545 momenti
1250 1513 1433 1553 venderent,
1448 1513 1639 1557 veniamque
1660 1513 1804 1547 eiusdem
1817 1513 1983 1547 Societatis

517 1563 730 1608 praesbyteris
751 1565 837 1598 dedit
859 1566 1063 1599 condonandi
1086 1566 1248 1599 conversis
1268 1567 1354 1600 bona
1374 1567 1457 1600 male
1479 1567 1645 1611 acquisita,
1666 1567 1746 1600 ibid.
1764 1573 1795 1600 et
1810 1577 1874 1611 seq.
1893 1567 1980 1601 Idem

515 1627 645 1662 quoque
656 1617 730 1651 Pius
743 1618 988 1662 permissionem
1002 1618 1124 1652 addidit
1139 1619 1345 1663 dispensandi
1359 1631 1432 1653 cum
1446 1619 1532 1653 Indis
1545 1630 1643 1664 super
1656 1619 1736 1653 cibis
1753 1620 1856 1653 vetitis
1870 1619 1982 1654 diebus

515 1671 637 1711 ieiunii,
654 1671 894 1716 deputandique
915 1673 953 1705 ad
976 1673 1037 1706 hoc
1054 1673 1238 1707 sacerdotes
1250 1673 1353 1707 dictae
1365 1674 1543 1715 Societatis,
1559 1673 1623 1707 0266
1637 1685 1670 1715 α,·
1688 1674 1762 1707 data
1775 1674 1820 1707 eis
1833 1674 1983 1708 facultate

516 1724 611 1758 etiam
637 1725 842 1769 dispensandi
863 1737 959 1770 super
979 1732 1052 1759 voto
1074 1727 1226 1760 eastitatis
1248 1727 1383 1771 aliisque
1403 1727 1536 1761 occultis
1560 1727 1800 1772 impedimentis
1817 1728 1849 1761 in
1870 1727 1981 1761 matri-

515 1778 631 1811 moniis
643 1778 706 1811 iam
719 1779 902 1819 contractis,
918 1779 988 1812 ibid
993 1807 998 1812 .
1015 1780 1149 1824 Insuper
1160 1780 1329 1823 privilegio
1347 1781 1387 1814 ad
1401 1781 1495 1814 hasce
1508 1780 1676 1814 missiones
1689 1781 1891 1825 deputandos
1902 1791 1982 1815 non-

517 1831 592 1864 dum
612 1831 643 1864 in
664 1832 761 1866 sacris
781 1833 956 1872 ordinatos,
974 1833 1061 1866 aliud
1075 1833 1217 1867 adiunxit
1232 1844 1286 1867 eos
1299 1835 1510 1878 promovendi
1525 1840 1612 1868 extra
1625 1840 1781 1879 tempora,
1797 1845 1862 1868 non
1875 1845 1980 1868 serva-

515 1884 553 1918 tis
574 1884 761 1923 interstitiis,
783 1891 813 1919 et
832 1891 905 1919 ante
927 1891 1062 1919 aetatem
1084 1897 1101 1919 a
1118 1887 1260 1920 Concilio
1273 1887 1358 1920 Trid.
1376 1887 1587 1930 designatam,
1603 1887 1682 1921 ibid.
1699 1887 1726 1920 b.
1747 1887 1839 1927 Quod
1850 1887 1979 1932 privile·

515 1937 602 1980 gium
621 1938 660 1971 ad
672 1938 775 1972 varias
787 1939 935 1981 regiones
949 1940 1057 1973 Indiae
1071 1940 1213 1973 extendit
1223 1946 1253 1973 et
1266 1940 1452 1984 prorogavit
1464 1940 1666 1985 supradictus
1676 1940 1861 1983 Gregorius,
1877 1940 1978 1981 ibid.;

514 1990 701 2035 addiditque
720 1992 904 2025 facultatem
925 1992 1131 2037 dispensandi
1153 1994 1184 2026 in
1206 1994 1358 2036 gradibus
1379 1994 1684 2037 consanguineitatis
1706 2000 1735 2028 et
1756 1994 1929 2035 affinitatis,
1949 2000 1981 2028 et

514 2055 532 2077 a
549 2045 701 2078 faciendis
719 2046 1034 2087 denunciationibus,
1058 2047 1137 2080 ibid.
1162 2047 1188 2081 b.
1212 2048 1417 2092 praepositus
1438 2048 1597 2091 generalis
1620 2048 1722 2081 dictas
1741 2058 1854 2081 omnes
1874 2048 1977 2081 facul-

516 2104 595 2132 tates
614 2099 783 2142 prorogari
804 2100 850 2133 vel
884 2100 916 2133 in
936 2106 1130 2145 perpetuum
1157 2101 1289 2134 concedi
1320 2102 1410 2145 petit,
1434 2112 1513 2146 quas
1539 2108 1695 2146 prorogat
1719 2101 1835 2142 Sixtus,
1861 2100 1925 2134 267
1945 2111 1976 2134 a.

514 2151 662 2185 Additam
684 2163 701 2185 a
721 2152 777 2186 Pio
796 2153 834 2187 IV
853 2153 1085 2198 indulgentiam
1103 2165 1162 2198 pro
1181 2154 1278 2195 Indis,
1302 2155 1357 2199 qui
1378 2165 1574 2199 quemquam
1595 2155 1636 2188 ad
1652 2154 1861 2188 christianam
1878 2154 1976 2188 fidem

514 2203 715 2246 adduxerint,
747 2206 889 2239 extendit
916 2212 945 2240 et
974 2207 1156 2248 confirmat,
1189 2208 1269 2241 ibid.
1294 2213 1323 2241 et
1343 2218 1431 2252 seq.,·
1453 2208 1584 2241 servatis
1604 2213 1713 2241 tamen
1739 2207 1855 2252 cuique
1883 2207 1979 2252 privi-

515 2257 598 2300 legio
620 2258 802 2292 etfacultati
821 2259 965 2293 terminis
986 2260 1017 2293 in
1029 2261 1134 2304 prima
1145 2262 1352 2295 concessione
1372 2261 1589 2306 praescriptis,
1611 2261 1691 2295 ibid.
1715 2260 1892 2306 Episcopus
1903 2261 1980 2295 Tor-

515 2312 661 2345 nacensis
682 2318 788 2346 erecto
806 2314 943 2357 collegio
967 2314 1134 2348 Societatis
1150 2315 1232 2355 Iesu,
1252 2326 1312 2359 pro
1333 2315 1475 2349 studiosa
1495 2315 1659 2348 iuventute
1679 2315 1793 2348 litteris
1813 2321 1844 2348 et
1861 2315 1980 2360 pietate

514 2365 702 2403 nutrienda,
729 2372 852 2409 partem
883 2367 965 2400 dotis
986 2368 1222 2411 assignaverat,
1247 2379 1329 2412 quae
1349 2375 1457 2402 tamen
1476 2378 1541 2402 non
1563 2374 1631 2402 erat
1650 2367 1822 2409 sufficiens,
1849 2367 1913 2402 352
1941 2369 1977 2410 b,-

513 2424 790 2463 proposueratque
809 2420 894 2453 uniri
917 2420 1096 2464 prioratum
1109 2422 1148 2455 de
1161 2422 1293 2464 Englos;
1316 2422 1397 2466 petit
1413 2428 1477 2456 tam
1492 2421 1686 2456 erectionem
1709 2432 1806 2466 quam
1823 2421 1978 2456 unionem

514 2482 532 2505 a
551 2471 637 2516 Papa
657 2472 862 2513 confirmari,
886 2474 967 2507 ibid.
987 2474 1091 2508 Sixtus
1109 2475 1230 2508 dictum
1248 2475 1421 2518 collegium
1441 2476 1480 2509 de
1501 2485 1584 2509 novo
1605 2475 1699 2518 erigit
1720 2481 1761 2516 et,
1787 2475 1926 2509 extincta
1945 2475 1978 2509 in

516 2525 602 2561 dicto
622 2525 766 2570 prioratu
786 2526 902 2570 prioris
923 2527 1093 2570 dignitate,
1118 2539 1190 2562 eum
1217 2529 1352 2571 collegio
1370 2529 1449 2570 unit,
1473 2528 1538 2562 353
1558 2540 1588 2562 a.
1612 2528 1839 2562 Omnimodam
1859 2529 1977 2562 rectori

514 2579 641 2622 collegii
653 2579 778 2612 veniam
791 2581 938 2613 concedit
957 2581 1077 2615 realem
1095 2582 1330 2626 possessionem
1342 2582 1489 2627 capiendi
1501 2582 1645 2616 eiusdem
1662 2582 1835 2626 prioratus,
1849 2581 1928 2616 ibid.
1946 2582 1974 2615 b.

515 2631 759 2666 Concessionem
785 2632 867 2666 hanc
901 2633 990 2668 nullo
1015 2634 1091 2668 vitio
1126 2635 1231 2668 notari
1256 2646 1349 2680 posse
1375 2635 1534 2677 declarat,
1554 2634 1620 2669 354
1640 2646 1660 2669 α
1668 2647 1680 2677 ;
1701 2641 1978 2680 exequutoresque

514 2686 731 2729 praesentium
753 2686 884 2731 deputat
903 2687 1095 2728 litterarum,
1118 2687 1196 2722 ibid.
1219 2689 1246 2722 b.
1270 2689 1374 2724 Sixtus
1394 2689 1418 2721 V
1438 2689 1594 2724 nonnulla
1613 2694 1767 2724 statuerat
1785 2688 1871 2723 circa
1888 2688 1978 2723 novi-
