2226 3070
94 309 145 336 An.
165 308 192 335 C.
209 308 275 336 1590

956 295 1060 320 SIXTUS
1079 295 1098 318 V
1118 295 1166 318 PP.

1723 278 1786 312 0219

290 355 426 389 mortuis
445 365 533 393 vero,
563 364 647 398 qnae
667 354 699 386 in
734 352 848 385 eodem
875 355 1036 384 conventu
1080 347 1220 381 scribere
1240 352 1270 380 et
1301 354 1475 379 numerare
1494 343 1604 377 norint
1623 340 1735 375 saltem
1755 352 1831 375 vero

288 409 496 449 decesserint,
519 408 686 452 exequiae,
708 418 781 439 eum
803 417 866 438 una
879 404 983 447 vigilia
1009 409 1039 436 et

290 463 385 496 missa
405 468 532 496 cantata
561 462 600 495 dc
620 462 784 504 Requiem,
817 464 1036 503 peragantur;

290 523 319 550 et
339 517 394 550 ubi
414 516 584 549 commode
596 515 665 548 sieri
682 514 811 559 poterit,
832 513 1040 545 celebremur

289 571 384 603 etiam
410 569 520 603 Missae
545 567 828 610 SanctiGregorii,
850 566 900 598 sin
921 565 1038 604 minus,

290 624 344 656 fiat
364 629 399 657 ut
415 623 544 667 poterit,
570 632 748 665 omnesque
769 630 897 652 sorores
924 629 1037 651 mona-

289 677 376 710 sterii
398 677 535 710 recitent
553 675 695 708 officium
721 673 960 706 defunctorum.

333 732 393 764 Pro
418 730 553 773 singulis
575 728 726 762 fratribus
755 739 811 760 seu
846 726 1040 759 monialibus

290 785 469 828 primitivae
481 784 634 827 Regulae,
647 783 701 826 qui
722 780 930 820 decesserint,
943 790 1040 823 quae-

289 840 363 871 libet
387 837 534 871 monialis
546 837 688 870 officium
702 836 928 869 defunctorum
947 844 1039 877 sepa-

290 893 395 932 ratim,
415 892 588 925 velomnes
608 890 705 923 simul
721 889 753 922 in
774 889 874 921 choro
889 887 1038 927 recitent,

289 952 331 985 et,
342 946 366 978 si
388 945 457 978 sieri
470 945 601 989 poterit,
619 944 715 977 etiam
729 943 824 976 missa
836 943 1037 975 decantetur.

332 1000 419 1039 Quae
443 1010 518 1033 vero
539 999 699 1032 choristae
730 1009 794 1031 non
828 1002 913 1037 sunt,
934 996 1042 1030 dicant

290 1053 421 1097 triginta
435 1053 558 1087 vicibus
578 1052 762 1086 Orationem
783 1051 983 1084 Dominieam
1011 1057 1039 1084 et

289 1108 381 1141 toties
401 1108 626 1141 salutationem
647 1106 856 1149 Aiigelican1;
890 1105 933 1138 ita
953 1104 1039 1138 enim

289 1162 454 1205 reciproce
491 1161 523 1193 fit
555 1172 573 1193 a
608 1160 760 1194 fratribus
794 1159 952 1203 religiosis
983 1169 1041 1203 pro

287 1216 432 1260 qualibet
451 1215 602 1257 religiosa
623 1215 785 1247 defuncta.

309 1346 567 1379 Eicliortationcs
576 1345 618 1377 ad
629 1356 677 1385 ea,
690 1355 768 1388 qaae
781 1348 845 1377 lam
862 1344 1020 1387 priorissa

385 1411 482 1443 quam
502 1404 622 1432 ceterae
642 1399 800 1431 moniales
820 1399 855 1430 in
879 1398 946 1430 suis

519 1453 630 1496 officiis
652 1457 812 1485 tenentur.

574 1546 647 1581 CAP.
670 1547 745 1580 xlv

578 1633 753 1666 Priorz'ssa.

335 1721 510 1753 Priorissae
543 1719 685 1752 ostii-ium
712 1723 755 1751 est
786 1717 959 1761 diligenter
984 1728 1040 1749 cu-

291 1786 361 1807 rare
386 1779 421 1806 ut
441 1774 472 1806 in
501 1773 652 1806 omnibus
677 1772 798 1815 Regula
827 1777 858 1803 et
882 1771 1040 1804 constitu-

291 1829 395 1862 tiones
415 1832 592 1867 serventur,
616 1826 861 1870 plurimumque
881 1826 986 1859 zelare
1011 1832 1041 1860 et

291 1882 459 1926 invigilare
477 1881 562 1914 circa
582 1881 781 1913 honestatem
804 1885 834 1912 et
856 1880 1039 1912 clausuram

291 1935 488 1975 monasterii,
515 1946 551 1968 ac
572 1935 679 1968 videre
699 1935 865 1979 quomodo
886 1934 990 1967 officia
1011 1941 1041 1968 et

290 1991 474 2024 functiones
493 1994 715 2028 exerceantur,
744 2000 870 2022 necnon
886 1989 984 2022 etiam
1006 1995 1038 2022 ut

290 2044 483 2081 necessaria,
510 2048 573 2076 tam
598 2042 776 2087 spiritualia
800 2054 896 2086 quam
918 2048 1042 2087 tempo-

292 2098 382 2137 ralia,
402 2096 644 2141 provideantur3
667 2102 813 2129 materno
839 2097 955 2129 atl'eetu
977 2108 1041 2140 quo

291 2151 428 2184 maxime
448 2151 574 2184 studeat
593 2150 810 2183 obedientiam
830 2150 961 2184 filialem
982 2151 1041 2184 sibi

290 2215 491 2248 comparare.

476 2289 661 2324 Constiterat
678 2291 849 2334 priorissa.

337 2376 529 2410 Sanitricem
566 2381 598 2408 ct
640 2375 803 2408 sacristiae
831 2376 1041 2419 praesectam,

293 2430 500 2463 sacristanam
522 2435 754 2472 nuncupatam,
780 2428 900 2468 fideles,
926 2429 980 2462 sed
1005 2430 1044 2462 ad

293 2483 343 2516 sui
364 2483 491 2515 libitum
512 2482 712 2523 amovibiles,
734 2493 773 2515 ne
794 2482 888 2514 detur
917 2483 1044 2515 occasio

295 2542 328 2570 ut
353 2537 384 2569 in
414 2536 521 2569 officio
550 2536 669 2569 nimius
694 2541 877 2580 apponatur
896 2536 1042 2576 affectus,

294 2596 416 2623 ceteras
441 2590 537 2623 etiam
567 2589 722 2623 officiales
758 2589 826 2633 ipsa
855 2589 1042 2630 constituat,

294 2649 423 2688 praeter
442 2644 692 2688 subpriorissae]
713 2649 744 2677 etv
764 2644 929 2684 clavarias,
962 2654 1045 2686 quae

294 2708 353 2744 per
368 2703 440 2731 vota
459 2704 582 2732 secreta
606 2697 784 2741 eligantia-3
806 2698 887 2732 haec
912 2697 1044 2742 quidem

1080 402 1098 434 d
1105 412 1174 435 uae.

1335 484 1557 527 Subpriorz'ssu
1566 510 1572 516 .

1124 571 1367 615 Subpriorissae
1388 580 1507 602 munus
1522 574 1569 602 cst
1579 568 1679 601 choro
1692 579 1832 612 praesse,

1082 625 1234 668 illiusque
1256 635 1353 657 cm‘ae
1374 623 1573 663 incumbere,
1599 627 1634 655 ut
1664 622 1735 661 rite,
1767 633 1832 654 mo-

1082 680 1192 712 derate
1217 684 1248 712 et
1275 678 1425 711 distincte
1455 676 1609 710 recitetur
1629 681 1659 709 et
1687 680 1834 709 cantetur

1082 731 1224 764 divinum
1240 732 1394 771 officium,
1408 731 1440 764 in
1453 741 1518 774 quo
1538 730 1682 763 sedulam
1699 740 1832 773 operam

1084 786 1258 829 unpendat

1126 839 1204 872 Cum
1228 838 1381 883 priorissa
1399 838 1549 877 desuerit,
1572 838 1725 870 eiusleco
1742 848 1833 882 prae-

1083 892 1210 932 sidebit,
1232 903 1426 935 semperque
1451 891 1512 924 erit
1539 902 1611 924 cum
1639 891 1834 924 monialibus

1083 947 1213 991 quando
1225 947 1322 979 simul
1340 945 1556 985 conveniunt;
1579 946 1722 979 desectus
1742 952 1773 979 et
1788 957 1835 979 er-

1084 1007 1164 1041 rata,
1180 1001 1203 1033 si
1226 1011 1309 1044 quae
1329 1000 1584 1039 eommittentur,
1602 1005 1664 1032 tarn
1688 1000 1719 1032 in
1734 1000 1834 1033 choro

1084 1065 1179 1099 quam
1211 1054 1242 1086 in
1279 1053 1451 1086 refectorio
1478 1053 1643 1096 corripiet,
1666 1054 1689 1086 si
1726 1059 1835 1087 tamen

1085 1119 1237 1152 praesens
1257 1107 1411 1151 priorissa
1430 1117 1494 1139 non
1522 1106 1629 1139 suerit.

1363 1191 1547 1226 Clctvariac.

1128 1268 1289 1303 Clavariae
1306 1268 1440 1311 singulis
1461 1267 1654 1301 mensibusa
1675 1267 1835 1311 deposita-

1085 1325 1144 1366 ria,
1167 1322 1346 1367 receptrice
1367 1327 1567 1365 nuncupata‚
1595 1321 1754 1354 rationem
1775 1322 1836 1354 exi—

1084 1384 1159 1423 gent
1183 1382 1354 1422 praesente
1374 1375 1540 1421 priorissa.

1129 1431 1175 1465 Ab
1201 1431 1278 1476 ipsis
1309 1430 1406 1464 etiam
1434 1429 1466 1462 in
1504 1430 1601 1463 rebus
1633 1430 1837 1473 gravioribus

1085 1487 1197 1520 eadem
1219 1483 1564 1529 priorissajconsitium
1588 1489 1684 1527 petet.

1128 1540 1291 1573 Ilabeatur
1323 1549 1409 1579 arca,
1441 1549 1524 1581 quae
1558 1538 1661 1571 tribus
1697 1538 1839 1571 clavibus

1085 1596 1255 1628 obseretur
1275 1604 1334 1637 pro
1351 1598 1528 1626 conventus
1547 1591 1717 1636 scripturis
1736 1598 1765 1625 et
1786 1593 1839 1626 de-

1085 1648 1197 1693 positis
1221 1646 1443 1680 custodiendis
1463 1651 1494 1679 et
1514 1646 1727 1686 asservandis,
1756 1658 1837 1690 qua-

1085 1713 1155 1735 rum
1179 1712 1274 1734 unam
1297 1700 1461 1744 priorissa,
1498 1700 1642 1743 reliquas
1666 1700 1745 1733 duas
1771 1702 1836 1733 ela-

1084 1756 1189 1789 rariae
1210 1755 1409 1799 antiquiores
1434 1764 1534 1798 penes
1554 1765 1587 1787 se
1613 1754 1785 1788 retineant.

1356 1840 1562 1874 Sacristana.

1127 1909 1330 1943 Sacristanae
1352 1908 1495 1941 officium
1517 1913 1565 1940 est
1596 1918 1711 1941 curare
1731 1908 1838 1941 onmia

1083 1974 1166 2007 quae
1187 1962 1226 1995 ad
1238 1961 1406 1995 ecclesiam
1423 1960 1597 2004 pertinent,
1613 1972 1650 1994 ac
1662 1967 1696 1994 ut
1713 1972 1838 1994 summa

1084 2028 1158 2051 cum
1180 2015 1347 2059 diligentia
1361 2021 1389 2048 et
1411 2014 1570 2047 munditia
1581 2015 1645 2048 Deo
1666 2015 1835 2048 serviatur.

1128 2071 1226 2104 Curet
1254 2069 1353 2102 etiam
1389 2074 1425 2101 ut
1455 2079 1583 2101 sorores
1618 2068 1766 2102 ordinate
1799 2070 1838 2101 ad

1085 2130 1297 2169 peccatorum
1311 2123 1548 2156 consessionem
1561 2124 1729 2163 accedant,
1743 2129 1840 2166 atque

1086 2179 1145 2211 sub
1171 2189 1276 2222 poena
1311 2177 1416 2221 gravis
1450 2177 1566 2221 culpae
1593 2177 1691 2209 ullam
1717 2179 1839 2220 absque

1087 2232 1217 2265 licentia
1237 2232 1276 2265 ad
1302 2230 1514 2264 confessionis
1541 2231 1649 2264 locum
1684 2232 1731 2264 ire
1766 2242 1838 2275 per-

1087 2286 1201 2325 mittat,
1232 2285 1293 2318 nisi
1322 2284 1377 2318 illa
1406 2284 1516 2326 suerit,
1539 2285 1591 2318 cui
1627 2285 1838 2318 constitutum

1086 2345 1133 2373 est
1153 2345 1231 2372 tune
1250 2349 1309 2372 sua
1330 2343 1462 2383 peccata
1486 2338 1648 2372 confiteri.

1143 2415 1314 2458 Receptrz'as
1328 2425 1383 2448 seu
1408 2415 1607 2458 depositaria
1630 2414 1783 2456 fornaria

1359 2473 1561 2512 mmcupata.

1131 2536 1177 2568 Ad
1215 2535 1403 2579 receptrieis
1445 2541 1476 2569 et
1510 2535 1672 2568 sornariae
1706 2535 1839 2568 maioris

1086 2590 1183 2633 (quae
1204 2600 1268 2622 una
1293 2600 1362 2623 esse
1387 2589 1495 2632 debet)
1523 2589 1667 2622 officium
1698 2589 1838 2633 pertinet

1087 2642 1256 2687 providere
1281 2643 1418 2676 emenda
1438 2653 1497 2687 pro
1511 2642 1717 2683 monasterio,
1735 2642 1760 2675 si
1780 2642 1839 2676 Do-

1089 2697 1195 2730 minus
1215 2701 1398 2744 opportune
1415 2697 1548 2731 modum
1566 2696 1703 2732 dederit,

1847 286 1898 314 An.
1915 286 1944 313 C.
1965 287 2031 315 1590
