2226 3070
488 256 551 289 660
1040 263 1221 287 eruanimi
1239 262 1391 286 neustrii

533 327 633 361 stinus
654 327 784 360 Adorno
813 326 931 369 aliique
962 324 1100 366 insignes
1132 323 1248 367 pietate
1280 323 1337 355 viri
1369 322 1586 363 instituerunt,
1607 324 1626 355 6
1647 334 1701 363 am,
1725 325 1991 368 adprobationem

535 381 667 414 facultas
689 380 860 413 comitatur
880 383 995 411 statuta
1021 376 1180 410 condendi
1202 376 1329 420 aliaque
1351 376 1467 409 idonea
1488 382 1516 409 et
1544 383 1727 420 opportuna
1749 378 1788 411 ad
1809 378 1992 422 Congrega-

535 433 653 467 tionem
676 433 865 466 seri-andam
886 430 1082 474 praestandi,
1107 430 1185 461 ibid.
1212 431 1228 461 b
1254 435 1282 462 et
1304 440 1367 473 seq.

446 488 548 521 Cletus
568 488 628 531 (S.)
649 486 787 530 pontifex
810 491 838 517 et
858 490 977 528 martyr
997 483 1231 517 Cruciferorum
1254 483 1537 525 congregationem
1560 483 1705 521 instituit,
1729 483 1793 517 445
1813 496 1842 517 a.

446 541 637 573 Colleetores
663 539 839 582 spoliorum
863 538 892 569 in
914 537 1209 581 llispaiiia.Paitlt1s
1229 538 1278 573 ΙΙΙ,
1303 542 1330 569 et
1352 537 1526 579 Gregorius
1548 537 1613 570 Xlll
1634 537 1840 571 collectorem
1862 549 1996 581 genera-

536 594 595 625 lem
617 593 793 636 spoliorum
808 592 839 623 in
858 591 964 633 regnis
977 591 1202 634 Hispaniarum
1221 602 1237 623 a
1259 590 1460 623 iurisditione
1478 590 1637 623 Ordinarii
1656 591 1837 631 eximendo,
1854 598 1998 626 caeteros

535 648 684 679 Camerae
705 645 882 689 spoliorum
905 644 1058 677 ollii-iales
1078 644 1239 677 subiectos
1269 655 1336 677 esse
1364 645 1590 680 declararunt,
1614 644 1677 676 :³:17
1698 656 1728 677 [t.
1752 645 1825 678 Pius
1845 646 1883 678 lv
1909 646 1998 680 Pauli

537 700 656 732 litteras
676 699 888 737 confirmarit,
913 698 1130 741 ossieialesque
1151 697 1337 731 huiusmodi
1357 697 1493 731 Romani
1514 697 1677 731 Pontificis
1698 698 1871 732 familiares
1892 700 1998 733 deela-

537 753 625 788 rarit,
655 752 730 785 ibid.
753 752 778 785 b.
803 754 889 790 Quae
910 752 1019 785 onmia
1039 758 1107 785 rata
1132 752 1227 784 hahet
1248 752 1353 785 Sixtus
1373 752 1407 791 V,
1432 751 1507 784 ibid.

447 806 603 839 Collector
623 806 801 849 spoliorum
823 807 861 839 ad
881 806 915 838 u.
940 806 970 839 C.
995 807 1028 838 A.
1054 805 1279 849 spectantium.
1310 806 1341 838 V.
1365 805 1567 838 Thesaurarii
1588 806 1758 848 generalis,
1778 810 1834 839 etc.

447 859 622 901 Collegium
644 859 856 901 Anglicanum
879 859 910 891 in
931 859 1052 903 oppido
1073 859 1259 897 Vallisoleti‚
1282 859 1467 892 palentinae
1485 859 1641 892 dioecesis
1661 859 1761 892 erexit
1782 859 1947 904 Philippus
1961 861 1997 900 tl,

536 918 563 944 et
585 906 762 955 apostoliea
783 913 972 945 auctoritate.
994 912 1083 956 petiit
1104 912 1302 952 eonfirnrari,
1324 911 1388 945 6:30
1408 912 1424 944 b
1445 918 1472 945 et
1491 923 1554 956 seq.
1576 913 1721 946 Clemens
1742 912 1924 954 confirmat,
1941 913 2000 947 sub

537 965 626 998 Sedis
647 966 849 1009 Apostolicae
870 966 1070 1010 protecti0ne
1095 966 1220 1010 recipit,
1245 972 1275 999 et
1295 965 1444 1009 regimini
1466 966 1638 999 committit
1658 967 1846 1000 lesuitarum
1861 994 1868 1007 ‚
1892 966 1951 1000 63¹1
1980 978 2002 999 a

538 1024 566 1051 et
589 1018 614 1051 b.
640 1019 834 1052 OEconomus
854 1030 929 1052 suae
955 1019 1241 1052 administrationis
1272 1019 1389 1053 rectori
1405 1019 1562 1053 rationem
1594 1020 1730 1053 reddere
1761 1025 1898 1060 tenetur,
1920 1020 1997 1053 ibid.

537 1072 676 1114 Collegio
697 1072 864 1116 privileg-via
885 1073 1119 1111 conceduntur,
1145 1073 1220 1105 ibid.
1245 1074 1361 1107 Forma
1389 1080 1419 1106 et
1444 1073 1613 1117 qualitates
1645 1073 1852 1106 alumnorum
1883 1073 2001 1108 admit-

539 1126 720 1162 tendorum„
739 1125 802 1159 632
822 1138 851 1159 a.
876 1127 1081 1169 Prixilegium
1102 1127 1269 1160 laureandi
1290 1132 1320 1160 et
1341 1127 1586 1160 constitutiones
1606 1127 1734 1167 edendi,
1749 1127 1827 1160 ibid.
1845 1127 1879 1165 b,·
1895 1138 2003 1161 saeros

538 1179 672 1212 Ordines
693 1185 780 1213 extra
801 1187 945 1225 tempora
964 1187 993 1214 et
1014 1192 1030 1214 a
1051 1192 1257 1225 quocumque
1276 1181 1427 1225 episcopo
1445 1181 1651 1225 suscipiendi,
1676 1180 1753 1214 ibid.
1782 1181 2002 1215 Iuranientum

540 1233 579 1265 ah
605 1234 743 1267 alumnis
763 1235 1004 1278 praestandum,
1028 1234 1092 1268 633
1119 1246 1148 1267 a.
1173 1235 1232 1274 Qui
1263 1236 1302 1268 ad
1334 1235 1503 1269 missiones
1527 1235 1558 1268 in
1589 1235 1736 1277 Angliain
1767 1235 1937 1268 mittuntur
1960 1236 2004 1268 fa-

539 1287 673 1320 cultates
690 1288 729 1320 ad
748 1288 779 1320 id
800 1295 998 1332 opportunas
1027 1300 1043 1321 a
1073 1289 1261 1332 provinciali
1293 1289 1480 1322 lesuitarum
1514 1288 1687 1332 accipiunt,
1720 1288 1796 1321 ibid.
1827 1288 2003 1331 Collegium

540 1340 644 1383 ipsum
666 1342 878 1375 committitur
898 1353 993 1375 curae
1014 1343 1187 1386 praepositi
1208 1342 1366 1385 generalis
1390 1342 1556 1375 Societatis
1575 1343 1645 1376 Iesu
1670 1347 1699 1375 et
1721 1342 1893 1375 cardinalis
1912 1342 2004 1376 Alani

540 1395 739 1437 protectoris.
762 1395 837 1428 ibid.
860 1395 891 1431 b:
915 1407 972 1429 nec
1003 1406 1067 1429 non
1093 1396 1286 1440 protectioni
1308 1396 1392 1438 regis
1413 1395 1581 1435 catholici,
1605 1395 1683 1428 ibid.
1716 1396 1863 1429 Facultas
1886 1396 2003 1429 rectori

541 1457 691 1480 concessa
712 1448 851 1482 iudicem
881 1449 1007 1491 collegii
1039 1449 1226 1493 deputandi,
1250 1449 1314 1482 634
1339 1460 1368 1482 a.
1403 1448 1644 1483 Constitutionis
1676 1454 1889 1493 exequutores
1920 1449 2004 1483 desi-

541 1501 639 1542 gnati,
661 1501 736 1534 ibid.

452 1554 651 1587 Coloniensis
670 1555 822 1588 eeclesiae
836 1556 1028 1599 Capitulum.
1053 1557 1177 1590 Mensae
1202 1547 1370 1601 capitulari
1392 1556 1573 1591 Coloniensi
1594 1557 1693 1589 multa
1714 1557 1833 1590 damna
1852 1555 1941 1589 illata
1969 1567 2006 1590 ex

541 1608 701 1641 bonorum
723 1609 761 1642 ad
783 1620 852 1642 eain
873 1610 1086 1653 spectantium
1108 1611 1332 1649 locationibus,
1359 1610 1417 1643 351
1443 1621 1473 1643 a.
1508 1610 1697 1644 Loeationes
1717 1609 1902 1643 huiusmodi
1922 1610 2007 1643 ultra

542 1662 728 1700 triennium,
751 1664 831 1696 Sede
852 1664 1035 1706 Apostolica
1056 1664 1245 1703 inconsulta,
1271 1664 1338 1697 fieri
1362 1670 1444 1698 vetat
1465 1664 1588 1705 Sixtus,
1613 1664 1708 1704 ibicl.;
1740 1663 1799 1697 sub
1825 1663 1939 1708 poenis
1959 1663 2007 1697 in-

544 1715 637 1748 ssictis
662 1716 876 1749 alienantibus
897 1717 982 1750 bona
1008 1718 1233 1757 ecelesiastica,
1258 1718 1336 1750 ibid.
1365 1718 1391 1750 b.

456 1768 628 1802 Columnae
650 1780 726 1811 ager
746 1770 777 1802 in
798 1771 847 1803 via
867 1771 1084 1807 Praenestina,
1114 1771 1172 1804 178
1189 1771 1215 1804 b.

456 1821 629 1855 Comitatus
649 1823 875 1857 Venaissimus.
905 1824 938 1856 Γ.
963 1824 1219 1858 Arenionensem
1241 1825 1410 1858 civitatem.

456 1875 706 1909 Communitates
731 1878 835 1909 Status
866 1878 1078 1911 Eeetisiastiei
1110 1879 1328 1911 reformantur
1356 1880 1463 1922 quoad
1495 1878 1818 1912 administrationem.
1846 1879 1878 1911 V.
1902 1879 2007 1912 Status

546 1928 767 1967 Ecclesiastiei‚
793 1935 848 1963 ele.

457 1980 726 2015 Conelavistarmn
749 1984 923 2027 privilegia.
942 1985 1043 2028 Papae
1065 1985 1236 2018 familiares
1257 1991 1329 2018 sunt
1350 1985 1532 2029 notariique
1556 1986 1646 2019 Sedis
1669 1985 1882 2029 Apostolicae,
1897 1984 1960 2018 638
1974 1996 2004 2018 α.

546 2035 681 2068 Comites
700 2037 830 2079 palatini
849 2038 983 2076 nobiles,
1001 2049 1178 2082 eorumque
1199 2039 1330 2071 indultis
1351 2039 1502 2081 gaudent,
1520 2039 1596 2071 ibid.
1621 2044 1650 2071 et
1671 2039 1697 2070 b.
1719 2038 1908 2071 Eximuntur
1925 2049 1942 2071 a
1959 2048 2010 2072 so-

547 2089 666 2122 lutione
685 2090 893 2131 decimarum,
918 2091 1172 2135 impositionum,
1196 2096 1266 2131 ete,
1284 2092 1347 2125 039
1365 2104 1394 2125 a.
1419 2093 1470 2125 Eis
1490 2092 1663 2125 remittitur
1683 2092 1825 2125 indebita
1845 2091 2009 2136 perceptio

548 2142 708 2175 fructuum
728 2144 768 2176 ol»
789 2143 995 2177 omissionem
1018 2145 1171 2178 horarum
1190 2146 1431 2185 canonicarum,
1460 2156 1496 2178 ae
1517 2145 1612 2178 etiam
1634 2145 1864 2187 irregularitas,
1881 2144 1958 2178 ibid.
1979 2144 2006 2177 b.

549 2196 706 2237 lllegitimi
728 2198 768 2230 ad
793 2198 896 2230 ossieia
927 2199 1103 2231 saecularia
1127 2199 1346 2239 habilitantur,
1372 2199 1448 2231 ibid.
1476 2199 1675 2243 Dispensatio
1704 2198 1789 2231 eirca
1815 2198 2008 2232 delationem

550 2249 675 2282 habitus
696 2256 724 2282 et
747 2256 895 2284 tonsurae
916 2262 974 2295 pro
995 2252 1195 2285 conclavistis
1212 2253 1400 2296 pensionem
1429 2257 1556 2285 centum
1578 2253 1769 2285 ducatorum
1796 2251 2007 2291 habentibus,

549 2301 612 2334 640
632 2314 661 2334 (ι.
687 2303 820 2337 Litterae
838 2305 1031 2348 apostolicae
1053 2306 1150 2348 gratis
1171 2317 1228 2349 pro
1250 2306 1295 2339 eis
1313 2305 1455 2349 expediri
1474 2306 1602 2345 debent,
1621 2305 1695 2338 ibid.
1720 2305 1883 2338 Indultuin
1903 2305 2010 2349 quoad

550 2355 727 2398 petitiones,
750 2357 825 2389 ibid.
847 2357 872 2390 b.
897 2358 1100 2401 privilegium
1131 2360 1169 2392 de
1200 2370 1265 2392 non
1292 2359 1506 2401 registrando,
1530 2358 1588 2391 641
1618 2369 1648 2391 a.
1674 2359 1892 2402 Exequutores
1916 2358 2012 2392 huius

550 2409 784 2443 constitutionis
806 2411 958 2454 defnitati,
984 2412 1058 2445 ibid.
1080 2412 1106 2445 b.

462 2462 659 2494 Concordata
679 2462 762 2495 inter
781 2464 973 2508 Episcopum
995 2472 1023 2498 et
1044 2466 1244 2500 patavienses
1263 2466 1450 2500 Canonicos.
1480 2466 1512 2499 Γ.
1536 2465 1730 2499 Pataviensis
1751 2465 1930 2510 episcopus.

464 2515 713 2548 Confraternitas
733 2517 785 2549 SS.
810 2518 1063 2552 Resurrectionis
1082 2519 1112 2552 in
1134 2520 1268 2553 ecclesia
1288 2520 1318 2554 S.
1342 2519 1448 2553 Iacobi
1468 2519 1608 2552 nationis
1628 2519 1842 2562 Hispanorum
1872 2519 1912 2552 de
1928 2519 2013 2552 Urbe

553 2568 584 2601 in
605 2569 992 2605 arehieonfraternitatem
1014 2573 1157 2615 erigitur,
1187 2573 1244 2606 4:17
1266 2573 1291 2606 b.
1316 2573 1462 2607 Facultas
1482 2573 1586 2606 eidem
1608 2572 1759 2605 tribuitur
1779 2571 1856 2605 alias
1881 2572 2009 2605 confra-

554 2623 715 2656 ternitates
743 2626 936 2667 aggregandi
969 2626 1000 2658 in
1033 2627 1182 2660 dominiis
1214 2627 1364 2660 subiectis
1394 2627 1461 2670 regi
1492 2626 1736 2670 Hispaniarum,
1763 2625 1838 2658 ibid.
1867 2625 2013 2669 Capellae

555 2676 605 2709 SS.
621 2677 873 2711 Resurrectionis
891 2679 922 2711 in
937 2680 1068 2713 ecclesia
1085 2680 1251 2726 praedicta
1269 2681 1443 2715 nonnullae
1457 2679 1675 2722 indulgentiae
1685 2689 1744 2724 pro
1759 2679 1865 2712 triduo
1878 2678 2013 2712 Pascha-
