2226 3070
854 283 953 307 lanx
973 282 1080 307 RERUM
1651 268 1714 302 673

287 347 424 380 formam
445 347 710 380 constitutionum
736 345 923 378 militiarum
945 344 1142 384 huiusmodi,
1158 342 1222 375 4130
1243 342 1269 375 b.
1284 342 1407 383 Regum
1426 341 1602 374 Sebastiam
1625 348 1652 374 et
1676 342 1759 374 llen-

292 400 349 433 rici
370 406 439 433 acta
460 401 696 440 deserilumtur,
719 399 779 431 461
805 410 833 432 a.
858 399 900 432 Ea
920 399 1030 431 onmia
1050 397 1242 430 validaverat
1263 396 1368 429 Sixtus
1384 395 1419 435 Y,
1436 394 1513 427 ibid.
1531 395 1557 427 b.
1574 395 1644 427 Post
1664 406 1760 438 quam

292 453 518 487 validationem
540 464 605 486 non
626 453 792 486 dissimilia
809 453 882 486 fecit
901 452 1078 496 Philippus,
1102 452 1213 485 eadem
1235 451 1321 483 bona
1337 449 1412 489 fide,
1436 447 1500 481 462
1521 459 1550 480 a.
1574 448 1609 480 Et
1630 448 1683 480 illa
1703 459 1758 480 ra-

292 507 370 540 lidat
390 507 563 549 Gregorius
584 507 649 540 xlv
664 535 671 544 ,
695 507 773 539 ibid.
805 512 835 539 et
855 517 918 549 seq.
943 506 1089 539 Facultas
1110 505 1215 538 cidem
1245 503 1394 547 Philippo
1416 512 1568 536 concessa
1587 501 1626 534 ab
1648 502 1761 534 eodem

293 560 445 603 pontifice
465 561 648 602 corrigendi
669 566 786 593 statuta
807 559 964 593 dictarum
986 559 1187 595 militiarum„
1211 568 1358 601 novaque
1383 556 1535 596 addendi,
1556 567 1574 588 α
1593 562 1620 588 et
1644 556 1670 588 b.
1700 555 1762 587 Ila-

295 624 367 646 rum
388 614 577 647 militiarum
596 614 681 647 bona
698 614 772 647 Pius
792 614 815 645 Υ
836 613 933 646 voluit
956 613 1032 646 solis
1062 612 1217 645 militibus
1242 611 1387 648 concedi,
1412 609 1477 643 643
1498 611 1525 642 b.
1547 610 1632 642 Ilaec
1657 615 1763 641 autem

295 667 472 711 probibitio
486 668 615 700 difficile
636 667 739 711 potuit
761 667 967 711 exequutioni
983 666 1184 705 demandari,
1202 665 1280 698 ibid.
1293 665 1438 698 Clemens
1450 664 1496 697 Pii
1517 664 1638 696 litteras
1660 663 1765 695 deela-

295 727 342 753 rat
365 731 432 754 esse
453 722 655 765 exequendas
680 732 739 765 pro
772 721 866 754 bonis
886 720 984 753 annui
1009 720 1154 753 redditus
1175 724 1303 752 centum
1330 724 1507 755 scutorum,
1535 716 1600 749 644
1619 727 1649 749 a.
1679 717 1766 749 Bona

295 785 370 808 vero
391 775 525 808 minoris
545 775 662 808 valoris
683 785 776 819 posse
797 774 931 807 concedi
952 774 1047 807 etiam
1069 783 1134 806 non
1163 773 1318 805 militibus
1338 784 1396 816 per
1417 771 1694 804 administratores
1719 770 1765 802 di-

296 833 420 861 etarum
443 829 642 867 militiarum,
666 828 746 861 ibid.

207 882 345 915 Minores
366 882 473 915 clerici
496 883 658 925 regulares
676 882 838 926 petierunt
858 893 875 915 a
892 881 1047 915 Pontifice
1068 886 1101 914 ut
1120 881 1228 913 onmia
1247 886 1275 913 et
1296 880 1422 922 singula
1443 878 1609 923 privilegia
1629 878 1766 920 Congre-

296 935 416 978 gationi
438 936 577 978 regulari
595 935 767 969 Tlieatinae
788 926 938 968 concessa
959 935 1018 967 sibi
1040 936 1306 974 concederentur,
1324 933 1388 966 :389
1407 933 1434 965 b.
1452 933 1508 966 Illa
1529 931 1675 965 concedit
1689 932 1766 965 Gre-

297 989 406 1031 gorius
426 989 503 1027 XIY,
524 988 589 1022 :390
609 1000 649 1030 aff,
672 989 775 1022 solitis
792 989 946 1033 appositis
967 988 1129 1023 clausulis.
1153 988 1232 1020 ibid.
1259 988 1286 1020 b.

207 1042 426 1075 Misericordia
446 1043 516 1086 (De)
540 1043 837 1076 confraternitatem
859 1042 1073 1084 Portugalliae
1095 1052 1186 1083 reges
1212 1041 1438 1081 instituerunt,
1466 1050 1562 1083 quam
1593 1039 1768 1083 privilegiis

297 1096 477 1140 opibusque
498 1103 741 1140 promoverunt,
766 1096 830 1128 515
850 1107 880 1128 α.
905 1096 994 1129 Aliae
1019 1101 1129 1139 postea
1159 1094 1438 1127 confraternitates
1459 1094 1498 1126 ab
1519 1093 1589 1126 aliis
1610 1094 1696 1125 fuere
1723 1093 1769 1124 in-

299 1150 438 1189 stitutae,
456 1161 538 1194 quae
553 1151 665 1183 eadem
687 1149 824 1192 insignia
844 1155 1020 1192 gestantes,
1041 1159 1106 1181 non
1128 1149 1240 1181 eadem
1259 1147 1501 1181 misericordiae
1521 1157 1620 1190 opera
1641 1158 1769 1179 exerce-

300 1203 388 1242 bant,
412 1204 539 1236 interim
561 1203 764 1247 supradictae
785 1202 1039 1235 confraternitati
1067 1202 1297 1235 mimiebantur
1318 1201 1551 1245 eleemosynae,
1574 1200 1652 1233 ibid.
1679 1200 1706 1232 b.
1724 1200 1769 1233 Ad

299 1257 382 1299 regis
403 1257 652 1301 supplicationes
680 1268 738 1300 pro
767 1256 922 1295 remedio,
955 1256 1160 1289 Innocentius
1180 1255 1336 1288 cardinali
1358 1254 1523 1288 arcltiduci
1544 1254 1701 1291 histriae,
1730 1255 1769 1287 de

299 1311 397 1343 latere
417 1311 534 1353 legato,
559 1310 729 1343 committit
750 1316 783 1343 ut
805 1310 953 1352 insignia,
982 1316 1093 1347 vestes,
1118 1316 1147 1343 et
1166 1310 1279 1342 vexilla
1300 1309 1384 1342 inter
1409 1308 1685 1342 confraternitates
1712 1308 1770 1340 sub

299 1364 501 1397 invocatione
522 1365 554 1397 Β.
583 1365 621 1397 Μ.
651 1364 689 1397 de
710 1364 947 1401 Misericordia,
974 1364 1004 1396 in
1031 1364 1157 1396 civitate
1178 1363 1385 1396 Ulixbonensi
1412 1369 1553 1399 erectas,
1582 1361 1768 1404 distinguat,

300 1423 396 1461 atque
418 1417 487 1450 lites
513 1418 595 1450 inter
616 1428 668 1450 eas
694 1423 819 1450 exortas
845 1423 1030 1461 componat,
1048 1416 1111 1449 516
1133 1428 1162 1449 a.
1184 1417 1232 1450 Ad
1253 1427 1335 1460 quae
1357 1416 1554 1460 perficienda
1572 1422 1771 1459 opportunas

302 1471 468 1505 facultates
489 1471 594 1504 eidem
616 1471 775 1511 concedit,
800 1471 879 1504 ibid.
905 1471 932 1503 b.

212 1525 388 1558 Moderatio
419 1525 618 1558 indultorum
651 1525 681 1559 S.
706 1526 741 1558 R.
770 1525 793 1557 E
817 1525 1030 1558 cardinalium
1057 1535 1154 1569 super
1184 1524 1356 1558 collatione
1383 1524 1636 1562 beneficiorum,
1665 1523 1729 1555 503
1753 1536 1772 1556 α

304 1585 333 1612 et
359 1579 387 1612 b.

213 1632 398 1666 Monialium
425 1633 554 1666 devotio
575 1633 794 1676 intorpesoere
815 1633 894 1666 solet
916 1644 951 1665 ex
973 1632 1195 1677 frequentibus
1215 1632 1431 1666 saecularium
1461 1632 1632 1665 mulierum
1668 1632 1773 1664 visita-

305 1686 444 1719 tionibus
465 1692 495 1719 et
515 1687 696 1730 colloquiis,
722 1686 784 1719 258
805 1698 835 1719 (ι.

215 1740 302 1773 Mons
327 1750 475 1773 annonae
496 1740 659 1773 Bononiae
686 1740 821 1783 erigitur
837 1751 855 1773 a
875 1740 1038 1773 Clemente
1058 1741 1134 1779 VIII,
1159 1740 1223 1772 :355
1243 1751 1273 1773 a.

214 1794 302 1827 Mons
319 1794 471 1827 vacabilis
491 1794 659 1827 Cbaritatis
677 1794 821 1836 erigitur,
839 1793 902 1826 542
916 1805 945 1826 α.
963 1794 1067 1827 Sixtus
1081 1794 1103 1825 Y
1117 1793 1259 1826 officium
1282 1793 1424 1827 vacabile
1439 1799 1584 1826 erexerat
1597 1794 1774 1837 praefectu-

304 1858 358 1880 rae
369 1847 538 1880 custodum
552 1858 730 1884 carcerun‘i,
742 1847 817 1880 ibid.
827 1859 835 1883 ,’
845 1848 929 1880 unde
945 1849 1045 1880 multa
1058 1848 1143 1880 mala
1158 1847 1364 1880 dimanabant
1381 1847 1517 1880 detentis
1531 1846 1562 1879 in
1577 1848 1773 1887 carceribus,

303 1901 380 1934 ibid.
405 1901 431 1933 b.
455 1901 600 1934 Clemens
621 1901 698 1934 illud
720 1901 894 1945 suppressit
917 1907 944 1934 et
967 1901 1182 1934 confratribus
1203 1901 1368 1934 charitatis
1385 1901 1496 1939 univit,
1522 1900 1615 1939 ibid.,·
1635 1902 1775 1934 nonnul-

303 1954 397 1998 laque
417 1955 583 1999 privilegia
605 1955 773 1993 concessit,
789 1965 888 1988 onere
914 1955 1057 1988 iniuncto
1078 1955 1221 1988 solvendi
1243 1965 1286 1988 ,un
1309 1961 1397 1987 scuta
1417 1955 1477 1988 ΠΙ).
1494 1955 1537 1988 De
1550 1955 1652 1995 Lisiis‚
1669 1955 1733 1988 543
1742 1967 1772 1988 a.

304 2008 417 2041 Postea
430 2009 567 2042 Montem
586 2009 755 2042 Charitatis
776 2020 813 2043 CL
836 2010 981 2042 locorum
1003 2009 1194 2042 racabilium
1216 2008 1326 2047 erexit,
1343 2008 1420 2041 ibid.
1445 2008 1471 2041 b.
1493 2009 1643 2042 Fructum
1665 2010 1776 2042 decem

305 2068 470 2095 scutorum
492 2073 550 2106 pro
571 2063 712 2106 quotibet
735 2063 806 2096 loco
825 2063 995 2105 assignavit
1017 2073 1052 2095 ex
1080 2062 1243 2106 praedicta
1274 2073 1401 2095 summa
1421 2073 1439 2094 a
1461 2062 1777 2095 cont'raternitatibus

306 2116 567 2158 persolvendum,
590 2116 684 2151 ibid:
698 2116 881 2160 dictamque
905 2123 1006 2149 taxam
1026 2116 1066 2149 ab
1087 2116 1237 2148 omnibus
1255 2116 1407 2149 oneribus
1428 2115 1606 2148 immunem
1624 2116 1774 2153 reddidit,

306 2168 371 2201 544
391 2181 420 2202 a.
445 2170 506 2202 Pro
526 2170 672 2203 locorum
695 2170 819 2203 cantela
838 2171 923 2203 bona
943 2172 1094 2204 Camerae
1114 2176 1142 2203 et
1164 2169 1254 2203 Sedis
1275 2169 1458 2213 Apostolice
1479 2169 1655 2212 obbligavit
1668 2197 1675 2207 ,
1698 2170 1774 2202 ibid.

307 2222 555 2256 Tliesaurarium
573 2224 723 2257 Camerae
745 2224 819 2257 dicti
840 2224 954 2257 Montis
975 2224 1269 2257 administratorem
1288 2223 1462 2266 deputarit,
1484 2223 1560 2255 ibid.
1582 2224 1664 2256 Loca
1685 2234 1778 2267 prae-

309 2276 392 2310 dicta
413 2277 453 2309 ab
474 2277 634 2314 omnibus,
652 2277 791 2321 exceptis
812 2283 885 2310 roto
905 2277 1103 2321 paupertatis
1121 2277 1237 2319 ligatis,
1255 2277 1377 2320 acquiri
1398 2283 1542 2320 possunt,
1557 2276 1635 2309 ibid.
1653 2277 1682 2312 b:
1697 2288 1780 2321 quac

308 2331 397 2364 nullo
424 2331 520 2364 modo
553 2331 630 2364 fisco
662 2331 891 2367 subiiciuntur,
917 2331 1011 2367 ibid..-
1033 2330 1164 2363 alterius
1182 2331 1288 2363 sax-ore
1309 2330 1466 2373 resignari
1492 2336 1641 2373 possunt,
1662 2330 1725 2362 517·
1746 2342 1778 2365 a:

309 2390 337 2417 et
360 2385 422 2417 frui
443 2385 629 2429 privilegiis,
654 2396 736 2428 qnae
757 2385 916 2417 Montibus
942 2384 1139 2417 rat-altilibus
1166 2396 1182 2416 a
1206 2384 1292 2417 Sixto
1317 2385 1340 2416 Y
1368 2384 1483 2417 erectis
1509 2394 1661 2417 concessa
1682 2390 1776 2420 sunt.

310 2439 524 2482 protonotarii
557 2445 711 2482 possunt,
737 2438 815 2471 ibid.
848 2450 878 2470 a.
919 2439 1052 2471 Fructus
1085 2437 1199 2470 Montis
1225 2438 1315 2471 nullo
1346 2448 1446 2471 onere
1478 2438 1604 2480 gravari
1636 2443 1777 2481 queunt,

310 2492 407 2525 etiam
428 2503 487 2536 per
506 2493 688 2525 Romanum
714 2491 926 2528 Pontificem,
949 2491 1024 2524 ibid.
1050 2491 1075 2523 b.
1101 2491 1288 2524 praesentes
1317 2491 1442 2525 litterae
1471 2491 1534 2524 vim
1564 2491 1681 2523 babent
1716 2491 1780 2523 veri

311 2552 506 2582 contractus,
525 2546 601 2578 ibid.
618 2547 661 2579 De
680 2546 786 2578 officio
807 2545 984 2585 secretarii,
1009 2545 1220 2589 computistae
1240 2551 1269 2578 et
1283 2555 1396 2578 eorum
1415 2545 1655 2584 emolumentis,
1671 2544 1734 2576 5415
1748 2555 1777 2576 ιι.

311 2600 393 2632 Taxa
411 2600 563 2632 solvenda
583 2610 642 2643 per
663 2599 878 2632 fraternitates
899 2605 929 2631 et
950 2609 966 2631 a
985 2598 1193 2632 thesaurarns
1219 2598 1386 2641 exigenda,
1408 2599 1483 2632 ibid.
1505 2598 1531 2631 b.
1552 2598 1642 2632 Mons
1662 2608 1778 2641 supra-

313 2653 415 2686 dictus
436 2653 614 2697 acquiritur
634 2664 650 2685 a
672 2654 790 2686 Ioanne
811 2653 952 2697 Baptista
972 2652 1140 2686 [bertinio
1162 2653 1266 2696 pretio
1283 2659 1447 2686 scutorum
1467 2652 1627 2685 sexdecim
1643 2651 1780 2683 millium

314 2707 579 2751 quingentorum,
604 2706 666 2739 547
688 2718 716 2740 tt.
741 2707 800 2746 Qui
828 2707 895 2740 eius
916 2706 1082 2751 portiones
1103 2707 1242 2740 vendere
1263 2713 1369 2750 potest
1390 2707 1484 2740 etiam
1513 2705 1626 2739 maiori
1654 2704 1778 2749 preti0,

417 2771 493 2798 Bult.
513 2771 596 2798 Rom.
618 2770 676 2797 Vol.
696 2770 742 2798 IX.
1103 2770 1137 2797 85
