2226 3070
146 241 198 276 A'n.
216 247 244 276 C.
262 238 329 276 1388

343 297 450 330 valore
470 296 565 330 etiam
587 296 735 330 beneficii
751 296 802 329 cui
823 296 910 329 aliud
931 295 1015 328 uniri
1036 306 1090 339 pe-

343 349 441 390 titur;
460 360 497 383 ac
522 350 743 383 Lateranensis
769 356 797 382 et
820 349 969 388 aliorum,
993 349 1089 381 etiam

343 403 542 446 generalium
567 409 595 437 et
618 403 733 436 ultimo
754 403 990 435 celebratorum
1013 412 1090 434 con—

344 456 507 499 ciliorum,
529 457 665 490 uniones
691 462 875 501 perpetuas,
907 455 967 488 nisi
988 454 1020 488 in
1041 466 1091 488 ea-

344 511 433 544 sibus
462 522 479 544 a
508 511 577 544 iure
607 510 768 555 permissis
797 509 891 549 fieri,
928 520 964 542 ac
995 509 1090 542 etiam

344 565 501 598 beneficia
521 564 619 597 unius
639 563 794 597 dioecesis
814 574 888 596 cum
910 562 979 596 aliis
996 563 1092 596 bene-

345 618 435 658 ficiis,
457 618 612 659 ecclesiis,
636 617 780 660 collegiis
798 617 846 649 vel
865 617 943 650 locis
959 617 1093 650 alterius

345 673 503 706 dioecesis
528 672 611 705 uniri
636 671 902 716 proliibentium3
938 682 973 703 ac
1004 681 1093 703 reco-

345 726 458 759 lendae
485 725 659 758 memoriae
688 725 778 757 Pauli
805 725 829 757 ll
851 730 880 757 et
907 724 997 757 Pauli
1023 725 1058 757 iv
1080 724 1091 747 '¹

345 779 549 822 aliorumque
579 779 798 811 Romanorum
823 778 1029 819 Pontificum,
1056 778 1095 810 si—

347 832 465 865 militer
507 832 791 875 praedecessorum
826 839 1024 873 nostrorum,
1057 832 1095 865 de

348 885 441 918 rebus
457 885 684 918 ecclesiaenon
699 886 889 923 alienandis,
904 892 931 919 et
950 886 1096 919 alienatis

347 939 588 982 recuperandis.
622 940 751 973 Necnon
786 941 942 984 praedicti
983 940 1027 973 Pii
1057 940 1096 973 de

347 992 456 1036 gratiis
475 993 630 1026 interesse
650 993 753 1026 dictae
780 994 931 1027 Gamerae
962 1004 1096 1027 concer-

348 1047 500 1080 nentibus
529 1047 610 1080 infra
649 1054 771 1080 certum
805 1054 881 1081 tunc
911 1058 1095 1091 expressum

348 1101 476 1143 tempus
505 1095 536 1129 iu
567 1107 603 1129 ea
638 1096 866 1140 registrandis,
899 1108 934 1130 ac
970 1103 1097 1129 sanctae

349 1146 523 1179 memoriae
544 1145 613 1179 Iulii
635 1146 659 1178 ΙΙ
677 1157 713 1178 ae
734 1145 805 1179 lulii
825 1146 875 1186 ΙΙΙ,
898 1146 1018 1190 pariter
1038 1146 1099 1179 no-

349 1207 518 1229 manorum
532 1196 725 1230 Pontificum
739 1196 1025 1240 praedecessorum
1043 1207 1098 1229 no-

348 1252 501 1286 strorum,
530 1252 641 1279 contra
666 1245 946 1289 apprehendentes
976 1256 1100 1289 posses-

348 1295 471 1329 sionem
492 1296 653 1328 bonorum
680 1300 847 1338 praetextu
868 1306 1100 1337 quarumcum-

348 1355 410 1388 que
431 1345 621 1388 gratiarum,
635 1355 733 1388 super
748 1344 866 1388 quibus
884 1345 1008 1377 litterae
1021 1349 1114 1388 apo-'

348 1394 479 1427 stolicae
494 1394 694 1436 integraliter
707 1393 873 1437 expeditae
889 1404 954 1426 nou
967 1394 1097 1428 suerint.

348 1442 492 1486 Aliisque
513 1443 697 1487 apostolicis
717 1454 753 1475 ac
774 1442 805 1475 iu
836 1442 1098 1486 su‘ovincialibus,

349 1492 555 1535 synodalibus
575 1497 606 1525 et
623 1492 857 1525 universalibus
878 1493 1025 1526 conciliis
1037 1493 1100 1526 edi-

348 1543 399 1580 tis,
422 1541 616 1584 specialibus
636 1541 683 1574 vel
703 1541 921 1583 generalibus,
944 1542 1100 1575 constitu-

350 1589 492 1623 tionibus
513 1596 541 1623 et
564 1590 833 1630 ordinationibus,
852 1591 1100 1624 necnouCame-

352 1649 416 1679 rae,
437 1639 541 1680 Urbis,
573 1639 752 1679 civitatum,
776 1639 1030 1683 provinciarum,
1053 1641 1099 1673 lo-

350 1698 475 1728 corum,
498 1689 782 1729 monasteriorum,
805 1689 900 1721 etiam
922 1689 952 1722 S.
972 1689 1100 1723 Antonii

350 1736 388 1770 de
409 1744 518 1772 sancto
539 1739 689 1778 Antonio,
722 1750 738 1771 a
765 1749 830 1781 quo
861 1738 966 1782 primo
997 1738 1101 1771 dictus

350 1786 513 1830 prioratus
533 1788 706 1831 dependet,
734 1787 936 1831 prioratuum
961 1793 988 1820 ct
1007 1787 1100 1821 Ordi-

350 1846 426 1868 num
453 1837 682 1880 [u‘aesatoruim
704 1836 1008 1877 etiamiuramento,
1022 1847 1100 1870 con-

350 1884 531 1919 firmatione
552 1886 728 1929 apostolica
750 1886 797 1919 vel
819 1886 930 1929 quavis
950 1886 1101 1919 firmitate

350 1934 411 1966 alia
432 1935 604 1975 roboratis,
624 1935 750 1967 statutis
759 1941 786 1968 et
799 1935 1100 1976 consuetiulinibus,

350 1983 525 2027 privilegiis
549 1995 692 2028 quoque,
725 1984 858 2017 indultis
883 1990 911 2017 ct
932 1984 1047 2017 litteris
1067 1996 1100 2017 a-

351 2033 528 2076 postolicis,
552 2034 670 2066 dilecto
691 2033 757 2066 tilio
778 2040 887 2067 nostro
907 2034 1047 2067 Gabrieli
1065 2034 1101 2067 ti-

353 2081 411 2113 tuli
442 2082 473 2114 S.
507 2082 668 2115 Laurentii
698 2082 729 2114 in
761 2083 881 2115 Lucina
916 2084 1102 2128 presbytero

353 2130 508 2163 cardinali
529 2131 672 2164 Paleotto
690 2138 889 2175 nuncupato,
913 2143 1010 2176 super
1032 2143 1101 2166 mo-

354 2180 512 2219 nasteriis,
534 2180 743 2224 prioratibus,
777 2181 1023 2225 praeposituris,
1053 2182 1102 2215 di-

353 2229 528 2271 gnitatibus
554 2230 733 2274 ceterisque
761 2230 928 2264 beneticiis
953 2232 1104 2265 eeclesia-

354 2278 441 2311 sticis
465 2278 496 2311 in
527 2280 651 2312 civitate
681 2285 710 2312 et
741 2279 879 2313 dioecesi
910 2281 1102 2315 Bononiensi

355 2327 618 2368 consistentibus,
641 2328 679 2361 ad
700 2328 768 2360 eius
789 2329 1010 2370 collationem,
1032 2341 1103 2375 pro<

354 2376 507 2409 visionem
524 2377 570 2410 vel
585 2377 729 2420 quamvis
744 2377 838 2410 aliam
857 2378 1102 2422 dispositionem

355 2426 479 2460 ratione
500 2427 654 2460 ecclesiae
674 2427 897 2465 Bononiensis,
920 2429 970 2461 cui
997 2440 1034 2462 ex
1055 2430 1104 2462 di-

354 2476 559 2520 spensatione
580 2477 755 2520 apostolica
776 2478 949 2519 praesidet,
964 2479 1011 2511 vel
1027 2479 1105 2511 alius

355 2526 598 2569 quomodolibet
620 2526 870 2569 pertinentibus,
893 2528 1028 2561 nonnisi
1049 2539 1105 2571 per

393 2599 402 2624 1
422 2597 498 2625 Hauc
513 2598 592 2625 Pauli
607 2597 640 2625 IV
656 2602 745 2625 const.
772 2602 798 2626 et
818 2598 885 2626 alias
904 2599 1010 2627 similes
1035 2600 1105 2627 indi-

356 2643 416 2670 cavi
431 2643 459 2670 in
478 2643 566 2677 ipsius
586 2647 674 2670 const.

933 242 1111 267 BULLARIUM
1134 241 1285 266 ROMANUM

1132 305 1207 327 eum
1226 294 1275 327 vel
1295 293 1451 326 vicarium
1471 295 1510 327 ab
1530 304 1567 327 eo
1593 294 1798 338 deputatum,
1825 306 1882 329 seu

1132 348 1171 381 de
1196 347 1297 391 ipsius
1326 347 1482 381 Gabrielis
1510 347 1683 381 cardinalis
1708 359 1879 390 consensu,

1134 401 1344 441 conserendo,
1382 412 1438 434 seu
1472 401 1559 445 quod
1591 401 1630 434 de
1674 401 1737 434 illis
1773 403 1881 446 provi-

1134 454 1202 487 deri
1223 455 1271 488 rel
1301 454 1428 498 disponi
1458 455 1551 488 aliter
1575 465 1640 488 non
1666 456 1778 498 possit.
1805 456 1883 490 Nec-

1134 519 1199 542 non
1228 508 1361 552 legatis,
1391 508 1663 553 archiepiscopis,
1700 509 1882 553 episcopis,

1134 563 1319 603 ordinariis,
1351 563 1633 606 gubernatoribus,
1669 563 1884 603 auditoribus,

1135 617 1285 657 antianis,
1307 617 1495 657 vexillifero,
1512 616 1732 661 potestatibus,
1750 617 1885 661 quadra-

1135 671 1223 714 ginta
1246 671 1320 704 viris
1346 671 1624 711 reformatoribus,
1649 671 1798 714 regimini
1822 678 1885 705 sta-

1137 725 1194 765 tui,
1218 725 1355 766 senatui,
1387 724 1580 767 vicelegatis,
1611 725 1882 766 locatenentibus,

1136 778 1274 819 vicariis,
1288 777 1494 818 officialibus,
1508 778 1682 819 iudicibus,
1696 779 1886 819 camerario,

1138 831 1405 876 praesidentibus,
1420 831 1557 871 clericis,
1570 831 1790 871 thesaurariis,
1801 842 1887 866 com-

1139 885 1305 926 missariis,
1328 885 1596 929 appallatoribus,
1619 885 1817 926 doliaueriis,
1831 885 1886 918 da-

1139 939 1252 978 tiariis,
1291 938 1481 982 praesectis,
1515 939 1718 972 exactoribus
1749 945 1780 972 et
1817 939 1889 972 aliis

1140 993 1287 1036 personis
1307 992 1492 1036 praedictis,
1515 1003 1642 1026 necnon
1664 992 1764 1035 ipsius
1782 992 1888 1025 Bono-

1141 1046 1261 1079 niensis
1280 1046 1485 1090 aliarumque
1506 1045 1670 1079 civitatum
1691 1051 1722 1079 et
1740 1046 1888 1079 locorum

1141 1100 1440 1141 communitatibus,
1462 1100 1726 1133 universitatibus
1739 1105 1770 1133 et
1789 1099 1890 1133 homi-

1142 1154 1249 1194 nibus,
1267 1164 1394 1187 necnon
1411 1153 1576 1194 Gamerae,
1590 1153 1680 1194 Urbi,
1697 1153 1889 1194 civitatibus,

1142 1208 1329 1252 provinciis,
1368 1208 1509 1252 oppidis,
1542 1207 1634 1247 locis,
1671 1208 1889 1248 monasteriis,

1143 1262 1342 1305 prioratibus
1362 1267 1393 1295 et
1409 1261 1583 1295 Ordinibus
1602 1261 1788 1305 praedictis,
1803 1261 1891 1305 ipso-

1143 1326 1281 1358 rumque
1307 1315 1591 1356 monasteriorum,
1627 1314 1830 1358 prioratuum
1862 1320 1891 1348 et

1143 1369 1300 1402 Ordinum
1331 1369 1514 1409 abbatibus,
1544 1367 1781 1413 supe1·ioribuS‚
1814 1378 1891 1402 eon-

1144 1422 1291 1455 ventibus
1312 1429 1340 1456 et
1368 1423 1515 1467 personis
1541 1422 1600 1455 sub
1632 1422 1893 1467 quibuscumque

1144 1476 1311 1509 tenoribus
1331 1482 1362 1509 et
1387 1476 1509 1517 formis,
1545 1487 1583 1509 ac
1612 1487 1687 1509 eum
1715 1475 1891 1520 quibusvis,

1145 1530 1238 1563 ctiam
1261 1529 1540 1573 derogatoriarum
1561 1529 1785 1572 derogatoriis‚
1807 1529 1894 1562 aliis-

1144 1594 1206 1628 que
1236 1584 1473 1617 etlicacioribus
1502 1588 1533 1616 et
1556 1582 1692 1616 insolitis
1727 1583 1893 1624 clausulis,

1145 1648 1271 1670 necnon
1302 1637 1505 1671 irritantibus
1532 1643 1563 1670 et
1587 1637 1660 1670 aliis
1683 1636 1836 1678 decretis,
1864 1637 1896 1669 in

1144 1702 1261 1734 genere
1269 1692 1316 1724 vel
1329 1691 1360 1724 in
1381 1691 1500 1735 specie,
1516 1701 1575 1734 per
1587 1701 1811 1734 quoscumque
1831 1690 1895 1723 Ro-

1145 1756 1256 1778 manos
1276 1744 1447 1778 Pontifices
1476 1744 1743 1788 praedecessores
1768 1749 1896 1777 nostros

1144 1809 1251 1832 aenos
1271 1805 1299 1831 ct
1317 1799 1431 1832 Sedem
1450 1798 1661 1841 praedictam,
1679 1793 1774 1831 etiam
1791 1803 1893 1839 motu,

1144 1852 1277 1886 scientia
1302 1858 1333 1885 et
1361 1852 1526 1896 potestatis
1558 1851 1761 1896 plenitudine
1787 1850 1896 1884 simili-

1144 1906 1215 1946 bus,
1247 1917 1284 1939 ac
1312 1906 1407 1939 etiam
1433 1905 1713 1946 consistorialiter,
1736 1904 1831 1938 etiam
1857 1905 1896 1938 ad

1145 1959 1362 2003 imperatoris,
1390 1970 1516 2003 regum,
1545 1958 1744 2002 reginarum,
1775 1958 1895 1992 ducum

1145 2014 1192 2046 vel
1218 2014 1356 2047 aliorum
1388 2013 1575 2057 principum
1611 2013 1809 2053 instantiam,
1847 2013 1894 2045 vcl

1145 2078 1257 2100 eorum
1279 2067 1552 2111 contemplatione
1572 2073 1603 2100 et
1624 2067 1753 2107 intuitu,
1766 2077 1801 2099 ac
1819 2066 1897 2099 alias

1146 2121 1402 2164 quomodolibet,
1423 2121 1518 2153 etiam
1545 2120 1668 2154 iteratis
1687 2125 1719 2153 et
1742 2119 1898 2163 multipli-

1146 2175 1224 2208 catis
1235 2174 1369 2215 vicibus,
1388 2175 1483 2208 etiam
1504 2181 1616 2208 contra
1633 2179 1811 2218 exemptos,
1825 2183 1898 2206 con-

1146 2229 1254 2269 cessis,
1277 2228 1464 2272 approbatis
1484 2234 1514 2261 et
1534 2228 1706 2268 innovatis,
1726 2227 1850 2261 etiamsi
1866 2227 1898 2260 in

1147 2282 1192 2314 eis
1222 2288 1371 2315 caveatur
1400 2293 1547 2325 expresse
1581 2282 1668 2325 quod
1700 2281 1780 2321 illis,
1801 2280 1897 2314 etiam

1146 2335 1254 2378 vigore
1282 2336 1447 2369 clausulae
1478 2335 1653 2379 implicitae
1681 2334 1900 2377 derogationis

1147 2388 1299 2422 latissime
1321 2389 1552 2428 extendendae,
1565 2388 1651 2420 ultra
1670 2398 1767 2432 quam
1780 2387 1813 2420 in
1824 2398 1898 2431 sup-

1149 2438 1321 2481 plicatione
1369 2438 1508 2481 desuper
1535 2438 1659 2480 signata
1712 2447 1898 2480 expressum

1148 2488 1256 2527 snei-ir.
1274 2488 1369 2520 etiam
1383 2498 1440 2530 per
1449 2498 1673 2530 ‹piascumque
1685 2487 1808 2519 litteras
1819 2496 1898 2528 apo-

1148 2537 1288 2577 stolicas,
1312 2537 1407 2569 etiam
1438 2537 1565 2580 quasvis
1586 2537 1748 2569 clausulas
1766 2544 1899 2578 genera-

1150 2586 1194 2619 les
1214 2587 1261 2619 vel
1290 2586 1460 2629 speciales,
1492 2586 1587 2618 etium
1619 2583 1897 2628 derogatoriarum

1149 2635 1382 2679 derogatorias,
1409 2634 1606 2668 efficaciores
1626 2640 1655 2668 et
1682 2634 1836 2673 insolitas,
1862 2643 1899 2666 ac

1898 242 1950 271 An.
1967 236 1996 271 C'.
2013 240 2081 272 ¹588
