2226 3070
71 296 112 324 An
139 297 168 323 C.
184 296 250 324 15th

94 413 250 438 Dabit-›resque

69 445 169 464 (lamnae
177 444 201 463 ad
211 443 251 463 sol-

68 476 158 495 undum
170 480 251 500 cogen-

69 508 96 529 di.

81 677 154 702 Sigttto
165 678 250 704 proprio

68 709 147 733 utendi,
162 711 182 729 et
205 709 251 729 eius

67 739 252 766 emolumentpcr-

67 770 165 797 cipiendt.

96 1487 252 1507 Pontianum-

71 1524 110 1546 que
139 1519 163 1538 ast
193 1521 251 1538 eruta

70 1553 158 1577 quatuor
194 1549 252 1569 mille

79 1580 187 1607 transteri,
206 1584 252 1606 ein:

909 293 1014 317 SIXTUS
1038 293 1057 316 V
1075 292 1123 316 Pr.

309 349 325 391 ξ
348 348 401 382 44.
429 348 559 381 Necnon
592 348 720 390 quosvis
749 347 901 380 Gamerae
922 356 1014 390 prae-

267 403 347 435 fatae
360 413 394 435 ex
416 402 527 447 quavis
552 413 649 435 causa
669 402 713 435 vel
736 401 903 434 occasione
924 399 1014 432 debi-

266 460 363 494 tores,
386 456 424 488 ad
455 455 642 489 solvendum
676 455 723 487 vel
755 454 1014 487 satisfaciendum

267 508 419 543 omnibus
436 509 493 542 viis
509 520 546 542 ae
563 509 641 541 iuris
662 509 775 542 etsacti
797 507 948 541 remediis
964 517 1017 540 co-

267 574 341 606 gere
363 568 393 596 et
412 563 620 606 compellere:

310 616 391 660 545.
406 616 607 660 Proprioque
627 615 733 658 sigillo
749 614 793 647 uti
813 614 843 646 in
864 614 1017 647 omnibus

266 670 393 704 actibus
410 676 440 703 et
467 669 646 713 scripturis,
675 679 756 712 quae
782 668 938 701 hactenus
958 668 1017 700 sub

265 725 371 767 sigillo
392 722 581 757 thesaurarii
602 721 744 766 expediri
766 727 1015 760 consueverunt;

265 779 550 821 emolumentaque
571 776 682 810 exinde
703 774 935 820 provenientia,
954 781 1016 808 tam

265 831 436 866 occasione
460 831 642 864 litterarum
665 829 843 873 patentium
865 829 1017 862 commis-

265 885 439 925 sariorum,
461 884 732 928 depositariorum
754 889 784 916 et
808 882 947 916 aliorum
973 884 1019 915 ot'-

266 938 434 979 fieialium,
456 950 552 983 quam
581 949 617 971 ex
643 936 850 970 concessione
883 941 915 969 et
938 936 1016 968 assi-

265 993 417 1037 gnatione
430 992 618 1036 quorumvis
638 992 784 1024 locorum
807 990 965 1024 montium
988 995 1019 1023 et

266 1046 403 1080 aliarum
442 1056 725 1090 quarumcumque
757 1043 1015 1088 expeditionum„

267 1100 388 1145 quibus
399 1100 542 1143 sigillum
555 1105 645 1132 tuum
662 1098 907 1142 quomodolibet
920 1107 1020 1141 appo-

269 1154 409 1187 nendum
434 1153 540 1193 suerit,
566 1153 746 1197 percipere,
766 1152 805 1185 ad
827 1151 928 1184 instar
950 1151 1019 1184 the-

267 1207 488 1241 saurariorum
510 1207 647 1240 aliorum
676 1211 917 1239 antecessorum
951 1210 1020 1238 tuo-

267 1272 339 1294 rum
360 1265 391 1294 et
407 1261 493 1294 iuxta
513 1259 655 1300 solitum,
677 1270 736 1293 nee
757 1259 845 1299 alias,
867 1259 963 1292 etiam
984 1258 1021 1291 li-

267 1316 342 1349 bere
358 1321 387 1348 et
406 1315 492 1348 licite
513 1314 628 1355 valeas,
649 1313 813 1348 licentiam
834 1313 946 1347 eadem
963 1313 1020 1346 tilii

266 1368 458 1403 auctoritate
479 1368 697 1413 impartimur.

311 1422 398 1467 546.
422 1422 553 1456 Necnon
578 1428 614 1456 ut
629 1422 828 1466 quicumque
850 1421 911 1455 loci
935 1421 1022 1454 ordi-

268 1476 389 1517 narius,
410 1488 465 1510 seu
491 1476 661 1519 utriusque
682 1487 738 1509 seu
759 1476 892 1509 alterius
918 1475 1022 1519 signa-

268 1535 359 1564 turae
394 1530 644 1569 referendarius,
671 1535 725 1563 aut
754 1529 1021 1572 metmpolitanae

268 1585 315 1617 vel
350 1584 484 1617 alterius
519 1583 712 1617 cathedralis
744 1588 799 1616 aut.
833 1582 1022 1625 collegiatae

269 1638 423 1671 ecclesiae
436 1637 623 1678 canonieus,
637 1648 692 1671 seu
707 1647 844 1682 persona
864 1636 895 1669 in
916 1636 1021 1679 digni-

270 1696 332 1725 tate
353 1691 571 1725 ecclesiastiea
596 1691 781 1731 constituta,
807 1691 845 1724 ad
867 1691 897 1723 id
919 1695 1022 1735 perte

269 1745 437 1788 eligendus
456 1755 510 1779 seu
527 1745 689 1788 eligenda,
707 1755 930 1789 quascumque
947 1754 1023 1787 pen-

269 1799 375 1833 siones
395 1810 520 1832 annuas
552 1811 651 1844 super
677 1800 864 1844 quarumvis
895 1810 1022 1833 mensa-

270 1865 341 1887 rum
361 1853 595 1898 episcopalium
610 1864 665 1886 seu
678 1854 1021 1899 archiepiscopalium,

270 1919 324 1941 seu
350 1908 487 1941 aliarum
509 1907 734 1949 eeclesiarum,
757 1919 884 1942 necnon
911 1920 1022 1943 mona-

269 1963 454 2003 steriorum,
476 1963 694 2006 prioratuum,
711 1963 1022 2007 praepositurarum,

269 2017 696 2061 dignitatum,aliorumque
717 2017 951 2051 beneficiorum
973 2030 1024 2052 ec-

270 2070 539 2111 clesiasticorum,
569 2082 643 2103 cum
669 2082 748 2104 cura
777 2077 807 2104 et
837 2071 904 2104 sinc
930 2084 1021 2113 cura,

271 2124 485 2158 saecularium
507 2130 538 2158 et
566 2125 754 2168 quorumvis
784 2124 942 2158 Ordinum
972 2138 1023 2160 re-

272 2178 445 2220 gularium,
466 2178 636 2217 fructibus,
657 2178 812 2211 reditibus
834 2184 865 2212 et
884 2190 1023 2223 proven-

274 2229 370 2271 tibus,
400 2231 536 2271 iuribus,
567 2231 817 2264 obventionibus
843 2237 873 2265 et
902 2234 1025 2267 emolu-

276 2285 387 2318 mentis
407 2285 576 2325 universis,
598 2296 724 2318 necnon
743 2285 1025 2320 distrilmtionilais

274 2338 486 2381 quotidianis,
518 2350 574 2371 seu
610 2338 739 2371 illorum
766 2339 859 2379 loco,
887 2340 1021 2381 fructus,

277 2391 415 2432 reditus,
437 2397 612 2436 proventus
626 2419 633 2432 ,
653 2392 744 2431 iura,
765 2392 974 2426 obventiones
995 2400 1026 2427 et,

275 2445 492 2478 emolumenta
511 2456 548 2478 ac
567 2445 808 2478 distributiones
822 2446 1022 2488 huiusmodi,

276 2493 331 2526 tibi
345 2493 535 2527 auctoritate
556 2494 718 2537 praedicta
731 2500 907 2528 reservatas
927 2501 957 2529 et
977 2507 1025 2530 re-

276 2548 410 2583 servata,
446 2554 483 2576 ac
517 2544 724 2576 reservandas
758 2550 788 2577 ct
819 2546 1022 2586 reservanda,

276 2592 399 2626 etiamsi
419 2593 582 2636 pensionis
592 2603 647 2626 seu
662 2593 825 2626 fructuum
839 2593 1023 2627 huiusmodi

275 2642 451 2675 solutiones
466 2647 496 2675 ct
513 2642 695 2675 exactiones
710 2643 951 2676 suecessoribus
969 2644 1025 2677 be-

275 2693 468 2727 neficiorum
481 2697 512 2726 et
527 2693 738 2727 ecclesiarum
755 2693 893 2727 aliorum
902 2694 1025 2738 praedi-

1699 280 1761 314 '173

1059 350 1185 378 ctorum
1199 343 1341 388 incipere
1352 343 1537 383 habuerint,
1552 354 1653 386 usque
1666 343 1704 375 ad
1717 353 1804 375 sum-

1059 409 1142 431 mam
1173 397 1259 430 mille
1293 398 1484 430 ducatorum
1517 397 1586 429 auri
1615 397 1645 429 in
1667 407 1747 430 auro
1767 398 1806 429 (le

1057 453 1190 487 Camera
1209 463 1377 491 novorum,
1394 451 1425 484 in
1440 450 1524 484 dicta
1545 450 1635 484 curia
1656 451 1702 483 vel
1720 456 1807 484 extra

1059 517 1141 547 cam,
1169 506 1291 550 ubique
1312 506 1470 545 locorum,
1491 504 1585 537 ctiam
1608 502 1639 536 in
1665 503 1807 537 ecclesiis

1059 571 1138 604 quas
1153 565 1181 592 te
1200 560 1358 599 obtinere,
1377 564 1429 592 aut
1448 568 1620 602 personam
1643 563 1730 590 tuam
1747 557 1807 590 illis

1060 624 1196 657 pricesse
1230 612 1401 656 contigerit
1426 623 1490 646 non
1516 611 1689 652 residente,
1712 611 1807 644 etiam

1060 667 1091 699 in
1114 667 1224 700 mortis
1242 667 1391 707 articulo,
1414 667 1451 700 de
1472 672 1539 705 tuo,
1562 665 1657 699 etiam
1676 671 1748 710 post
1764 666 1809 698 ‹li-

1061 720 1246 753 missionem
1287 721 1384 754 oflicii
1412 719 1665 753 thesaurariatus
1695 718 1808 752 huius-

1061 775 1160 814 modi,
1193 785 1341 818 expresso
1362 785 1521 807 consensu
1542 784 1679 814 cassare,
1708 772 1809 806 extin-

1059 838 1158 871 guere
1180 833 1210 860 et
1234 829 1413 868 annullare,
1437 834 1466 860 et
1483 833 1651 871 postquam
1688 837 1808 863 cassae,

1061 882 1218 915 extinctae
1240 888 1270 915 et
1294 883 1480 915 annullatae
1509 882 1642 922 suerint,
1672 882 1750 914 alias
1770 881 1811 914 si-

1061 936 1152 969 miles
1185 936 1356 980 pensiones
1394 946 1517 968 annuas
1554 946 1653 979 super
1691 935 1810 968 eisdem

1061 990 1238 1028 fructibus,
1271 990 1448 1028 reditibus,
1484 988 1710 1033 proventibus,
1736 988 1812 1022 iuri-

1061 1045 1133 1085 bus,
1156 1044 1416 1084 obventioniluis,
1448 1042 1678 1077 emolumentis
1702 1048 1733 1075 et
1763 1042 1811 1075 ‹ti-

1061 1098 1311 1132 stributionibus
1341 1097 1547 1137 huiusmodi,
1581 1107 1636 1129 scu
1671 1097 1811 1136 fructus,

1063 1152 1194 1193 reditus,
1221 1157 1418 1196 proventus,
1453 1151 1544 1189 iura,
1581 1149 1810 1188 obventiones,

1062 1206 1281 1239 emolumenta
1301 1212 1331 1239 et
1355 1204 1598 1238 distributiones
1618 1203 1811 1247 praedictas,

1063 1271 1165 1304 usque
1186 1260 1224 1293 ad
1245 1259 1391 1293 eamdem
1405 1269 1578 1297 summam,
1596 1257 1651 1291 uni
1672 1268 1728 1290 seu
1741 1257 1813 1300 plu-

1063 1314 1152 1348 ribus
1174 1313 1320 1358 personis
1340 1313 1379 1346 ad
1405 1312 1434 1345 id
1462 1323 1518 1356 per
1539 1317 1568 1344 te
1594 1311 1813 1349 nominandis,

1063 1374 1094 1401 et
1114 1377 1353 1411 quaecumque,
1377 1366 1609 1410 quodcumque
1643 1370 1674 1398 et
1691 1365 1815 1408 qualia<

1064 1432 1204 1466 cumque
1225 1421 1383 1455 beneficia
1403 1419 1620 1454 ecclesiastica
1640 1418 1814 1452 obtinenti-

1064 1477 1135 1517 bus,
1156 1476 1276 1509 eisdem
1291 1475 1400 1515 modo,
1423 1475 1537 1513 forma,
1560 1472 1813 1514 conditionibus,

1064 1541 1101 1563 ac
1131 1541 1204 1563 cum
1234 1528 1507 1568 immunitatibus,
1543 1526 1813 1571 exemptionibus,

1065 1583 1280 1623 libertatibus,
1293 1581 1532 1621 donationibus,
1545 1579 1689 1620 indultis,
1703 1580 1815 1613 deere-

1064 1637 1103 1671 tis
1124 1644 1154 1670 et
1173 1637 1244 1670 aliis
1264 1637 1384 1680 quibus
1416 1635 1470 1669 tibi
1492 1639 1670 1668 reservatae
1691 1645 1747 1667 seu
1769 1645 1817 1666 re-

1064 1697 1189 1726 servata
1218 1691 1355 1731 suerint,
1382 1690 1476 1724 etiam
1506 1691 1628 1733 absque
1657 1700 1816 1722 consensu

1065 1746 1187 1779 solvere
1208 1745 1368 1786 habentis,
1389 1756 1445 1778 seu
1461 1744 1586 1777 sru‘ctus
1597 1748 1653 1776 aut
1671 1743 1816 1776 obtinen-

1067 1800 1145 1833 tium
1172 1800 1343 1839 ecclesias,
1384 1798 1600 1838 monasteria,
1641 1797 1814 1842 prioratus,

1064 1854 1319 1899 praeposituras,
1337 1853 1507 1897 dignitates
1527 1859 1559 1886 et
1578 1852 1639 1885 alia
1659 1851 1817 1885 beneficia

1065 1908 1263 1948 huiusmodi,
1300 1908 1384 1942 dicta
1417 1907 1610 1941 auctoritate
1639 1915 1815 1944 reservare,

1065 1963 1258 2003 concedere,
1288 1962 1486 1996 constituere
1513 1967 1544 1994 et
1572 1961 1749 2003 assignare,
1780 1971 1817 1992 ac

1065 2017 1161 2050 etiam
1185 2018 1357 2050 transferre
1378 2016 1477 2049 libere
1493 2015 1621 2049 etlicite
1641 2014 1758 2054 valeas;
1781 2025 1818 2046 ae

1066 2071 1160 2105 etiam
1182 2071 1415 2104 reservationes
1425 2081 1480 2103 seu
1500 2068 1724 2102 translationes
1738 2078 1817 2112 peu-

1065 2125 1193 2158 sionum
1221 2136 1276 2157 seu
1305 2126 1469 2157 fructuum
1491 2123 1677 2156 huiusmodi
1709 2122 1818 2164 vigore

1066 2178 1286 2223 praesentium
1313 2177 1478 2210 faciendae
1505 2177 1641 2216 valcant,
1668 2177 1817 2220 plenam-

1066 2244 1128 2276 que
1141 2232 1266 2266 rohoris
1280 2231 1465 2264 lirmitateui
1483 2231 1658 2272 obtineant,
1675 2231 1706 2264 in
1717 2232 1818 2265 omni-

1066 2288 1126 2320 bus
1151 2292 1181 2319 ct
1200 2297 1258 2330 per
1278 2285 1399 2326 omnia,
1422 2285 1557 2329 perinde
1581 2297 1617 2318 ac
1641 2285 1666 2318 si
1683 2297 1740 2330 per
1760 2297 1819 2319 nos

1067 2347 1099 2374 et
1130 2351 1189 2384 pro
1229 2346 1374 2383 tempore
1405 2339 1594 2373 existentem
1635 2340 1817 2373 Romanum

1067 2394 1269 2433 Pontificem,
1288 2394 1326 2426 de
1338 2404 1498 2427 consensu
1519 2393 1816 2434 solveieliabcntis,

1068 2448 1239 2492 pensiones
1259 2458 1315 2480 seu
1335 2447 1551 2480 obtinentium
1568 2448 1730 2487 ecclesias,
1753 2459 1819 2481 mo-

1067 2497 1219 2537 nasteria,
1242 2496 1414 2540 prioratus,
1437 2496 1608 2539 dignitates
1629 2502 1657 2529 et
1683 2497 1744 2529 alia
1764 2498 1818 2530 he-

1068 2547 1184 2581 neficia
1204 2546 1391 2579 huiusmodi
1409 2547 1510 2579 sactae
1528 2546 1674 2579 luissent.

1112 2597 1127 2640 ἓ
1155 2595 1209 2628 47.
1240 2595 1374 2638 Tibique
1404 2595 1513 2635 etiam,
1547 2600 1581 2627 ut
1610 2595 1650 2628 de
1683 2595 1818 2638 siugulis·

1068 2645 1231 2685 domibus,
1246 2645 1385 2689 prtediis,
1398 2644 1666 2689 possessionibus,
1678 2644 1816 2687 oppidis,

1069 2695 1192 2735 castris,
1208 2694 1301 2728 terris
1321 2699 1352 2728 et
1371 2694 1442 2728 aliis
1461 2693 1550 2735 locis,
1573 2693 1667 2727 ctiam
1686 2692 1818 2726 iurisdi-

1820 290 1871 317 Αῐι.
1887 290 1916 315 C.
1937 290 2003 317 1590

1872 2603 2017 2630 thandiquo

1833 2636 1858 2655 <lo
1875 2636 1935 2655 honis
1951 2636 2016 2655 enam

1833 2668 2017 2690 iurisdictimiali-.
