2226 3070
94 259 147 287 An.
165 255 192 285 C.
212 256 280 286 1589

130 1759 241 1780 ciansutao
251 1759 291 1780 tle-

104 1792 234 1816 rogaturiac.

948 254 1051 279 SIXTUS
1071 254 1089 277 V
1108 253 1155 276 PP.

295 308 404 342 elerici
419 314 505 349 sunt,
522 309 647 342 etiamsi
665 309 704 342 ab
725 308 817 341 initio
839 314 984 352 tempore
1000 318 1049 340 re-

295 362 484 395 servationis
512 362 703 406 pensionum
725 373 780 396 seu
802 363 965 395 fructuum
989 362 1048 394 lm-

296 416 436 448 iusmodi
454 417 637 458 regularem
660 416 805 448 habitum
827 416 973 448 nondum
995 426 1049 447 su-

295 470 469 513 sceperint,
496 481 554 503 nec
584 470 706 502 militiis
726 469 910 502 officiorum
932 470 1048 501 Roma-

296 534 356 556 nae
376 524 492 556 Curiae
506 523 659 566 adscripti
681 523 813 562 fuerint,
836 523 889 554 sed
912 528 983 565 post
1003 523 1049 554 fa-
1071 560 1072 563 Ἴ

1071 582 1073 593 ¹
1093 572 1209 605 deinde
1232 573 1261 604 in
1288 573 1398 605 eadem
1421 571 1622 605 Cancellaria
1648 571 1846 614 Apostoliea,

297 582 363 611 ctas
383 588 496 611 eorum
519 577 635 620 cuique
658 576 900 615 reservationes,
915 580 987 608 anto
1003 576 1049 607 vel

297 636 369 674 post
385 631 639 674 publicationem
655 629 832 673 praesentis
848 629 1051 662 constitutio·
1071 637 1073 640 ·

298 686 346 718 nis
367 685 484 717 milites
504 684 610 717 effecti
637 684 816 723 extiterint,
841 683 900 715 sul)
921 694 1049 727 praece-

297 743 351 782 pto
376 743 406 770 et
437 738 590 769 mandato
623 737 789 780 praefatis,
817 737 855 769 de
880 736 994 769 habitu
1022 742 1052 768 et

297 796 430 824 tonsura
445 790 588 823 clericali
605 790 788 822 deserendis
799 790 952 822 nolumus
966 800 1053 822 eom-

297 844 469 887 prehendi,
492 844 546 877 sed
566 843 603 877 iis
624 843 845 887 permittimus
865 848 896 875 ut
912 843 1052 883 regulari

296 897 407 931 habitu
428 897 575 937 militiae,
603 908 701 941 quam
723 897 859 940 professi
881 902 1054 935 sunt,eon,-

297 950 450 990 venienti,
474 952 521 984 vel
539 951 564 984 si
586 951 645 994 ipsi
667 950 786 983 milites
806 951 969 983 Romanae
990 950 1052 983 Cu-

298 1005 364 1038 riae
390 1005 545 1037 officiales
565 1004 698 1044 fuerint,
724 1004 779 1048 qui
800 1004 973 1048 pensiones
1000 1010 1055 1037 ant

298 1059 423 1091 fructus
435 1058 535 1091 aliave
561 1058 694 1102 praedia
716 1063 770 1090 aut
795 1058 878 1091 bona
900 1058 1053 1091 ecclesia-

298 1113 377 1146 stiea
398 1123 437 1145 ex
456 1112 697 1155 dispensatione
715 1123 771 1145 seu
787 1112 954 1155 privilegio
975 1124 1053 1156 apo-

300 1166 414 1200 stolico
435 1166 628 1209 percipiant,
652 1166 762 1198 habitu
785 1166 917 1198 militari
939 1177 1054 1210 supra-

298 1220 419 1264 scripto
433 1247 440 1259 ‚
481 1219 605 1263 absque
641 1219 780 1252 alicuius
811 1230 968 1252 censurae
1006 1221 1053 1252 vel

299 1284 422 1318 poenae
448 1273 688 1306 ecclesiasticae
721 1273 867 1311 incursu,
890 1273 977 1306 licite
1010 1274 1055 1306 nti
1076 1299 1077 1303 ,

298 1328 442 1367 valeant3
470 1332 501 1359 et
538 1327 752 1359 nihilominus
789 1333 853 1359 tam
898 1327 1078 1364 ltenelicizu

299 1391 376 1414 suae
407 1380 542 1413 militine
568 1380 728 1424 regularia
754 1379 925 1420 retineant,
958 1392 1055 1423 quam

299 1435 397 1468 etiam
418 1435 592 1478 pensiones
604 1445 701 1478 super
722 1434 932 1467 ecclesiarum
955 1440 984 1466 et
1004 1435 1057 1467 lie-

300 1489 493 1522 nefieiorum
515 1489 772 1532 praedictorum,
796 1489 891 1521 etiam
913 1490 1058 1521 saecula-

303 1542 400 1583 rium,
442 1543 603 1575 fructibus
639 1554 695 1575 seu
731 1543 815 1575 hona
851 1543 898 1575 vel
935 1543 1058 1576 fructus

302 1596 463 1640 praefatos
476 1595 536 1629 sibi
551 1607 610 1639 pro
629 1601 775 1639 tempore
797 1601 975 1629 reservatos
987 1607 1058 1639 perv

302 1649 433 1693 cipiant.

348 1704 363 1747 ᾗ
388 1703 418 1736 6.
447 1704 515 1736 Non
541 1704 744 1736 obstantibus
774 1704 1059 1737 constitutionibus

305 1763 335 1790 et
351 1757 612 1790 ordinationibus
637 1758 833 1801 apostolicis,
846 1769 972 1791 necnon
985 1769 1059 1791 con-

305 1811 546 1851 suetudinibus,
574 1811 670 1844 etiam
692 1811 881 1854 longissimo
895 1817 925 1844 et
948 1812 1059 1845 imme-

305 1864 454 1898 morabili
476 1871 623 1909 tempore
649 1865 835 1905 observatis,
869 1877 951 1909 quae
978 1867 1059 1898 alut-

304 1929 358 1952 sus
378 1923 408 1951 et
425 1919 630 1962 corruptelae
650 1918 758 1962 potins·
780 1920 959 1951 censendae
971 1926 1058 1955 sunt:

304 1972 482 2016 privilegiis
502 1983 645 2016 quoque⁷
674 1972 807 2005 indultis
827 1979 858 2005 et
885 1973 998 2006 titteris
1026 1986 1060 2006 a—

304 2027 483 2070 postolicis,
506 2037 791 2070 quorumeumcpie
817 2034 967 2060 tenorum
994 2029 1060 2061 exi—

305 2086 402 2120 stant,
425 2091 508 2124 quae
530 2082 639 2114 onmia
657 2081 811 2114 nolumus
831 2082 984 2125 cuiqnam
1004 2084 1060 2115 ad-

284 2154 286 2156 ·
305 2145 416 2167 versus
436 2134 612 2178 praemissa
632 2135 665 2167 in
686 2134 796 2178 aliquo
818 2136 1000 2177 suffragari.

140 2252 256 2272 publicatio
273 2255 292 2272 et

109 2284 246 2306 observantia
269 2285 293 2305 ab

108 2315 217 2342 episeopis
252 2317 293 2335 etc.

109 2347 179 2367 curari
196 2347 267 2367 dehet.

352 2188 367 2231 ἓ
393 2188 423 2221 7.
452 2188 642 2221 Mandamus
661 2199 736 2221 vero
756 2189 916 2221 universis
944 2195 972 2222 et
999 2190 1062 2222 sin-

308 2241 392 2283 gulis
416 2242 657 2275 venerabilibus
681 2242 835 2275 fratribus
860 2243 980 2275 nostris
1004 2255 1061 2287 pa-

308 2295 471 2335 triarchis,
494 2296 972 2339 archiepiscopis,episcoi‘uiset
991 2298 1063 2329 aliis

310 2349 462 2392 praelatis
496 2361 532 2382 ac
562 2350 708 2382 locorum
737 2349 932 2390 ordinariis,
966 2356 997 2383 ut
1031 2351 1061 2383 in

309 2404 376 2436 suis
391 2403 528 2447 quisque
544 2403 701 2444 ecclesiis,
725 2403 906 2436 civitatibus
927 2408 957 2435 et
977 2404 1063 2435 ‹lion-

309 2452 437 2485 cesibus
453 2458 568 2485 curent
588 2459 774 2496 praesentes
794 2453 916 2486 litteras
938 2464 1064 2485 earnm-

308 2513 372 2545 que
389 2503 535 2546 exempla
556 2502 715 2546 publicari
736 2507 767 2535 et
787 2502 935 2535 inviolate
956 2502 1063 2534 oleer-

308 2562 386 2584 var1.

353 2601 368 2644 ἓ
393 2601 424 2634 8.
447 2601 484 2633 Et
500 2612 540 2634 ne
551 2601 623 2645 quis
643 2601 862 2645 praesentium
884 2601 1062 2633 litterarum

309 2651 491 2696 ignorantia
521 2662 554 2684 se
577 2651 680 2684 valeat
709 2661 862 2683 excusare
879 2678 886 2691 ,
916 2650 1065 2682 iuhemus

1091 306 1160 338 illas
1177 306 1216 338 ad
1238 305 1343 338 valvas
1363 304 1572 336 basilicarmn
1594 304 1625 337 S.
1645 304 1772 336 Ioannis
1791 305 1846 337 La-

1093 359 1271 392 teranensis
1300 364 1326 392 et
1359 357 1516 401 Principis
1546 358 1773 401 Apostolorum
1807 358 1845 390 (lc

1092 413 1189 451 fibo,
1208 418 1238 445 et
1255 412 1286 444 in
1308 412 1376 444 acie
1396 411 1507 454 Campi
1530 411 1655 448 Florae,
1670 417 1699 443 ct
1715 411 1745 442 in
1767 411 1846 444 Can-

1093 465 1223 498 cellnria
1244 465 1426 509 Apostolica
1447 464 1532 507 attigi
1554 469 1581 496 et
1604 464 1777 507 publicari,
1798 475 1847 497 ca-

1093 530 1231 562 rumque
1253 520 1399 562 exempla
1425 519 1504 551 inihi
1522 520 1614 550 affixa
1643 518 1794 561 relinqui,
1818 525 1848 550 et

1096 626 1126 657 in
1149 626 1230 658 libro
1251 627 1428 669 quinterno
1449 626 1624 669 appellato,
1653 625 1736 657 inter
1764 631 1848 657 cete-

1096 690 1145 712 ras
1170 680 1416 712 constitutiones
1451 684 1625 723 perpetuas
1655 679 1795 711 dest-ribi
1822 684 1852 711 et

1096 733 1273 775 registrari.
1297 733 1514 765 l)t;›‹·ci·1tciitcs
1533 732 1788 776 publicationem
1818 732 1850 764 in

1095 786 1236 818 basilicis
1248 787 1397 828 praelatis
1409 792 1436 818 et
1461 779 1504 818 in*
1518 786 1586 817 acie
1607 785 1718 829 Campi
1739 785 1851 818 Florae

1096 840 1290 877 faciendam,
1307 845 1377 881 post
1394 839 1684 882 lapsumtemporis
1700 839 1853 882 superius

1096 893 1229 937 praefixi
1247 903 1516 935 unumthmque
1533 898 1659 925 arctare
1680 898 1707 925 et
1724 893 1852 925 afficere

1096 946 1231 990 perinde
1252 957 1288 979 ae
1309 946 1334 979 si
1348 946 1436 989 ipsae
1451 951 1637 988 praesentes
1653 947 1778 978 litterae
1789 946 1853 978 sin-

1096 1001 1180 1043 gulis
1201 1000 1347 1044 personis
1368 1000 1518 1043 praefatis
1540 1000 1753 1043 personaliter
1778 999 1851 1032 inti-

1098 1060 1200 1087 matae
1221 1054 1366 1086 fuissent.

1141 1109 1155 1151 ξ
1180 1107 1211 1140 9.
1239 1108 1396 1140 Volumus
1416 1107 1746 1150 quoqueearumdem
1761 1117 1853 1149 prae-

1098 1161 1238 1194 sentium
1264 1160 1488 1204 transumptis,
1511 1165 1569 1193 etc.

1143 1215 1258 1247 Datum
1280 1215 1400 1247 Romae
1421 1214 1507 1257 apud
1531 1214 1685 1247 Sanctum
1708 1213 1852 1251 Petrum,

1098 1280 1182 1301 anno
1204 1268 1438 1301 lncarnationis
1467 1267 1649 1300 dominicae
1682 1267 1854 1299 millesimo

1099 1322 1360 1365 quingentesimo
1382 1322 1601 1365 octuagesimo
1621 1332 1719 1361 nono,
1741 1321 1855 1364 quinto

1100 1377 1172 1409 idus
1206 1375 1363 1415 ianuarii,
1398 1375 1606 1419 pontificatus
1639 1374 1737 1407 nostri
1770 1385 1855 1406 anno

1099 1436 1228 1473 quarto.

1158 1489 1222 1518 Dat.
1247 1489 1292 1518 di:¹
1317 1490 1334 1515 ἱ)
1350 1488 1407 1517 ian.
1432 1488 1520 1523 1589,
1541 1487 1647 1526 pontis.
1665 1496 1742 1515 anno
1763 1496 1800 1516 tv.

1100 1580 1254 1623 Sequitur
1274 1579 1450 1611 declaratis)
1472 1578 1576 1621 quoad
1596 1578 1720 1620 aliquos
1747 1577 1856 1620 Papae

1144 1634 1324 1676 familiares
1354 1633 1535 1675 militesque
1565 1636 1592 1663 et
1618 1631 1767 1675 assir-iales
1792 1630 1854 1663 Ro-

1147 1697 1264 1719 manae
1286 1686 1405 1719 Curiae
1421 1686 1592 1728 pensiones
1617 1695 1679 1717 non
1702 1685 1791 1716 ultra
1818 1694 1856 1716 Lx

1145 1742 1276 1774 ducatos
1296 1741 1488 1772 obtinentes.

1168 1836 1265 1863 Sixtus
1284 1835 1436 1869 episeopus,
1452 1839 1547 1861 servus
1563 1839 1704 1860 servotum
1725 1833 1784 1865 Dei,

1240 1889 1274 1917 ad
1292 1889 1454 1924 perpetuam
1477 1887 1518 1915 rei
1536 1887 1707 1915 memoriam.

1148 1974 1319 2007 pastoralis
1341 1979 1385 2006 est
1409 1984 1506 2005 curae
1531 1977 1672 2010 nostrae,
1697 1977 1727 2004 et
1748 1971 1787 2003 ita
1804 1981 1857 2003 ae-

1104 2039 1205 2071 quum
1227 2027 1436 2064 arbitramur,
1469 2031 1514 2065 ut,
1542 2030 1665 2068 quanto
1686 2035 1858 2068 possumus

1104 2081 1221 2121 studio,
1243 2080 1445 2113 indemnitati
1469 2085 1497 2112 et
1520 2079 1651 2111 utilitati
1677 2084 1744 2111 tum
1777 2089 1857 2121 pau-

1104 2146 1218 2179 perum
1252 2134 1461 2173 clericorum,
1494 2138 1562 2165 tum
1586 2132 1680 2165 etiam
1704 2143 1857 2175 persona-

1106 2200 1189 2227 rum,
1222 2198 1317 2231 quae,
1341 2187 1458 2219 nostris
1479 2186 1642 2228 obsequiis
1668 2185 1856 2225 insistendo,

1105 2242 1232 2274 labores
1252 2247 1279 2274 et
1303 2241 1508 2273 inconnnoda
1529 2240 1657 2273 assidue
1669 2239 1777 2272 subire
1795 2250 1858 2272 non

1105 2300 1241 2333 cessant,
1264 2296 1435 2327 consulere
1457 2305 1684 2338 Itn‘oenrenms,
1700 2304 1736 2325 ae
1747 2304 1858 2325 earum

1105 2349 1286 2381 necessitati
1309 2348 1559 2392 prospiciamus,
1582 2358 1634 2386 ne,
1658 2347 1733 2379 dum
1752 2357 1861 2390 prom-

1106 2409 1159 2446 pte
1180 2409 1209 2435 ct
1230 2402 1378 2446 expedite
1399 2401 1576 2434 ministeria
1598 2401 1644 2433 eis
1665 2400 1809 2433 iniuncta
1830 2411 1861 2431 o-

1106 2452 1175 2484 bire
1191 2457 1367 2491 conantur,
1387 2461 1452 2483 non
1473 2450 1579 2483 solum
1601 2460 1743 2492 congrua
1767 2460 1859 2492 prae-

1108 2501 1170 2532 mia
1197 2511 1260 2533 non
1287 2500 1457 2544 recipiant,
1484 2510 1595 2532 verum
1618 2498 1738 2541 aliquid
1765 2497 1861 2530 detri-

1108 2550 1206 2582 menti
1222 2550 1397 2593 patiantur.
1414 2550 1492 2582 Cum
1507 2549 1616 2591 itaque
1630 2553 1738 2580 nostra
1757 2545 1861 2590 nuper

1107 2599 1190 2631 edita
1221 2599 1450 2632 constitutione
1482 2599 1519 2631 (le
1541 2598 1650 2630 habitu
1673 2602 1703 2629 ct
1728 2602 1860 2628 tonsura

1108 2649 1312 2693 perelericos
1333 2659 1389 2681 seu
1411 2647 1528 2681 milites
1540 2646 1698 2679 beneficia
1715 2645 1762 2677 vel
1784 2655 1862 2689 pcn-

1761 241 1802 273 60
1861 251 1914 278 An.
1931 251 1959 278 c.
1980 252 2047 279 1589

1888 313 1961 333 Forma
1981 316 2000 333 et
2017 313 2046 332 et-

1859 345 1929 365 fectu<
1951 345 2046 371 publica>

1860 377 2037 396 tiotiisliuiuscon

1861 408 1987 427 stitutionis.

1894 1109 2025 1135 Transunipt«
2037 1120 2051 1122 -

1868 1142 1911 1155 rum
1946 1137 1997 1155 tides
2032 1137 2055 1154 et

1869 1163 1952 1208 {junctio
1970 1168 2054 1189 poena-

1879 1196 1903 1209 15.

1906 1979 2058 2005 (lanipendium

1873 2014 1982 2031 constitut.
2000 2015 2059 2036 prae-

1874 2042 1977 2061 cedentis.
