2226 3070
72 298 120 325 An.
138 298 167 326 C.
186 297 247 325 ¹591

82 1260 168 1284 Quando
176 1266 252 1284 cogno-

69 1288 98 1307 sci
113 1287 140 1307 ab
151 1287 252 1307 auditori-

70 1314 108 1333 bus
117 1314 195 1339 possint
202 1320 251 1334 cau-

70 1346 104 1360 sac
116 1341 178 1361 ctiam
189 1346 252 1361 conu-

70 1369 124 1387 tatus
133 1367 251 1388 Venaissini

860 300 1037 325 GREGORIUS
1056 301 1109 324 XIV
1128 301 1177 325 1³1³.

269 357 327 379 nus
347 358 364 379 a
384 347 488 390 prima
514 348 611 380 Rotae
632 348 792 381 erectione
812 359 1004 389 cognoscere

270 406 513 433 consueverunt.

312 454 326 497 ,ξ
347 453 398 487 110.
422 455 499 494 Quia
532 466 606 488 vero
634 466 811 499 pauperum
833 456 1005 500 dispendiis

71 515 251 562 u0‚s‘“⁰⁵e³x⁴}'e‘‹¹i¹i1³i1⁶1
268 518 448 544 occurrere,
474 514 627 551 quantum
661 509 691 541 in
720 509 812 541 nobis
841 515 896 547 est,
920 520 1005 541 sum-

69 574 252 615 {iln'iffiffcscgfffgg
268 572 398 605 mopere
412 562 567 605 cupimus,
589 573 627 595 ne
646 568 751 605 partes
773 563 858 606 ipsae
878 573 935 606 pro
953 574 1004 595 sex

70 621 251 671 {tilefffffioffssiil
268 615 426 648 iudicibus
446 616 656 648 informandis
669 617 814 659 expensis
829 616 923 648 nimis
935 628 1006 657 gra-

71 674 191 721 2:3332'3ssllf
207 677 251 694 20²0
267 675 390 706 ventur,
414 669 616 702 decernimus
636 681 675 702 ue
701 669 909 712 imposterum
932 681 1005 702 cau-

267 733 319 755 sae
340 734 401 756 uon
421 724 605 756 excedentes
618 735 777 756 summam
797 735 850 757 seu
867 725 1004 757 valorem

268 783 296 809 et
318 777 552 810 extimationem
568 788 604 810 cc
623 789 794 811 aureorum
816 784 1006 811 censeantur

267 836 297 863 et
316 830 532 873 intelligantur
549 843 615 864 csse
638 832 764 871 rotales,
779 833 832 865 sed
851 832 1004 865 auditori-

267 884 324 917 bus
344 884 418 928 ipsis
432 885 673 918 committantur
687 886 732 918 rel
747 885 841 918 etiam
857 885 1006 918 commis-

266 949 318 971 sae
338 949 405 971 esse
426 944 615 972 censeantur
645 939 777 981 singulis
807 939 1006 972 auditoribus

267 992 385 1035 absque
429 993 565 1025 aliorum
609 993 792 1026 auditorum
836 993 1006 1037 participa-

267 1046 362 1085 tione,
397 1057 512 1090 easque
540 1047 598 1079 soli
621 1058 677 1091 per
697 1058 729 1079 se
759 1046 853 1090 ipsos,
886 1046 1005 1089 absque

267 1099 402 1132 aliorum
431 1106 523 1138 voto,
562 1110 754 1141 cognoscere
791 1108 821 1133 et
856 1100 1004 1143 expedire

267 1154 413 1187 debeant.

312 1210 328 1249 Q
348 1207 545 1240 Δ11.Νονοι·ο
566 1207 681 1251 passim
703 1218 816 1240 causae
837 1207 1004 1240 comitatus

268 1262 366 1294 nostri
380 1261 553 1294 Venaissini
567 1273 585 1294 a
598 1261 734 1305 propriis
748 1261 821 1294 dicti
836 1262 1004 1294 comitatus

268 1314 425 1347 iudicibus
445 1321 627 1353 avocentur,
652 1320 681 1348 et
701 1315 818 1347 subditi
840 1315 897 1358 ipsi
919 1321 1004 1348 extra

268 1366 387 1400 dictum
419 1368 604 1400 comitatum
635 1368 665 1400 iu
697 1368 870 1400 maximum
892 1379 1003 1400 eorum

268 1421 469 1465 dispendium
493 1423 674 1461 trahantur,
699 1423 889 1454 mandamus
917 1423 1004 1465 quod

232 1511 237 1516 ‚
268 1486 381 1508 causae
399 1475 472 1508 dicti
493 1476 671 1513 comitatus,
689 1487 769 1519 quae
783 1476 870 1514 alias,
883 1476 1004 1509 ratione

267 1529 311 1561 rei
333 1530 381 1562 vel
402 1541 515 1562 causac
535 1536 587 1562 aut
609 1531 833 1570 obbligationis
853 1542 907 1563 seu
926 1542 1004 1574 qua-

269 1582 362 1615 litatis
384 1594 608 1626 personarum,
633 1584 671 1615 ad
699 1584 792 1623 legati
822 1595 877 1616 scu
910 1585 1004 1617 llotae

269 1636 483 1677 cognitionem
498 1637 627 1668 minime
642 1637 799 1681 pertinere
812 1637 1004 1679 dignoscun-

269 1695 328 1729 tur,
353 1700 460 1722 eoram
482 1690 639 1723 iudicibus
659 1690 733 1723 dicti
754 1691 922 1723 minitatus
943 1696 1004 1723 tam

269 1743 298 1775 in
320 1743 422 1787 prima
443 1755 537 1787 quam
559 1744 698 1776 secunda
711 1750 739 1776 et
754 1744 846 1777 tertia
859 1744 1006 1777 instantia

269 1804 502 1839 cognoscantur
527 1804 558 1831 ct,
586 1798 815 1835 terniuwntur,
840 1798 897 1831 nisi
920 1804 1004 1831 utra-

269 1861 330 1894 que
359 1862 432 1895 pars
461 1852 637 1884 consentiat.
663 1851 693 1883 in
726 1852 806 1884 Rota
835 1852 1001 1885 committi.

267 1904 357 1943 Quod
387 1905 410 1937 si
441 1905 538 1937 altera
568 1916 640 1948 pars
671 1905 854 1941 dissentiat„
878 1911 953 1938 tunc,
974 1905 1004 1937 in

267 1957 369 2001 prima
389 1957 536 1990 instantia
558 1969 653 1991 causa
675 1969 692 1990 a
712 1958 817 1991 iudice
837 1958 896 1991 loci
919 1958 1004 1991 ordi—

267 2012 356 2045 nario
374 2022 437 2045 non
459 2017 618 2048 avocetur,
643 2012 701 2044 nisi
720 2023 754 2044 ex
776 2023 891 2053 magna
911 2019 941 2045 ct
954 2024 1005 2045 ur-

268 2065 351 2107 genti
373 2076 484 2103 eausa,
508 2065 537 2097 in
568 2066 707 2098 secunda
735 2076 809 2098 vero
837 2066 1000 2104 instantia,

268 2119 293 2151 si
314 2130 407 2152 causa
428 2120 543 2152 dictam
565 2131 723 2153 summam
744 2131 798 2153 scu
813 2121 953 2153 valorem
968 2131 1004 2154 cc

270 2183 439 2206 aureorum
465 2174 608 2211 excedat,
632 2179 660 2206 ct
682 2185 699 2206 a
722 2175 826 2216 legato
846 2185 901 2207 seu
922 2174 1004 2208 vicc-

271 2225 373 2267 legato
387 2226 532 2269 expedire
546 2226 719 2260 iudicatum
731 2227 834 2264 suerit,
850 2228 1005 2260 committi

271 2278 398 2321 quidem
411 2279 508 2322 possit
520 2280 551 2312 in
564 2281 660 2319 Rota;
680 2286 785 2313 tamen
800 2280 1005 2321 vice-legatus

271 2332 404 2365 discrete
430 2338 518 2375 agat,
546 2340 580 2366 ut,
606 2339 760 2377 quantum
788 2333 856 2365 fieri
887 2335 1001 2377 possit,

271 2386 362 2419 iudex
383 2387 539 2420 secundae
561 2388 726 2421 instantiae
747 2398 810 2420 non
839 2388 1005 2421 deliuude·

271 2446 321 2472 tur
341 2440 408 2472 iure
437 2451 493 2473 suo
525 2447 553 2474 et
581 2452 677 2474 onere
709 2441 878 2474 iudicandi.
904 2443 935 2474 ln
956 2453 1004 2474 se-

270 2495 373 2527 cunda
386 2505 460 2527 vero
480 2495 661 2528 instantiasi
683 2506 777 2528 causa
789 2495 904 2527 dictam
919 2507 1005 2528 sum-

271 2559 354 2581 mam
376 2550 523 2589 excedat,
548 2550 594 2582 vel
615 2550 639 2582 si
660 2550 781 2592 legatus
801 2555 853 2582 aut
876 2549 1004 2583 vice-le-

269 2607 360 2643 gatus
380 2602 421 2635 ita
449 2603 595 2646 expedire
625 2603 826 2640 iudicaverit,
851 2603 1004 2636 committi

271 2656 384 2689 debeat
404 2656 434 2688 in
455 2657 548 2689 Rota:
572 2662 706 2700 utraque
724 2667 797 2690 vero
818 2663 906 2701 parte
927 2668 1003 2690 eon-

1680 291 1744 325 387
1790 299 1965 331 An.c,1591

1038 349 1273 387 distributione,
1295 349 1325 382 in
1343 359 1545 393 quacumque
1566 349 1724 391 instantia,
1741 350 1770 383 in

1038 403 1117 436 Rota
1137 402 1291 436 committi
1312 408 1341 436 et
1361 403 1509 445 cognosci
1530 403 1636 446 possit.

1082 458 1098 495 Q
1120 456 1170 489 12.
1195 457 1270 489 Cum
1291 461 1395 489 autem
1417 467 1511 489 causa
1531 456 1637 499 aliqua
1657 457 1771 499 perle-
1801 471 1822 491 ss
1839 474 1970 497 quaenam„

1038 514 1143 547 uatum
1165 521 1219 542 scu
1240 510 1464 550 vice-legatum
1479 519 1536 553 pro
1551 514 1694 552 tempore
1708 509 1771 542 exi·
1788 500 1970 555 &affitll‘lilffissl

1038 567 1170 595 stentem
1181 563 1407 596 couunittenda
1417 563 1520 602 suerit,
1533 563 1679 595 volumus
1687 564 1773 606 quod
1788 554 1857 607 {illl-¹3¹
1872 556 1970 608 {lifssss'rss

1038 613 1101 645 sive
1122 615 1220 647 civilis
1246 615 1309 647 sive
1337 614 1510 647 criminalis
1538 625 1632 647 causa
1662 614 1772 647 huius·
1788 605 1970 653 {liiiiiussnsdessssiih

1040 668 1124 700 modi
1152 669 1280 707 existat,
1305 674 1358 700 aut
1386 668 1480 700 etiam
1510 668 1625 707 mixta,
1648 679 1772 701 necnon

1039 721 1243 758 beneficialis,
1268 722 1341 765 ipsis
1368 723 1530 755 dumtaxat
1556 722 1771 759 auditoribus,

1040 774 1123 807 iuxta
1144 776 1373 819 praescriptum
1400 777 1531 808 modum
1553 781 1581 808 et
1599 786 1662 808 non
1684 776 1770 813 alias,

1040 828 1265 861 committatur.

1084 884 1099 921 Q
1120 882 1171 914 ⁴13.
1197 883 1241 914 Ad
1265 883 1440 915 tollendum
1463 888 1568 915 autem
1590 883 1774 927 multiplici·
1830 899 1851 919 ι..
1867 899 1906 920 hoc
1921 905 1971 920 casu

1040 941 1133 968 tatem
1156 936 1417 968 commissionum
1445 947 1480 969 ac
1508 938 1704 980 parcendum
1729 938 1774 970 la·
1790 928 1972 982 &Slfissunsssslrffiffi

1039 989 1170 1021 boribus
1190 994 1220 1022 et.
1240 989 1384 1033 expensis
1411 989 1617 1031 litigantium,
1642 991 1774 1023 manda·
1790 985 1828 999 ⁵¹⁰'

1040 1054 1109 1075 mus
1136 1043 1262 1076 unicam
1290 1042 1548 1076 commissionem
1580 1043 1611 1075 in
1636 1044 1777 1086 qualibet

1039 1108 1133 1130 causa
1167 1105 1197 1131 ct,
1232 1098 1381 1131 instantia
1413 1098 1577 1137 sufficere,
1601 1108 1776 1142 causasque

1038 1151 1192 1184 committi
1223 1152 1353 1191 debere,
1383 1157 1434 1184 aut
1467 1152 1561 1185 etiam
1591 1152 1776 1185 commissas

1038 1206 1159 1238 censeri
1181 1216 1252 1238 cum
1267 1206 1416 1239 omnihus
1436 1211 1466 1238 et.
1485 1205 1618 1247 singulis
1631 1205 1775 1239 inciden-

1039 1260 1131 1299 tibus,
1148 1260 1409 1304 ,dependentibus
1430 1271 1466 1293 ae
1487 1260 1563 1293 alias
1584 1260 1775 1301 emergenti-

1037 1315 1095 1346 bus
1115 1325 1216 1357 usque
1237 1315 1275 1346 ad
1297 1314 1471 1346 sententiae
1492 1313 1715 1357 prolationem.

1082 1370 1097 1409 Q
1119 1367 1170 1400 lsi.
1195 1368 1436 1411 Properandum
1457 1372 1563 1400 autem
1589 1367 1664 1411 ipsis
1684 1368 1775 1401 audi-

1038 1421 1159 1453 toribus
1180 1421 1238 1453 erit
1266 1431 1305 1453 ne
1335 1420 1404 1453 lites
1437 1420 1515 1453 fiant
1538 1432 1619 1464 pene
1641 1421 1774 1454 immor-

1038 1475 1125 1511 tales,
1149 1475 1203 1506 sed
1225 1474 1293 1506 illas
1313 1474 1568 1518 quamprimum,
1593 1474 1708 1508 auditis
1728 1480 1775 1507 ta-

1039 1540 1111 1561 men
1136 1528 1275 1571 ipsarum
1305 1528 1444 1571 partium
1471 1528 1609 1566 iuribus.
1634 1534 1664 1561 et
1688 1539 1776 1562 com-

1039 1582 1218 1625 petentibus
1238 1581 1443 1615 dilationihus
1464 1582 1628 1625 praefixiS,
1652 1588 1776 1616 mature

1038 1636 1130 1668 simul
1157 1646 1192 1667 ac
1221 1646 1357 1678 propere
1386 1635 1564 1679 expediant.
1588 1636 1630 1668 De
1651 1641 1776 1670 caetero

1039 1695 1143 1722 autem
1174 1689 1344 1721 sententias
1378 1694 1473 1732 prout
1506 1689 1537 1721 in
1570 1690 1682 1722 cedula
1712 1700 1776 1722 non

1040 1743 1174 1779 fueraut,
1196 1748 1249 1775 aut
1275 1742 1299 1774 si
1321 1741 1474 1774 terminos
1499 1752 1556 1785 pro
1577 1742 1707 1775 servatis
1728 1743 1776 1776 in-

1040 1797 1163 1829 terdum
1186 1796 1365 1833 habuerint,
1380 1801 1547 1828 teneantur
1565 1796 1646 1829 intra
1666 1797 1776 1831 decem

1040 1850 1106 1882 dies
1137 1849 1308 1882 sententias
1339 1849 1422 1893 ipsas
1451 1849 1666 1889 subsc-rivere,
1690 1857 1720 1883 et
1744 1851 1776 1884 in

1039 1904 1115 1937 actis
1142 1904 1255 1937 notarii
1285 1914 1398 1936 causae
1426 1904 1605 1947 publicare,
1635 1905 1776 1949 alioquin

1039 1957 1319 2001 pronunciationes
1340 1957 1522 1990 huiusmodi
1544 1968 1601 2001 pro
1632 1958 1727 1991 nullis
1747 1965 1775 1992 et

1039 2011 1264 2044 circumductis
1284 2012 1472 2043 habeantur.

1083 2067 1098 2103 Q
1126 2065 1171 2097 15.
1195 2066 1231 2098 Ut
1253 2071 1358 2097 autem
1380 2065 1504 2097 debitus
1522 2066 1635 2098 modus
1648 2072 1774 2110 sportu-
1822 2075 1896 2105 Modus
1915 2081 1972 2106 spot·

1038 2120 1075 2152 lis
1100 2130 1135 2152 ac
1165 2119 1233 2152 aliis
1264 2119 1406 2163 ipsorum
1436 2118 1618 2152 auditorum
1651 2121 1774 2153 emolu-
1789 2101 1974 2158 issiffainigssfflsif

1039 2173 1153 2206 mentis
1174 2179 1204 2205 et.
1223 2173 1428 2216 proventibus
1453 2172 1650 2216 imponatur,
1675 2174 1775 2207 firmis
1789 2157 1838 2176 Μ’

1039 2227 1069 2259 in
1091 2227 1222 2259 caeteris
1242 2226 1480 2259 remanentibus
1497 2226 1629 2267 iuribus,
1642 2238 1775 2271 proven-

1039 2281 1122 2313 tibus
1153 2291 1189 2313 ae
1215 2280 1337 2313 salariis
1364 2281 1552 2313 eorumdem
1573 2281 1772 2323 auditorum,

1039 2346 1119 2378 quae
1141 2334 1304 2377 liucusspte
1325 2334 1409 2367 iuxta
1429 2334 1622 2367 laudabilem
1644 2346 1777 2369 eonsue-

1041 2389 1182 2421 tudincm
1221 2399 1256 2421 ac
1292 2388 1389 2432 ipsius
1425 2381 1523 2422 Rotae
1559 2390 1774 2423 fondationem

1040 2443 1163 2485 exigere
1189 2449 1441 2480 consueverunt,
1466 2443 1573 2476 habita
1593 2444 1775 2477 considera-

1040 2496 1124 2529 tione
1145 2496 1378 2529 reformationis
1399 2507 1455 2540 per
1484 2496 1603 2529 dictum
1631 2497 1774 2530 Domini-

1040 2561 1110 2583 cum
1136 2550 1360 2592 viee-legatum
1387 2561 1489 2594 nuper
1515 2551 1628 2589 sactae3
1652 2552 1774 2594 praeci-

1038 2604 1142 2647 pimus
1163 2610 1192 2636 et
1213 2605 1401 2637 mandamus
1426 2616 1466 2637 ne
1497 2604 1658 2637 auditores
1678 2605 1735 2648 ipsi
1758 2616 1774 2638 a

1039 2657 1179 2700 partibus
1192 2668 1249 2701 per
1262 2668 1294 2690 se
1311 2658 1356 2690 vel
1371 2669 1427 2701 per
1440 2658 1528 2697 alios,
1539 2658 1650 2701 quovis
1662 2659 1769 2696 modo,

1818 1379 1846 1399 At·
1863 1379 1893 1399 ais
1905 1381 1973 1400 tamen

1791 1406 1833 1425 cito
1849 1406 1925 1426 debent
1940 1412 1973 1427 ex-

1791 1432 1866 1458 pedii-i.

270 2709 441 2748 sentiente,
465 2710 551 2743 nulla
581 2710 624 2743 rei
652 2710 699 2743 vel
724 2721 868 2743 summae
897 2710 1251 2754 habitalsportularum
1282 2711 1412 2744 nomine
1439 2711 1559 2755 aliquid
1588 2716 1694 2754 petere
1725 2711 1771 2744 vel
