2226 3070
109 254 164 283 An.
180 253 210 282 C.
226 252 294 282 1588

141 948 252 969 Decretum
264 947 297 967 ir-

124 981 179 1000 itum
194 979 257 999 addit.

174 2122 304 2144 Execmoms

121 2155 182 2175 huius
201 2156 304 2175 constitu-

121 2187 186 2206 tionis
210 2187 306 2212 deputat,

121 2219 143 2237 et
193 2216 305 2237 facultates

123 2248 231 2268 concedit.

975 239 1081 266 SIXTUS
1100 239 1118 262 V
1138 237 1187 262 PP-

311 301 363 335 tiri
393 301 532 340 debere;
559 310 618 332 nec
647 306 844 341 quemquam
870 295 909 327 ad
931 293 1058 327 easdem

310 360 496 399 praesentes
514 353 638 386 litteras
655 352 687 384 in
707 350 839 384 Camera
860 348 1001 392 praefata
1014 347 1061 380 iu-

310 415 362 442 xta
382 407 646 442 constitutionem
667 405 739 449 piae
761 402 934 436 memoriae
946 401 992 434 Pii
1006 401 1062 434 Pa-

310 473 370 506 pae
390 462 438 503 lv,
462 461 559 494 etiam
582 457 841 504 praedecessoris
867 456 980 495 nostri,
1009 455 1063 487 ‹le-

311 526 409 558 super
437 514 567 553 editam,
594 517 647 545 aut
676 511 756 544 alias
788 509 1062 553 quandocumque

312 567 598 613 praesentandum,
608 564 839 598 insinuandum
856 567 886 595 et
898 561 1061 604 registrari

313 622 494 655 faciendum
521 618 635 659 teneri,
664 627 768 660 neque
793 617 864 649 illas
893 620 1064 658 propterea

313 675 420 708 irritas
445 684 534 714 esse,
561 673 615 706 sed
644 671 778 705 omnino
802 670 907 702 valere
939 675 969 701 et
998 668 1064 700 sut*-

314 727 449 770 sragari,
475 727 611 771 perinde
635 736 672 759 ac
701 725 726 758 si
757 722 945 757 constitutio
974 732 1066 766 prae-

313 781 398 814 dicta
416 781 465 814 vel
485 780 547 813 alia
572 779 736 813 contraria
762 777 894 810 minime
919 785 1065 809 emanas-

312 840 372 867 set.

357 888 372 931 g
397 886 451 920 19.
477 887 596 931 Sicque
617 897 674 930 per
694 895 916 928 quoscumque
929 882 1064 921 iudices,

313 940 494 974 ordinarios
521 947 551 973 et
578 940 754 982 delegatos,
778 938 874 972 etiam
895 946 1066 971 causarum

312 994 423 1028 Palatii
440 994 615 1039 Apostolici
632 994 809 1033 auditores,
826 1003 862 1025 ac
883 990 1067 1036 praedictae

312 1048 345 1082 S.
367 1049 404 1082 R.
422 1049 457 1081 E.
482 1048 674 1087 cardinales,
697 1048 791 1080 etiam
818 1047 857 1079 de
897 1046 996 1078 latere
1021 1044 1067 1076 le-

311 1107 414 1145 gatos,
435 1102 561 1135 sublata
582 1102 628 1135 eis
647 1107 677 1135 et
699 1111 812 1134 eorum
834 1099 965 1133 cuilibet
987 1108 1067 1141 qua-

312 1155 357 1189 vis
381 1155 474 1189 aliter
497 1154 664 1188 iudicandi
695 1160 725 1187 et
758 1151 991 1196 interpretandi
1022 1151 1068 1184 sa-

313 1210 431 1243 cultate
451 1215 482 1243 et
507 1208 711 1249 auctoritate,
734 1207 766 1240 in
787 1206 897 1251 quavis
917 1217 1014 1239 causa
1039 1212 1070 1238 et

313 1263 477 1303 instantia,
496 1262 635 1296 iudicari
649 1273 686 1295 ac
697 1261 824 1294 definiri
839 1260 975 1299 deberc3
996 1270 1070 1292 nec-

313 1327 379 1350 non
399 1316 508 1360 quoad
528 1326 742 1360 suppressum
765 1315 943 1357 prioratum
960 1313 992 1347 S.
1008 1314 1071 1345 An-

314 1371 406 1411 tonii,
434 1376 595 1414 quatenus
623 1381 682 1414 per
701 1369 952 1412 resignationem
975 1378 1069 1411 prac-

313 1425 433 1457 dictam
453 1424 625 1464 vacaverit,
649 1430 678 1457 et
702 1422 872 1456 ecclesiam
890 1433 946 1455 seu
965 1422 1071 1465 capel-

315 1474 379 1506 lam
401 1473 433 1506 S.
456 1473 584 1506 Ioannis
603 1472 763 1516 Baptistae
791 1482 827 1504 ae
856 1471 1070 1514 capellaniam

315 1529 345 1555 et
360 1522 517 1556 beneficia
530 1522 719 1556 huiusmodi
740 1527 836 1565 prout
858 1527 904 1554 est
919 1520 978 1553 sibi
997 1520 1007 1542 ¹
1023 1526 1070 1553 at—

316 1577 473 1605 tentatum
495 1572 603 1605 forsan
624 1576 670 1604 est
689 1570 907 1604 bac-tenusvel
922 1570 953 1602 in
967 1576 1072 1613 poste-

315 1631 400 1654 rum.
419 1621 487 1661 Quo
508 1632 584 1654 vero
605 1621 644 1654 ad
666 1620 859 1654 monasteria
882 1630 919 1652 ac
945 1619 1071 1663 priora-

316 1676 385 1703 tum
406 1670 440 1703 B.
463 1670 593 1711 Mariae,
617 1676 647 1703 et
670 1669 846 1702 Ecclesiam
877 1679 933 1701 seu
964 1668 1071 1712 capel-

316 1719 379 1751 lam
401 1719 432 1752 S.
455 1718 585 1752 Antonii
601 1718 639 1752 de
660 1718 750 1751 Diola
762 1728 818 1750 seu
832 1717 936 1757 Diolo,
950 1716 1073 1749 omnia-

316 1778 379 1811 que
400 1768 463 1801 alia
478 1768 677 1813 praemissa,
695 1773 726 1801 et
746 1767 771 1800 si
792 1767 871 1800 alias
897 1777 993 1810 quam
1016 1777 1074 1810 per

317 1817 438 1850 dictam
472 1817 724 1860 resignationem
757 1821 846 1849 vacet
881 1826 1074 1860 suppressus

317 1866 482 1910 prioratus
500 1866 702 1906 huiusmodi,
720 1877 757 1899 ex
782 1876 870 1899 nunc
891 1865 1021 1898 irritum
1043 1870 1072 1897 et

318 1915 424 1956 inane,
441 1915 467 1949 si
483 1926 576 1949 secus
591 1927 690 1960 super
705 1916 756 1948 his
768 1926 785 1948 a
805 1926 981 1959 quoquam,
997 1925 1074 1958 qua-

320 1965 364 1998 vis
395 1965 602 2007 auctoritate‚
632 1966 772 1999 scienter
799 1965 848 1998 vel
873 1965 1071 2008 ignoranter,

319 2016 490 2059 contigerit
509 2016 671 2049 attentari.

363 2065 379 2109 g
402 2065 457 2100 020.
484 2065 643 2105 Quocirca
663 2064 902 2098 venerabilibus
923 2063 1076 2097 fratribus

320 2115 439 2148 nostris
459 2115 707 2159 archiepiscopo
732 2113 930 2147 Bononiensi
959 2118 989 2146 et
1010 2113 1075 2157 epi-

319 2174 418 2208 scopo
438 2163 552 2198 Montis
572 2164 646 2205 Alti,
673 2175 710 2197 ac
730 2163 849 2196 dilecto
869 2163 936 2196 filio
962 2173 1075 2195 causa-

320 2223 394 2246 rum
415 2212 531 2247 Curiae
544 2212 696 2246 Gamerae
714 2212 917 2256 Apostolicae
934 2211 1076 2255 generali

321 2262 474 2303 auditori,
497 2268 598 2302 motu,
619 2261 752 2295 scientia
770 2267 800 2294 et
822 2261 988 2305 potestatis
1008 2261 1074 2304 ple·

322 2311 471 2344 nitudine
496 2311 641 2355 paribus,
669 2321 727 2355 per
752 2311 930 2355 apostolica
958 2310 1078 2354 scripta

323 2360 528 2401 mandamus,
558 2366 719 2403 quatenus
746 2359 818 2403 ipsi,
854 2360 905 2392 vel
933 2360 998 2392 duo
1023 2364 1078 2392 aut

323 2420 408 2442 unus
417 2420 608 2453 eorum,per
619 2420 651 2443 se
662 2410 711 2443 vel
727 2420 785 2453 per
797 2409 897 2441 alium
914 2419 971 2442 seu
986 2409 1077 2447 alios,

323 2464 510 2502 praesentes
525 2459 647 2492 litteras
665 2465 693 2492 et
707 2459 739 2491 in
753 2459 797 2492 eis
812 2464 962 2491 contenta
978 2468 1077 2500 quae-

325 2519 478 2552 cumque,
506 2507 560 2541 ubi
589 2514 620 2541 et
643 2507 774 2551 quando
802 2517 885 2550 opus
906 2506 1013 2547 suerit,
1041 2517 1078 2539 ac

323 2557 450 2600 quoties
467 2568 525 2601 pro
538 2563 628 2601 parte
641 2567 700 2600 pro
712 2562 859 2599 tempore
874 2555 1076 2587 existentium

360 2643 444 2672 Cher.
465 2643 531 2678 legit
548 2643 584 2670 ibi
599 2646 638 2678 (a.
655 2644 702 2675 r.).

1765 218 1807 254 55

1103 288 1310 334 protectoris,
1333 285 1481 324 rectoris,
1500 282 1711 321 scholarium,
1725 280 1853 324 cappel-

1103 345 1266 382 lanorum,
1295 348 1550 374 oeconomorum
1581 342 1611 369 et
1643 345 1852 380 personarum

1104 396 1231 440 collegii
1255 407 1291 429 ac
1316 394 1453 427 aliorum
1483 392 1638 424 interesse
1666 388 1853 422 habentium

1104 450 1345 494 praedictorum
1371 448 1419 480 vel
1444 445 1581 479 alicuius
1601 454 1713 476 eorum
1736 442 1856 475 suerint

1105 503 1266 547 requisiti,
1293 500 1480 535 solemniter
1504 498 1717 543 publicantes,
1747 496 1855 539 eisque

1105 557 1137 589 in
1158 556 1344 601 praemissis
1364 554 1503 588 efficacis
1523 550 1719 585 defensionis
1739 549 1858 594 praesi-

1107 610 1159 643 dio
1180 610 1373 649 assistentes,
1394 608 1512 641 faciant
1531 605 1723 639 auctoritate
1748 609 1857 637 nostra

1108 668 1292 706 praesentes
1312 663 1437 696 litteras
1457 667 1485 694 et
1508 661 1539 693 in
1560 660 1604 693 eis
1626 664 1776 692 contenta
1796 657 1858 689 liu-

1108 716 1248 749 iusmodi
1269 716 1308 749 ab
1333 716 1484 749 omnibus
1508 715 1546 747 ad
1567 724 1648 757 quos
1674 717 1806 756 spectat,
1829 717 1857 743 et

1108 779 1167 812 pro
1196 776 1341 812 tempore
1367 768 1535 812 spectabit,
1559 765 1786 799 inviolabiliter
1802 764 1859 797 ob-

1109 822 1240 862 servari,
1264 833 1300 855 ac
1320 832 1380 865 pro
1402 827 1547 865 tempore
1568 820 1740 853 existentes
1755 823 1860 863 prote·

1110 882 1243 915 ctorem,
1262 881 1432 914 rectorem,
1452 875 1633 913 scholares,
1656 873 1840 917 capellanos
1854 899 1861 910 ,

1110 939 1307 962 oeconomos
1320 935 1349 962 et
1367 938 1520 972 personas
1533 926 1659 969 collegii
1675 926 1861 959 huiusmodi

1109 995 1146 1017 ac
1168 984 1248 1017 alios
1276 983 1431 1016 interesse
1460 982 1614 1014 babentes
1643 981 1704 1013 illis
1729 981 1862 1024 pacifice

1110 1038 1172 1070 srui
1201 1043 1230 1071 et
1258 1037 1411 1080 gaudere.
1445 1036 1514 1069 Non
1534 1033 1757 1079 permittentes
1778 1034 1864 1077 ipsos

1109 1091 1157 1124 vel
1191 1101 1304 1124 eorum
1334 1089 1522 1135 quempiam
1552 1099 1609 1133 per
1640 1098 1863 1131 quoscumque

1111 1145 1251 1189 desuper
1270 1143 1514 1188 quomodolibet
1534 1141 1674 1175 indebite
1688 1130 1863 1174 molestari:

1111 1198 1368 1231 contradictores
1397 1195 1560 1240 quoslihet
1581 1201 1613 1228 et
1646 1194 1783 1227 rebelles
1809 1205 1867 1238 per

1111 1251 1299 1291 sententias,
1327 1261 1481 1284 censuras
1508 1255 1539 1283 et
1568 1258 1689 1293 poenas
1714 1248 1866 1281 ecclesia-

1111 1305 1207 1339 sticas
1227 1306 1352 1350 aliaque
1373 1309 1557 1348 opportuna
1579 1301 1658 1335 iuris
1676 1308 1705 1335 et
1726 1301 1800 1334 sacti
1818 1312 1867 1334 re-

1112 1359 1228 1399 media,
1257 1358 1475 1402 appellatione
1508 1355 1702 1401 postposita,
1736 1365 1867 1399 compe-

1113 1413 1250 1454 scend03
1281 1422 1411 1445 necnon
1440 1410 1593 1453 legitimis
1613 1420 1712 1453 super
1736 1409 1786 1442 liis
1809 1408 1867 1441 ha·

1112 1467 1228 1500 bendis
1262 1466 1392 1499 servatis
1422 1464 1650 1509 processibus,
1680 1463 1865 1502 sententias,

1114 1531 1268 1554 censuras
1288 1526 1317 1554 et
1339 1519 1554 1563 poenasipsas
1572 1517 1666 1551 etiam
1681 1516 1801 1550 iteratis
1821 1517 1868 1549 vi-

1114 1574 1206 1607 cibus
1226 1574 1440 1617 aggravando,
1464 1573 1612 1606 invocato
1629 1571 1725 1604 etiam
1742 1571 1866 1611 adhoc,

1115 1628 1139 1661 si
1165 1639 1247 1672 opus
1272 1627 1389 1668 fuerit,
1417 1626 1537 1660 auxilio
1568 1624 1691 1658 brachii
1724 1624 1868 1658 saecula-

1115 1682 1171 1715 ris.

1159 1736 1174 1779 g
1198 1735 1252 1768 21.
1280 1734 1348 1767 Non
1373 1733 1579 1767 obstantibus
1604 1731 1801 1776 praemissis,
1833 1742 1869 1764 ac

1116 1789 1217 1823 felicis
1233 1787 1468 1823 recordationis
1489 1786 1646 1820 Bonisaeii
1667 1786 1772 1829 Papae
1792 1785 1868 1821 t'111.

1116 1842 1378 1888 praedecessoris
1397 1841 1511 1881 nostri,
1539 1841 1635 1874 etiam
1657 1850 1722 1883 qua
1741 1844 1871 1872 cavetur

1116 1907 1265 1940 expresse
1286 1907 1326 1930 ne
1344 1895 1414 1938 quis
1433 1902 1521 1929 extra
1542 1905 1633 1928 suam
1651 1893 1811 1927 civitatem
1822 1893 1872 1926 vel

1117 1950 1304 1991 dioecesim,
1324 1950 1385 1983 nisi
1407 1950 1440 1982 in
1458 1949 1552 1983 certis
1568 1948 1708 1992 exceptis
1728 1947 1869 1986 casibus,

1117 2011 1147 2039 et
1172 2005 1205 2037 in
1226 2004 1288 2037 illis
1309 2005 1395 2037 ultra
1414 2014 1513 2036 unam
1534 2002 1674 2035 diaetam
1690 2001 1784 2034 asine
1795 2011 1871 2033 suae

1117 2059 1275 2093 dioecesis
1294 2059 1334 2092 ad
1359 2058 1514 2092 iudicium
1546 2062 1715 2095 evocetur:
1747 2066 1802 2088 seu
1832 2065 1872 2087 ne

1118 2114 1243 2147 iudices
1264 2124 1280 2146 a
1305 2112 1386 2146 Sede
1406 2111 1573 2156 praedicta
1602 2109 1760 2154 deputati,
1783 2114 1871 2142 extra

1119 2168 1280 2201 civitatem
1300 2167 1348 2200 vel
1369 2165 1544 2200 dioecesim
1564 2165 1597 2197 in
1622 2163 1739 2208 quibus
1768 2163 1870 2207 depu-

1119 2222 1174 2254 tati
1187 2221 1305 2254 suerint
1319 2225 1431 2253 contra
1441 2229 1666 2263 quoscumque
1684 2217 1871 2260 procedere,

1119 2281 1176 2309 aut
1204 2274 1256 2308 alii
1281 2275 1331 2307 vel
1356 2273 1427 2307 aliis
1458 2273 1542 2307 vices
1568 2283 1641 2305 suas
1671 2271 1872 2305 committere

1119 2329 1258 2362 audeant
1287 2339 1344 2361 seu
1367 2331 1588 2371 praesumant,
1615 2331 1647 2359 et
1675 2325 1709 2358 in
1733 2324 1872 2358 concilio

1119 2382 1262 2426 generali
1283 2381 1368 2415 edita
1397 2381 1436 2414 de
1465 2373 1589 2413 duabus
1619 2378 1745 2419 diaetis,
1779 2378 1872 2411 dum—

1121 2432 1216 2465 modo
1246 2431 1331 2464 ultra
1358 2437 1421 2463 tres
1444 2429 1566 2463 diaetas
1586 2429 1705 2472 aliquis
1729 2427 1871 2460 auctori-

1120 2488 1188 2515 rate
1205 2482 1423 2525 praesentium
1445 2481 1484 2513 ad
1503 2479 1661 2513 iudicium
1679 2489 1742 2511 non
1764 2477 1871 2510 traha-

1121 2538 1191 2571 tur·,
1211 2542 1247 2564 ac
1268 2531 1387 2564 nostris
1404 2531 1442 2563 de
1455 2540 1520 2563 non
1531 2529 1675 2562 tollendo
1688 2528 1758 2560 iure
1771 2537 1871 2570 quae-

1121 2581 1180 2614 sito
1202 2586 1231 2614 et
1248 2580 1425 2614 unionibus
1444 2579 1483 2612 ad
1495 2584 1603 2622 partes
1619 2575 1870 2613 committendis,

1120 2629 1239 2663 vocatis
1263 2639 1403 2672 quorum
1429 2628 1578 2668 interest,
1606 2633 1635 2660 et
1663 2624 1872 2670 exprimendo

1865 226 1917 254 An.
1935 224 1964 252 C.
1982 222 2050 253 1588

1911 1731 2019 1752 Clausulas
2027 1730 2067 1752 de-

1885 1763 2001 1789 rogatortas
2016 1762 2065 1782 sub-

1885 1795 1957 1815 novur.
