2226 3070
202 307 255 342 An.
272 313 383 342 c.1587

280 1493 383 1513 Summam

200 1527 261 1546 trium
296 1526 382 1545 millium

199 1560 307 1577 scut-irum
317 1556 342 1576 ab
351 1558 383 1576 eis

203 1588 297 1611 persolvi
333 1590 382 1608 sta—

199 1620 244 1640 tuit.

444 303 508 338 0282

995 307 1173 332 BULLARIIIM
1193 306 1345 331 ROMANUM

1956 297 2009 332 An.
2027 303 2056 332 C.
2073 296 2140 332 1587

401 371 431 398 et
451 365 587 408 quilibet
616 375 728 398 eorum
758 363 884 401 vixerit,
911 371 969 405 per
989 371 1021 393 se
1049 360 1146 402 ipsos,
1167 361 1171 385 ¹
1191 358 1281 391 statis
1294 358 1492 402 apostolicae
1512 357 1727 401 plenitudine,
1749 358 1943 391 remittimus

399 419 520 462 ipsum,
548 418 596 451 vel
619 418 718 450 alium
741 428 797 449 seu
819 415 898 447 alios
930 424 1057 452 eorum,
1091 423 1148 445 seu
1191 416 1221 444 ct
1241 411 1465 444 condonamus
1486 410 1607 443 eisdem
1629 410 1895 444 irrevocabiliter.

397 472 466 505 eius
490 470 801 507 substitutos,etiam
816 469 978 501 dictorum
1001 467 1147 499 locorum

397 525 529 565 incolas,
543 529 578 556 ut
593 534 702 567 supra,
725 520 908 558 exercendi,
932 519 1074 558 tenendi,
1098 529 1148 551 re·
1191 521 1260 550 ctae
1281 516 1467 560 provinciae
1488 516 1639 559 illiusque
1665 516 1828 549 civitatum
1849 521 1880 549 et
1899 517 1945 549 lo-

395 575 925 620 gendictgubernandi,reservata
939 571 1149 616 dispositione
1191 579 1303 601 corum
1334 568 1619 611 gubernatoribus,
1647 568 1872 612 potestatibus,
1896 569 1944 601 iu-

396 630 471 663 dicti
495 629 614 668 officii,
636 635 663 660 et
691 627 761 660 eius
783 627 948 659 fructuum
972 625 1079 669 quoad
1102 636 1150 657 re-

396 683 622 725 signationem,
650 680 926 718 distributionem,
949 677 1150 710 substitutio-

395 747 469 768 nem
490 741 520 767 et
548 733 761 767 afflictationes
791 732 968 772 faciendas,
996 731 1099 775 pretio
1120 737 1148 763 et

394 788 606 832 responsione
622 786 864 825 conveniendis,
883 791 911 817 et
931 786 1096 817 fructuum
1114 795 1150 816 ac

396 841 489 886 pretii
505 840 742 884 perceptiones,
752 838 864 872 Ioanni
874 838 990 871 Iacobo
1001 838 1149 876 Nemeto,

396 894 544 928 similiter
564 894 643 926 iuris
670 893 840 936 utriusque
870 891 1014 931 doctori,
1037 901 1149 923 eorum

397 947 486 980 fratri
519 946 631 979 maiori
662 951 753 986 natu,
781 956 856 978 casu
886 955 951 988 quo
972 944 1080 986 aliqua
1101 943 1150 976 di-

396 1000 524 1033 srordia
544 1000 686 1032 oriretur
706 999 790 1031 inter
810 998 908 1041 ipsos,
932 998 1017 1030 dicta
1037 1002 1150 1030 aucto-

398 1054 491 1086 ritate
512 1053 723 1086 concedimus
748 1057 778 1084 ct
803 1051 1017 1094 assignamus:
1047 1050 1150 1093 ipsos-

396 1117 460 1150 que
491 1105 689 1139 Marcianum
715 1110 744 1137 et
770 1103 996 1137 Maximianum
1024 1103 1056 1135 in
1086 1109 1150 1136 tota

397 1160 484 1192 dieta
508 1159 673 1203 provincia
698 1164 729 1191 et
750 1158 836 1190 illius
857 1157 1097 1196 iurisdictione,
1121 1162 1148 1189 et

396 1213 574 1256 quemlibet
610 1212 768 1255 ipsorum,
796 1211 828 1243 in
854 1210 995 1243 solidum
1016 1209 1151 1242 advoca-

398 1272 479 1306 tum,
507 1271 754 1308 procuratorem
782 1269 928 1296 nostrum
955 1263 1098 1296 fiscalem
1121 1268 1150 1294 ct

397 1319 658 1352 commissarium
693 1318 907 1361 apostolicum
942 1322 1148 1359 perpetuum,

398 1379 563 1416 utsupra,
591 1382 665 1405 cum
695 1370 913 1408 facultatibus,
935 1370 1151 1403 concessioni-

397 1425 458 1458 bus
478 1430 507 1457 et
529 1424 663 1457 indultis
684 1424 786 1457 solitis
805 1434 842 1456 ac
863 1423 933 1456 aliis
958 1422 1151 1466 supradietis

399 1479 534 1511 facimus
566 1484 597 1510 et
627 1477 833 1520 deputamus,
856 1487 929 1509 eum
961 1477 1022 1509 hac
1045 1482 1151 1508 tamen

398 1531 583 1565 conditione
604 1530 742 1570 adiecta,
769 1529 856 1573 quod
882 1529 941 1573 ipsi
971 1530 1151 1569 Marcianus

398 1591 426 1618 et
447 1584 659 1617 Maximianus
687 1595 744 1616 seu
772 1584 908 1616 Ioannes
933 1582 1080 1622 Iacobus,
1103 1583 1150 1615 vel

398 1637 480 1670 alius
496 1648 609 1670 eorum
634 1636 777 1676 nomine,
802 1636 833 1668 in
854 1642 1000 1668 nostram
1021 1642 1051 1668 et
1068 1637 1151 1679 Apo-

399 1692 530 1724 stolicae
559 1691 650 1724 Sedis
675 1690 934 1730 subventionem,
963 1690 1086 1722 solvere
1108 1695 1152 1721 te-

398 1750 536 1778 neantur
556 1744 588 1776 in
617 1743 766 1776 manibus
801 1743 910 1775 dilecti
935 1742 993 1775 filii
1023 1742 1151 1775 Ioannis

399 1797 567 1840 Augustini
593 1796 719 1836 Pinetli,
746 1796 908 1839 generalis
932 1796 1033 1828 nostri
1055 1796 1151 1838 depo-

399 1850 521 1890 sitarii,
549 1860 709 1883 summam
740 1849 956 1892 pecuniarum
983 1853 1149 1886 scutorum

400 1903 496 1936 trium
524 1903 662 1935 millium
684 1908 845 1941 monetae,
869 1902 906 1935 de
925 1902 1013 1934 iuliis
1038 1901 1149 1934 decem

399 1966 457 2000 pro
487 1956 629 1999 quolibet
652 1961 755 1995 scuto,
779 1955 950 1988 relevando
975 1965 1029 1987 eos
1049 1955 1088 1987 ab
1115 1965 1150 1987 o-

398 2020 474 2042 nere
486 2009 642 2052 probandi
657 2008 757 2041 dictas
773 2008 987 2052 pecuniarum
1009 2019 1151 2040 summas

399 2072 466 2095 esse
487 2072 657 2095 conversas
682 2061 715 2095 in
741 2061 999 2101 subventionem,
1030 2061 1151 2094 utilita—

399 2122 462 2148 tem
483 2122 513 2148 et
533 2114 755 2148 necessitatem
777 2120 918 2147 nostram
945 2121 973 2147 et
996 2114 1086 2147 Sedis
1109 2116 1150 2147 A·

398 2168 584 2212 postolicae.
613 2168 812 2201 Declarando
840 2168 957 2201 dictam
990 2178 1149 2201 summam

400 2222 467 2253 sore
492 2227 523 2254 et
543 2231 610 2253 esse
631 2221 751 2254 iustum
771 2221 913 2264 pretium
934 2221 1096 2254 dictorum
1109 2222 1151 2253 os-

399 2274 563 2314 ficiorum‚
591 2285 673 2317 quae
699 2274 909 2307 concedimus
935 2274 967 2307 in
986 2274 1048 2307 vim
1072 2285 1150 2308 con-

400 2332 521 2360 tractus
548 2327 617 2359 initi
644 2328 813 2360 nobiscum
835 2328 1098 2362 inretractabilisz
1122 2333 1151 2360 et

400 2385 425 2417 si
442 2385 516 2428 plus
539 2385 681 2417 valerent
698 2386 745 2418 vel
766 2386 871 2418 valere
892 2392 1033 2429 possent,
1053 2385 1149 2418 etiam

400 2442 433 2474 in
455 2451 570 2484 magna
583 2447 611 2474 et
624 2453 830 2485 quacumque
846 2443 1039 2486 quantitate,
1056 2443 1149 2475 etiam

401 2499 485 2532 ultra
511 2499 678 2531 dimidiam
707 2505 734 2532 et
765 2500 954 2533 ulteriorem
975 2510 1148 2539 summam,

401 2556 433 2588 in
453 2566 582 2599 magna,
606 2556 719 2589 maiori
747 2563 774 2589 et
798 2558 936 2590 maxima
956 2557 1148 2600 quantitate,

401 2623 497 2646 omne
517 2614 549 2646 id
575 2619 602 2646 et
626 2619 728 2646 totum
755 2613 833 2646 illud
855 2614 927 2657 plus
947 2614 1068 2647 eisdem
1097 2624 1153 2646 no-

402 2673 478 2706 stris
491 2677 577 2706 certa
589 2672 736 2713 scientia,
758 2678 849 2706 motu
868 2673 1004 2717 proprio
1016 2678 1045 2706 ct
1060 2679 1150 2716 pote-

1235 464 1250 506 ἓ
1271 463 1301 496 6.
1326 464 1511 497 Mandantes
1531 463 1683 496 omnibus
1695 468 1727 496 et
1744 463 1877 506 singulis
1897 463 1944 496 di·
1984 474 2025 495 Eos
2041 475 2061 495 in
2077 480 2142 495 mos

1958 508 2121 532 procuratorem
2147 520 2152 528 ‚

1959 538 2083 557 advocatum
2120 538 2142 557 et

1965 568 2133 588 commissarium

1959 599 2041 619 admitti
2057 598 2122 618 iubet.

1191 622 1327 659 dit-ibus,
1357 622 1579 659 thesaurariis,
1603 621 1808 664 depositariis
1828 627 1858 654 et
1875 621 1944 654 offi-

1191 675 1337 711 cialibus,
1365 675 1542 719 prioribus,
1566 674 1763 713 hominibus,
1787 674 1944 707 universi-

1194 728 1312 761 tatibus
1341 735 1371 761 et
1399 728 1471 760 aliis
1495 728 1769 771 quibuscumque,
1792 727 1832 760 ad
1863 738 1945 771 quos

1192 787 1316 824 spectat
1335 786 1364 813 et
1385 791 1444 824 pro
1470 786 1618 825 tempore
1643 780 1811 824 spectabit,
1835 786 1946 823 quate-

1192 844 1253 867 nus
1271 835 1372 867 dictos
1384 834 1581 867 Marcianum
1603 841 1631 867 et
1653 834 1892 871 Maximianum,
1915 839 1946 866 et

1193 887 1372 930 quemlibet
1392 898 1506 921 corum
1527 888 1558 920 in
1583 887 1735 924 solidum,
1759 893 1788 920 et
1810 887 1943 920 cuiusli-

1192 940 1245 974 bet
1261 951 1373 973 eorum
1395 940 1596 977 substitutos,
1618 940 1773 973 officiales
1798 945 1829 972 et
1850 940 1946 972 mini-

1192 999 1275 1025 stros
1295 1004 1330 1026 ac
1352 993 1565 1026 cancellarios
1584 993 1624 1026 ad
1641 993 1726 1026 dicta
1746 992 1851 1026 officia
1871 993 1944 1026 illo-

1193 1057 1331 1089 rumque
1349 1046 1450 1079 libera
1471 1047 1623 1080 exercitia
1648 1046 1818 1079 admittant
1848 1051 1878 1079 et
1897 1056 1948 1078 re-

1194 1099 1326 1144 cipiant,
1351 1110 1491 1143 vereque
1508 1105 1643 1133 tractent
1657 1106 1686 1133 et
1700 1105 1943 1142 recognoscant,

1194 1152 1321 1196 illisque
1349 1159 1376 1185 et
1400 1153 1530 1186 cuilibet
1553 1163 1666 1186 eorum
1687 1153 1727 1185 dc
1747 1152 1850 1185 solitis
1870 1151 1947 1184 iuri-

1192 1206 1263 1240 hus.
1298 1207 1546 1247 emolumentis,
1578 1205 1707 1249 regaliis
1740 1211 1770 1239 et
1797 1205 1866 1238 aliis
1894 1215 1948 1238 su-

1193 1260 1348 1302 pradictis
1378 1260 1594 1303 respondeant
1623 1265 1653 1292 et
1682 1258 1873 1303 responderi
1902 1258 1948 1290 fa-

1193 1312 1292 1345 ciant.

1237 1367 1252 1408 g
1273 1366 1304 1399 7.
1327 1366 1482 1399 Yolumus
1507 1376 1639 1409 quoque
1667 1371 1700 1398 ut
1721 1365 1796 1398 dicti
1816 1365 1948 1398 Mareia·
1987 1377 2055 1398 sma-
2077 1377 2145 1404 „nvi-

1194 1429 1254 1451 nus
1273 1424 1301 1451 et
1333 1419 1544 1452 Maximianus
1570 1418 1721 1455 babeant,
1754 1423 1783 1451 et
1812 1418 1947 1461 quilibet
1961 1408 2064 1460 ’ςζῗὶὶεῆς
2086 1413 2145 1428 ‘⁰¹¹‘

1194 1482 1307 1504 eorum
1333 1472 1461 1507 babeat,
1490 1472 1743 1516 praerogativas,
1771 1471 1948 1515 preceden-

1195 1525 1264 1561 tias,
1289 1525 1561 1569 praeeminentias,
1584 1525 1704 1568 gradus
1725 1531 1755 1558 et
1775 1535 1949 1567 quaecum-

1193 1589 1255 1621 que
1281 1579 1354 1614 alia,
1385 1590 1477 1622 quos,
1505 1588 1586 1622 quas
1613 1585 1643 1611 et
1663 1589 1747 1622 quae
1768 1577 1854 1611 soliti
1874 1584 1949 1612 sunt

1193 1632 1313 1665 habere
1352 1632 1567 1665 commissarii
1604 1632 1773 1675 generales
1803 1642 1821 1664 a
1855 1631 1949 1664 nobis

1194 1691 1222 1717 et
1244 1685 1325 1718 Sede
1350 1685 1535 1728 Apostolica
1563 1685 1751 1722 transmissi,
1780 1690 1809 1717 et
1831 1685 1876 1718 eis
1895 1685 1949 1717 de-

1193 1738 1330 1778 bentur,
1353 1744 1384 1771 ct
1404 1739 1491 1782 quod
1514 1738 1671 1782 praedicti
1694 1744 1723 1771 et
1743 1737 1879 1780 quilibet
1909 1738 1948 1771 de

1194 1791 1365 1824 cuiuslibet
1378 1802 1490 1824 eorum
1512 1791 1635 1823 familia
1656 1790 1834 1830 substituti,
1857 1796 1948 1824 nota-

1194 1844 1250 1879 rii,
1285 1844 1440 1877 officiales
1467 1850 1497 1877 et
1524 1844 1674 1880 ministri,
1699 1844 1750 1876 die
1784 1848 1947 1886 noctuque

1193 1897 1314 1940 possint
1333 1908 1559 1940 quaecumque
1580 1907 1670 1929 arma
1686 1897 1764 1929 alias
1784 1896 1947 1940 prohibita

1194 1950 1332 1987 deferre,
1346 1950 1457 1987 nullis,
1473 1956 1701 1994 praeterquam
1718 1949 1948 1983 archihusettis

1193 2004 1348 2036 brevioris
1381 2014 1552 2036 mensurae
1586 2003 1726 2036 duarum
1748 2003 1944 2046 palmarum,

1193 2057 1345 2100 exceptis.

1237 2111 1252 2153 ξ
1273 2110 1304 2143 8.
1336 2110 1543 2142 Declarantes
1568 2108 1654 2142 dieta
1680 2108 1786 2142 officia
1817 2108 1886 2141 sore
1915 2113 1947 2141 et
1961 2112 2006 2134 Uno
2030 2114 2144 2150 ‘fecem-

1193 2173 1261 2195 esse
1283 2163 1416 2203 nobilia,
1440 2168 1471 2195 et
1488 2162 1671 2204 dignitates,
1686 2167 1717 2194 et
1737 2171 1804 2194 non
1817 2166 1941 2195 tantum
1961 2145 2145 2198 2303'2'1032?

1193 2217 1377 2260 praedictos
1393 2227 1460 2248 esse
1481 2216 1656 2258 delegatos,
1680 2215 1735 2247 sed
1748 2215 1844 2247 etiam
1864 2215 1948 2248 iudi-

1194 2279 1246 2302 ces
1257 2274 1283 2301 et
1294 2268 1532 2302 commissarios
1541 2268 1876 2308 ordinarios‚durante
1884 2267 1947 2300 vita

1194 2322 1357 2355 dictorum
1378 2327 1410 2356 et
1444 2322 1616 2355 cuiuslibet
1644 2332 1778 2361 eorum;
1811 2325 1841 2354 et
1870 2325 1946 2354 casu

1194 2385 1259 2418 quo
1290 2386 1375 2408 unus
1404 2385 1517 2408 eorum
1551 2379 1677 2407 tantum
1710 2373 1859 2417 supersit,
1892 2373 1946 2406 ille

1194 2428 1280 2461 solus
1300 2429 1413 2461 habeat
1435 2433 1465 2461 et
1483 2433 1630 2461 exerceat
1650 2427 1734 2460 dicta
1750 2426 1856 2459 officia
1869 2436 1945 2459 cum

1194 2478 1388 2522 supradictis
1408 2477 1654 2510 auctoritatibus
1674 2482 1704 2509 et
1715 2475 1946 2510 emolumentis

1194 2537 1230 2558 ac
1255 2527 1324 2559 aliis
1353 2526 1582 2570 suprascriptis
1607 2525 1639 2557 in
1667 2525 1819 2557 omnibus
1838 2528 1868 2556 et
1887 2533 1946 2566 per

1194 2586 1315 2607 omma.

1238 2625 1252 2666 ξ
1272 2623 1304 2657 9.
1320 2623 1388 2656 Non
1409 2623 1556 2655 obstante
1577 2623 1689 2665 regula
1699 2626 1809 2654 nostra
1821 2620 1860 2653 de
1873 2619 1943 2652 iure
1957 2621 2075 2673 “⁸¹:320ess
2092 2627 2142 2642 ‘⁰1¹-

1195 2672 1340 2716 quaesito
1371 2681 1438 2705 non
1464 2671 1617 2711 tollendo,
1648 2676 1679 2703 et
1706 2671 1745 2703 de
1773 2669 1884 2713 gratiis
1911 2673 1944 2701 et
2030 2668 2035 2673 '
