2226 3070
241 284 291 310 An.
308 284 335 311 C.
359 283 423 311 1591

270 870 366 891 Clausula
382 870 429 889 sub-

247 898 295 918 lata.
310 899 345 916 etc.

276 1559 432 1585 Exequutoruni

249 1586 367 1612 deputatio.

473 274 537 307 500

444 339 491 365 tac
511 333 727 369 Taurinensis,
742 333 771 365 S.
783 332 842 365 Viti
854 332 885 363 in
898 330 1052 364 Carrnbio
1064 330 1184 363 Medio-

442 385 600 423 lanensis,
635 386 824 418 Sanctorum
853 384 1038 417 Catlicrinae
1074 389 1102 415 ct
1124 384 1185 415 Ro-

442 438 562 471 mualdi
579 438 810 477 Cremonensis,
826 447 950 469 necnon
969 436 999 468 S.
1018 435 1185 477 Augustini

443 492 481 524 de
493 492 642 524 Bassiano
656 492 694 523 de
706 490 850 525 Abrntio,
869 495 896 522 et
910 489 1005 521 etiam
1018 490 1048 522 S.
1064 488 1185 522 Nicolai

443 546 481 578 de
502 545 605 578 Cornu
618 544 759 576 eiusdem
772 543 954 586 provinciae
968 542 1092 575 Abrutii
1104 543 1186 575 Pen-

443 598 550 630 nensis
568 608 641 630 suos
662 597 791 629 abbates
813 602 840 629 ct
877 597 1036 639 praelatos
1054 595 1183 637 eligere,

445 652 598 694 deputare
630 661 667 682 ac
688 650 874 686 instituere,
908 655 939 681 nt
966 649 997 681 in
1025 649 1094 681 aliis
1123 649 1187 681 suis

445 703 645 736 monasteriis
666 703 768 735 dictae
781 702 1049 744 congregationis,
1066 702 1186 745 possint

445 763 472 789 et
494 757 629 789 valeant.

490 811 505 851 g
528 809 579 841 ta.
603 810 818 842 Decernentes
835 810 879 842 sic
901 816 931 842 et
947 820 1012 843 non
1028 809 1119 842 aliter
1132 820 1190 852 per

445 873 665 906 quoscumque
690 863 822 903 iudices,
861 865 972 906 quavis
998 863 1189 896 auctoritate

445 916 628 957 fungentes,
652 916 748 949 etiam
773 917 918 949 locorum
939 916 1124 949 Ordinarios
1154 927 1189 948 ac

445 970 474 1002 S.
499 969 534 1002 R.
558 970 591 1002 E.
614 969 803 1009 cardinales,
828 970 925 1002 etiam
951 970 989 1002 de
1014 970 1114 1002 latere
1143 970 1189 1002 le—

445 1028 546 1063 gatos,
567 1022 769 1065 vicelegatos,
790 1023 879 1056 Sedis
892 1023 1189 1066 Apostolicaenun-

446 1074 511 1108 cios
532 1081 563 1107 et.
583 1087 753 1109 causarum
770 1076 880 1109 Palatii
902 1077 1076 1120 Apostolici
1098 1076 1189 1109 audi-

447 1134 542 1169 tores,
556 1129 680 1162 sublata
702 1130 746 1163 cis
759 1136 786 1163 et
803 1141 915 1163 eorum
929 1130 1058 1163 cuilibet
1080 1130 1190 1173 quavis

447 1182 538 1215 aliter
558 1182 721 1216 iudicandi
742 1189 771 1215 et
792 1183 1023 1227 interpretandi
1041 1184 1190 1216 facultate

448 1241 478 1268 et
498 1237 697 1275 auctoritate,
721 1237 840 1280 ubique
861 1237 995 1270 iudicari
1015 1243 1045 1270 et
1060 1237 1189 1270 diffiniri

449 1288 576 1321 debere.
601 1289 728 1322 Irritum
755 1301 883 1334 quoque
915 1296 943 1323 ct
974 1290 1068 1323 inane
1102 1290 1191 1333 quic-

449 1343 526 1386 quid
537 1353 628 1375 secns
648 1354 745 1387 super
765 1343 813 1376 his
834 1354 851 1376 a
872 1354 1056 1387 quoquam,
1081 1344 1191 1387 quavis

449 1396 648 1437 auctoritate,
672 1397 809 1429 scienter
828 1397 876 1429 rel
898 1397 1098 1439 ignoranter,
1116 1407 1192 1430 con-

448 1449 555 1491 tigerit
575 1450 732 1482 attentari.

493 1503 508 1545 g
528 1502 580 1535 ⁴14.
605 1503 639 1535 Et
662 1503 873 1537 nibilominus
894 1504 998 1537 eidem
1017 1505 1191 1537 venerabili

449 1556 537 1588 fratri
558 1562 668 1589 nostro
689 1557 876 1590 Ptolomaeo
897 1558 1048 1601 episcopo
1073 1559 1192 1591 Tuscu-

450 1610 522 1642 lano
544 1610 573 1643 S.
596 1611 631 1643 R.
655 1611 688 1643 E.
707 1611 1031 1649 eardinaliComensi,
1049 1612 1193 1646 eiusdem

449 1664 707 1706 congregationis
725 1670 752 1696 et
772 1664 899 1697 Ordinis
919 1666 1094 1708 protectori
1109 1677 1194 1699 nunc

450 1722 480 1749 et
499 1728 557 1760 pro
576 1723 720 1761 tempore
741 1718 897 1755 existenti,
922 1729 957 1751 ac
979 1719 1095 1751 dilecto
1127 1719 1193 1752 tilio

450 1770 557 1803 curiae
570 1782 738 1803 causarum
760 1772 910 1804 Gamerae
923 1773 1125 1815 Apostolieae
1139 1784 1194 1815 ‹ge-

450 1824 551 1856 nerali
572 1824 722 1863 auditori,
746 1835 803 1868 per
823 1830 1008 1868 praesentes
1019 1826 1194 1859 committi-

452 1888 522 1909 nius
543 1882 574 1909 et
591 1878 781 1910 mandamus
802 1883 960 1921 quatenus
981 1878 1051 1922 ipsi,
1069 1879 1116 1911 vel
1131 1879 1194 1911 duo

452 1936 506 1963 aut
525 1942 608 1963 unus
629 1942 752 1968 eorum,
781 1942 838 1975 per
868 1943 900 1964 se
934 1933 980 1964 vel
1011 1933 1108 1965 alium
1140 1944 1195 1965 seu

452 1984 542 2020 alios,
566 1990 749 2027 praesentes
769 1985 901 2022 litteras,
923 1985 977 2017 ubi
1010 1991 1038 2018 et
1065 1987 1195 2029 quando

453 2048 533 2081 opus
553 2038 657 2075 fuerit,
679 2049 714 2070 ae
732 2039 857 2081 quoties
875 2049 932 2082 pro
954 2044 1044 2082 parte
1065 2050 1195 2072 eorum-

454 2090 526 2122 dem
547 2091 714 2132 generalis,
738 2091 948 2129 visitatorum,
963 2092 1079 2135 prioris
1097 2094 1196 2126 eremi

454 2150 482 2176 et
504 2145 763 2186 congregationis
783 2145 967 2189 praedictae
989 2151 1040 2178 aut
1063 2147 1197 2180 alicuius

455 2208 566 2230 eorum
588 2199 703 2232 suerint
725 2199 880 2242 requisiti,
893 2201 1198 2244 solenmiterpubli-

455 2258 574 2291 cantes,
599 2252 707 2295 eisque
729 2253 759 2284 in
778 2254 963 2296 praemissis
983 2254 1121 2288 efficacis
1141 2256 1196 2288 de-

456 2305 608 2338 fensionis
622 2306 781 2348 praesidio
799 2307 989 2347 assistentes,
1008 2308 1124 2341 saciant
1141 2320 1198 2341 au-

457 2359 602 2392 ctoritate
622 2365 730 2392 nostra
752 2362 879 2394 easdem
900 2368 1084 2405 praesentes
1114 2363 1198 2396 litte-

457 2423 508 2445 ras
527 2418 554 2445 et
579 2413 609 2445 in
632 2413 675 2446 eis
689 2420 838 2447 contenta
859 2426 1082 2459 quaecumque
1098 2416 1198 2450 invio-

458 2465 596 2498 labiliter
625 2467 786 2499 observari
821 2479 857 2500 ac
889 2469 1019 2512 plenum
1050 2470 1199 2502 effectum

458 2519 579 2557 sortiri;
611 2530 737 2553 necnon
768 2523 967 2562 generalem,
1007 2523 1196 2564 risitatores,

459 2573 599 2613 abbates,
623 2573 746 2617 priores
768 2580 795 2606 et
818 2575 993 2608 monachos
1018 2576 1201 2619 praedictos

459 2633 489 2659 et.
516 2637 628 2660 eorum
658 2627 801 2669 singulos
832 2629 981 2661 omnibus
1019 2629 1202 2672 praemissis

459 2680 593 2724 pacifice
613 2680 674 2714 frui
695 2686 726 2714 et
745 2681 895 2724 gaudere,
919 2692 984 2715 non
1013 2682 1202 2726 permitten-

1024 283 1206 307 BULLARIUM
1227 282 1380 306 ROMANUM

1221 334 1264 362 tes
1279 339 1333 362 eos
1347 334 1375 362 et
1397 339 1509 362 corum
1528 329 1704 372 quemlibet
1721 330 1869 373 desuper,
1883 341 1961 363 con-

1221 388 1266 414 tra
1298 382 1516 425 praesentium
1548 388 1712 422 tenorem,
1750 383 1809 415 sub
1850 384 1962 426 quovis

1219 440 1398 478 praetextu,
1423 435 1518 468 etiarn
1540 435 1757 479 subreptionis
1788 436 1836 468 vel
1866 437 1961 469 obre-

1220 489 1338 532 ptionis
1355 495 1407 522 aut
1429 489 1585 522 nullitatis
1605 489 1691 530 vitio,
1716 489 1811 522 etiam
1838 490 1963 523 defectu

1221 542 1405 576 intentionis
1426 548 1565 581 nostrae,
1589 554 1646 586 per
1659 553 1880 586 quoscumque
1893 554 1964 577 mo-

1220 596 1340 635 lestari,
1364 595 1547 639 perturbari
1568 596 1616 628 vel
1637 595 1798 639 impediri.
1832 596 1964 629 Contra-

1221 649 1359 682 dictores
1379 649 1625 693 quomodolibet
1646 655 1676 682 et
1695 650 1841 687 rebelles,
1870 649 1964 682 etiam

1222 713 1278 745 per
1297 703 1482 743 sententias,
1504 713 1654 735 censuras
1672 708 1700 735 et
1722 713 1842 746 poenas
1862 702 1965 735 eccle-

1221 756 1364 788 siasticas
1389 756 1515 799 aliaque
1545 763 1727 800 opportuna
1745 755 1823 789 iuris
1847 761 1877 789 et
1893 755 1965 789 sacti

1222 809 1377 847 remedia,
1402 809 1618 853 appellatione
1629 809 1817 853 postposita,
1835 820 1965 853 compe-

1222 863 1356 899 scendo:
1377 863 1593 906 legitimisque
1614 874 1711 907 super
1732 863 1781 896 his
1809 863 1966 897 habendis

1222 916 1354 949 servatis
1374 916 1589 960 processibus,
1608 917 1793 957 sententias,
1816 927 1967 950 censuras

1223 975 1253 1003 et
1263 980 1384 1013 poenas
1401 970 1495 1014 ipsas,
1520 970 1615 1003 etiarn
1636 970 1756 1003 iteratis
1774 969 1894 1003 vicibus
1913 980 1968 1013 ag-

1223 1023 1398 1065 gravando,
1423 1023 1570 1056 invocato
1588 1023 1685 1056 etiam
1706 1023 1745 1055 ad
1759 1022 1831 1063 hoc,
1848 1023 1873 1056 si
1886 1033 1968 1066 opus

1224 1077 1331 1114 suerit,
1356 1076 1473 1109 auxilio
1495 1076 1619 1109 brachii
1637 1076 1821 1110 saecularis.

1269 1131 1283 1174 ξ
1304 1130 1356 1163 15.
1380 1131 1451 1163 Non
1481 1130 1682 1163 obstantibus
1703 1135 1814 1164 nostra
1843 1129 1882 1162 de
1902 1140 1967 1163 non

1225 1184 1440 1217 concedendis
1458 1183 1676 1226 >indulgentiis
1704 1184 1743 1216 ad
1778 1183 1898 1224 instar,
1931 1194 1968 1217 ac

1224 1236 1323 1269 felicis
1336 1237 1570 1270 recordationis
1583 1236 1737 1270 Bonisacii
1751 1237 1855 1281 Papae
1866 1236 1969 1270 octavi

1224 1290 1482 1333 praedecessoris
1502 1290 1615 1331 nostri,
1639 1291 1678 1323 de
1698 1301 1773 1331 una,
1797 1296 1827 1323 et
1840 1291 1873 1324 in
1886 1301 1966 1324 con-

1226 1345 1300 1377 cilio
1325 1344 1467 1386 generali
1498 1344 1584 1377 edita
1615 1345 1654 1377 de
1682 1344 1806 1377 duabus
1837 1344 1966 1386 diaetis,

1226 1397 1360 1441 aliisque
1381 1397 1564 1441 apostolicis
1582 1403 1611 1430 et
1632 1397 1664 1430 in
1677 1397 1928 1441 provincialibus
1941 1404 1972 1431 et

1225 1451 1433 1495 synodalibus
1453 1450 1598 1484 conciliis
1625 1451 1734 1491 editis,
1766 1451 1971 1493 generalibus

1226 1506 1273 1538 vel
1294 1505 1555 1549 particularibus,
1571 1505 1855 1538 constitutionibus
1872 1510 1903 1539 et
1920 1516 1972 1539 or-

1227 1559 1457 1599 dinationibus,
1473 1558 1568 1592 etiam
1591 1559 1783 1599 iuramento,
1800 1559 1972 1592 confirma-

1227 1613 1313 1646 tione
1334 1613 1509 1656 apostolica
1528 1613 1576 1646 vel
1595 1612 1705 1656 quavis
1730 1612 1883 1646 firmitate
1911 1612 1973 1646 alia

1227 1666 1397 1706 roboratis,
1420 1666 1556 1706 statutis,
1585 1665 1884 1707 consuetudinibus,
1919 1666 1974 1700 de-

1228 1719 1468 1757 clarationibus,
1493 1719 1740 1752 inhibitionibus
1760 1724 1788 1752 et
1819 1719 1970 1759 decretis;

1229 1773 1413 1817 privilegiis,
1429 1784 1569 1817 quoqne,
1585 1773 1717 1814 indultis
1726 1779 1756 1806 et
1768 1773 1883 1806 litteris
1894 1784 1973 1818 apo-

1228 1827 1358 1864 stolicis,
1382 1826 1506 1869 legatis,
1527 1826 1653 1859 nunciis
1678 1832 1709 1859 et
1731 1826 1909 1860 Ordinariis
1937 1838 1974 1860 ac

1229 1880 1531 1922 congregationibus
1549 1885 1580 1913 et
1599 1879 1773 1914 Ordinibus
1787 1879 1970 1923 praedictis,

1229 1933 1287 1966 sub
1305 1933 1563 1976 quibuscumque
1592 1933 1758 1966 tenoribus
1787 1938 1818 1966 et
1848 1933 1971 1974 formis,

1230 1998 1265 2019 ac
1287 1998 1359 2020 curn
1382 1987 1556 2030 quibusvis,
1581 1986 1677 2020 etiam
1696 1986 1974 2029 derogatoriarum

1230 2040 1452 2083 derogatoriis,
1474 2040 1608 2084 aliisque
1629 2040 1862 2074 efficacioribus
1882 2046 1913 2074 et
1925 2041 1974 2074 in-

1230 2094 1329 2128 solitis
1359 2093 1510 2126 clausulis
1538 2099 1569 2127 et
1596 2093 1733 2127 decretis
1761 2093 1972 2135 irritantibus,

1231 2148 1262 2180 in
1280 2158 1397 2189 genere
1417 2147 1465 2180 vel
1486 2147 1517 2179 in
1534 2147 1652 2190 specie,
1677 2157 1735 2191 per
1754 2157 1976 2191 quoscumque

1231 2203 1391 2235 Romanos
1419 2201 1591 2234 Pontifices
1622 2201 1885 2244 praedecessores
1915 2212 1975 2235 no-

1231 2260 1314 2289 stros
1334 2265 1370 2287 ac
1388 2265 1446 2288 nos
1464 2260 1494 2288 et
1506 2255 1620 2288 Sedent
1634 2254 1863 2298 Apostolicam‚
1879 2254 1974 2288 etiam

1232 2314 1322 2342 motu
1342 2308 1437 2341 simili
1470 2313 1501 2341 et
1533 2307 1801 2341 concistorialiter
1823 2313 1878 2341 aut
1898 2308 1976 2342 alias

1232 2363 1477 2407 quomodolibet
1494 2362 1663 2402 concessis,
1685 2367 1716 2395 et
1735 2362 1831 2395 etiam
1856 2361 1977 2395 iteratis

1233 2416 1355 2449 vicibus
1385 2416 1571 2459 approbatis
1599 2421 1630 2448 et
1651 2415 1820 2448 innovatis.
1855 2415 1977 2454 Quibus

1234 2469 1384 2502 omnibus
1402 2474 1432 2501 et
1448 2468 1592 2511 singulis,
1618 2468 1741 2502 etiamsi
1772 2479 1832 2512 pro
1846 2468 1976 2502 illorum

1234 2522 1404 2555 sufficienti
1426 2522 1646 2564 derogatione,
1664 2522 1702 2554 de
1720 2521 1782 2554 illis
1799 2530 1978 2564 eorumque

1237 2575 1309 2608 totis
1326 2575 1493 2608 tenoribus
1513 2580 1544 2608 et
1565 2574 1675 2608 formis
1695 2574 1853 2618 specialis,
1872 2573 1977 2618 speci-

1236 2629 1307 2667 fica,
1340 2639 1488 2672 expressa
1508 2634 1538 2673 et
1564 2628 1741 2668 individua,
1762 2639 1798 2660 ac
1820 2628 1859 2660 de
1879 2626 1976 2660 verbo

1237 2682 1277 2715 ad
1294 2682 1440 2722 verbum,
1464 2692 1529 2715 non
1550 2687 1656 2715 autem
1673 2692 1732 2725 per
1751 2680 1909 2714 clausulas
1921 2690 1977 2723 ge-

1974 282 2022 309 An.
2044 282 2073 309 C.
2093 282 2156 309 159¹

2005 1140 2116 1170 Clausulae
2132 1140 2167 1159 de-

1983 1169 2111 1193 rogatoriae.
