2226 3070
496 254 560 288 686
1049 263 1230 288 mmmmm«
1251 263 1405 289 nomana

541 328 736 372 deputatque
766 326 1022 361 commissarium
1055 326 1094 359 ad
1129 325 1300 369 exigendas
1325 331 1411 359 taxas
1440 325 1608 370 hucusque
1632 336 1697 360 non
1725 327 1857 368 solutas,
1882 326 1944 360 147
1968 339 1999 361 α..

541 380 635 421 Lites,
661 379 687 413 si
712 391 794 425 quae
816 386 920 419 erunt,
949 390 966 412 a
995 378 1143 424 praeside
1163 379 1395 413 Romandiolae
1417 379 1626 420 decidendae,
1649 379 1728 413 ibid.
1755 380 1782 413 b.
1810 379 2003 423 vigesimam

541 433 763 467 commissario
788 433 937 475 assignat,
966 432 1044 465 ibid.
1072 433 1107 466 In
1135 438 1300 476 posterum
1326 443 1401 466 vero
1427 432 1617 466 thesaurarii
1636 433 1876 477 provinciarum
1901 439 2002 467 [axam

542 487 677 530 exigent,
702 486 764 519 1148
789 497 818 519 a.
848 486 1067 530 Exequutores
1092 486 1234 530 deputat,
1259 486 1337 518 ibid.

451 541 562 575 Teme}
584 540 750 584 oppidum.
775 539 947 581 Gregorius
967 539 1033 573 XIII
1059 539 1226 573 ecclesiam
1248 540 1486 574 Teruellensem
1512 539 1727 584 episcopalem
1753 546 1908 581 erexerat,
1931 542 2005 575 dote

540 600 571 627 et
594 593 731 626 dioecesi
757 593 927 635 assignata,
955 592 1018 625 286
1040 593 1057 625 b
1082 599 1111 626 et
1131 604 1195 637 seq.
1216 593 1267 626 Ius
1288 593 1516 637 praesentandi
1537 594 1577 627 ad
1597 593 1766 627 ecclesiam
1789 594 1873 628 hanc
1891 595 2004 639 Hispa-

541 647 665 679 niarum
690 646 757 688 regi
788 656 998 684 concessum,
1023 645 1087 679 287
1111 657 1141 679 (ι.
1170 647 1204 679 In
1230 657 1268 679 ea
1288 646 1608 687 archidiaconatum,
1632 647 1978 692 archipresbyteratum
1994 676 2001 689 ‚

540 699 746 733 canonicatus
766 706 794 733 et
816 700 1018 744 praebendas
1041 706 1196 741 erexerat,
1221 700 1299 733 ibid.
1329 706 1358 733 et
1385 701 1424 739 b;
1448 711 1530 744 quae
1555 701 1595 734 ab
1620 701 1790 734 Ordinario
1809 702 2004 736 Teruellensi

542 753 678 787 conferri
711 759 932 792 concesserat,
960 753 1023 787 288
1054 764 1096 791 a:
1130 753 1436 798 distributionesque
1468 754 1706 798 applicaverat,
1731 755 1810 788 ibid.
1838 755 2007 790 Nonnullis

541 806 609 840 aliis
634 807 726 840 editis
756 807 903 847 decretis,
933 807 1117 851 Apostolico
1143 807 1267 841 Nuncio
1292 818 1329 840 ea
1354 808 1499 842 facienda
1524 808 1743 849 commiserat,
1771 819 1854 853 quae
1874 809 2005 844 Teruel·

540 860 619 893 lensi
647 866 677 893 et
706 861 1018 903 Caesaraugustanae
1046 860 1188 894 ecclesiis
1214 861 1314 904 magis
1339 861 1510 895 convenire
1535 861 1710 903 iudicaret,
1733 861 1797 895 288
1823 863 1851 896 b.
1879 868 1911 896 et
1937 874 2001 908 seq.

540 914 680 947 Nuncius
704 916 762 958 Ap.
790 914 939 948 Carolum
957 914 1067 948 Nuiioz
1092 914 1323 957 subdelegavit,
1345 913 1409 948 289
1428 926 1469 951 a:
1497 915 1552 959 qui
1573 915 1741 960 utriusque
1762 916 1917 950 dioecesis
1930 928 2006 951 con-

541 967 620 1001 fines
645 967 819 1007 constituit,
842 967 922 1000 ibid.
953 968 970 1000 b
990 973 1018 1001 et
1039 979 1127 1012 seq.·,
1157 968 1455 1002 archidiaconatum
1482 969 1520 1002 dc
1545 969 1655 1012 Aliaga
1680 969 1712 1002 in
1737 970 1872 1003 ecclesia
1895 971 2006 1005 Caesa-

540 1021 785 1064 raugustanensi
816 1022 972 1065 instituit,
1001 1024 1065 1058 299
1095 1037 1125 1058 α.
1160 1026 1273 1059 Dotem
1302 1023 1522 1059 archidiaconi
1552 1023 1592 1056 de
1619 1023 1734 1057 Teruel
1772 1024 2002 1063 commutavit,

541 1074 618 1108 ibid.
648 1075 675 1108 b.
704 1076 859 1110 Redditus
888 1077 1026 1112 fabricae
1059 1079 1212 1113 ecclesiae
1236 1079 1548 1122 Caesaraugustanae
1572 1076 1763 1120 assignavit,
1786 1076 1866 1111 ibid.
1893 1078 2005 1112 Dotem

541 1127 692 1173 episcopo
712 1130 907 1163 Teruellensi
928 1131 1104 1169 constituit,
1125 1131 1182 1165 291
1213 1143 1244 1165 α.
1265 1132 1453 1176 'Capitulum
1480 1131 1591 1171 erexit,
1619 1130 1791 1164 constituta
1816 1130 1933 1175 cuique
1958 1132 2005 1165 di-

540 1181 653 1224 gnitati
674 1188 701 1215 et
728 1183 931 1217 canonicatui
950 1185 1024 1218 dote
1050 1185 1256 1229 competenti,
1286 1185 1365 1218 ibid.
1391 1185 1418 1218 b.
1447 1184 1568 1229 Cuique
1592 1184 1725 1228 insuper
1742 1184 1813 1218 iura
1836 1189 1868 1218 et
1891 1195 2006 1219 conve-

540 1235 660 1268 nientia
685 1235 852 1279 privilegia
872 1237 1029 1278 attribuit,
1052 1238 1115 1271 292
1140 1250 1170 1271 α.
1192 1238 1402 1278 Quotidianas
1426 1237 1671 1272 distributiones
1695 1238 1842 1279 instituit,
1871 1244 1902 1272 et
1926 1238 2006 1273 alios

540 1288 758 1327 beneficiatos,
787 1295 817 1322 et
837 1290 945 1324 dotem
967 1291 1140 1329 canonicis,
1166 1292 1244 1325 ibid.
1275 1292 1303 1324 b.
1323 1303 1329 1332 ;
1352 1292 1479 1336 aliaque
1503 1292 1597 1336 plura
1617 1291 1698 1324 bene
1716 1291 1886 1332 ordinavit,
1903 1291 1967 1326 293
1985 1303 2008 1325 α

541 1347 569 1374 et
589 1342 616 1374 b.
638 1342 720 1375 Haec
747 1343 984 1387 omuia‘petunt
1005 1345 1192 1378 confirmari
1213 1357 1267 1378 rex
1288 1351 1319 1378 et
1339 1345 1528 1389 episcopus;
1557 1344 1729 1378 confirmat
1748 1344 1902 1389 pontifex,
1925 1355 2006 1379 non-

541 1395 636 1428 nullis
667 1396 813 1435 adicctis,
838 1396 902 1430 294
922 1409 951 1430 (ι,
976 1398 1011 1431 Et
1043 1399 1169 1442 primo,
1198 1399 1246 1432 ius
1271 1398 1423 1442 episcopo
1455 1398 1730 1441 Cesaraugustano
1762 1404 1950 1443 competens
1973 1399 2004 1433 in

540 1448 633 1482 bonis
661 1449 811 1494 episcopo
833 1451 1028 1484 Teruellensi
1054 1452 1221 1494 assignatis
1242 1452 1273 1484 in
1299 1452 1449 1485 cumdem
1471 1452 1635 1491 transfert,
1658 1451 1739 1484 ibid.
1769 1452 1797 1484 b.
1825 1451 2004 1497 Capitulum

541 1502 644 1545 erigit,
666 1504 786 1537 credita
804 1504 831 1537 ei
857 1515 933 1538 cura
951 1505 1132 1538 animarum
1154 1505 1288 1539 civitatis
1307 1505 1531 1546 Teruellensis,
1546 1505 1625 1538 ibid.
1638 1505 1835 1548 Dignitatum
1862 1511 1893 1539 et
1912 1516 2007 1540 cano-

541 1556 704 1589 nicatuum
726 1558 843 1599 gradus
865 1558 1041 1601 distinguit„
1059 1558 1173 1598 295α;
1197 1559 1323 1603 aliaque
1344 1569 1408 1592 non
1422 1569 1524 1603 pauca
1544 1558 1665 1603 optime
1689 1558 1894 1602 praescribit,
1910 1558 1973 1593 296
1986 1570 2007 1593 α

542 1614 651 1653 etseq.
680 1610 917 1645 Controversias
937 1623 1035 1656 super
1053 1613 1228 1656 praemissa
1255 1618 1379 1645 exortas
1405 1612 1571 1655 extinguit,
1591 1611 1655 1646 298
1675 1623 1706 1653 α,
1730 1612 2007 1646 constitutionem-

541 1673 603 1706 que
624 1664 728 1696 modis
749 1664 937 1698 melioribus
958 1666 1085 1705 validat,
1111 1666 1270 1710 deputatis
1291 1666 1554 1710 exequutoribus,
1580 1666 1658 1699 ibid.
1681 1666 1698 1698 b
1719 1671 1749 1699 et
1769 1665 1834 1700 299
1857 1677 1878 1699 α
1902 1672 1933 1700 et
1953 1667 1981 1699 b.

452 1715 653 1749 Thesaurarii
681 1718 839 1759 generalis
863 1719 999 1752 Romani
1020 1719 1183 1753 Pontificis
1213 1720 1392 1754 iurisdictio
1414 1727 1442 1753 et
1464 1720 1650 1760 facultates,
1682 1718 1747 1752 1165
1766 1731 1796 1753 α.
1831 1720 1899 1753 Hoc
1930 1720 2003 1754 offi-

542 1770 759 1808 ciumvacans,
788 1772 914 1805 Caesiae
948 1773 1085 1806 familiae
1116 1784 1189 1806 cuin
1214 1774 1365 1807 omnibus
1393 1774 1516 1807 iuribus
1544 1779 1573 1807 et
1606 1773 1834 1807 emolumentis
1864 1774 2004 1808 conferi-

544 1829 595 1856 tur
613 1824 720 1857 favore
744 1825 980 1859 Bartholomaei
1006 1826 1104 1860 Caesii
1129 1827 1266 1867 romani,
1290 1826 1354 1860 1165
1373 1828 1389 1860 b
1411 1827 1450 1860 ad
1471 1826 1534 1860 167
1551 1838 1581 1860 a.
1603 1828 1705 1861 Locus
1725 1827 1894 1861 distinctus
1910 1828 1939 1861 ei
1959 1837 2008 1862 as·

542 1877 683 1919 signatus
708 1878 739 1911 in
766 1879 907 1922 capella,
932 1880 963 1912 in
989 1880 1155 1923 signatura
1175 1880 1315 1923 gratiae,
1340 1880 1372 1913 in
1404 1880 1720 1923 congregationibus,
1748 1880 1828 1914 ibid.
1856 1881 2007 1915 Eiusdem

541 1937 715 1974 proventus
739 1931 925 1974 singillatim
943 1939 1186 1974 enumerantur,
1203 1934 1282 1966 ibid.
1313 1934 1329 1966 b
1350 1939 1379 1967 et
1403 1944 1468 1977 seq.
1497 1933 1585 1967 Aliae
1611 1933 1802 1967 thesaurarii
1826 1934 2003 1975 facultates,

548 1982 606 2016 169
626 1995 655 2016 α.
679 1985 873 2028 Supremum
895 1985 1049 2019 iudicium
1079 1987 1111 2019 in
1137 1987 1241 2020 causis
1262 1987 1440 2031 spoliorum
1462 1997 1609 2021 exercere
1635 1987 1741 2027 debet,
1765 1986 1845 2020 ibid.
1867 1987 1896 2020 b.
1919 1987 2009 2021 Vice-

543 2037 777 2071 thesaurarium
799 2039 943 2084 aliosque
961 2032 1113 2074 officiales
1131 2041 1260 2085 deputat
1279 2047 1375 2085 atque
1397 2046 1550 2082 removet,
1567 2040 1631 2074 170
1644 2052 1673 2073 a.
1695 2041 1810 2074 Causas
1829 2041 2008 2085 spoliorum

542 2091 695 2135 privative
716 2094 822 2137 quoad
843 2093 922 2127 alios
939 2095 1114 2137 cognoscit,
1133 2095 1211 2127 ibid.
1226 2095 1465 2139 Appellationes
1486 2105 1503 2128 a
1523 2094 1688 2128 sententiis
1712 2095 1918 2135 nunciorum,
1934 2099 2005 2136 etc„

543 2144 600 2189 ipsi
620 2155 801 2186 concessae,
820 2147 897 2179 ibid.
924 2147 960 2182 b:
990 2148 1169 2181 devolutive
1190 2154 1325 2186 tantum,
1350 2159 1415 2182 non
1436 2149 1598 2182 retardata
1624 2148 1824 2189 executione,
1845 2148 1924 2182 ibid.
1947 2148 2008 2182 Lo-

544 2208 654 2230 corum
677 2199 834 2232 montium
856 2200 1088 2242 resignationes
1108 2201 1148 2233 ab
1173 2202 1287 2235 eodem
1309 2202 1544 2241 admittuntur,
1569 2201 1627 2234 171
1657 2212 1687 2234 α.
1716 2201 1811 2235 Curat
1839 2200 2007 2235 introitum

543 2257 571 2283 et
604 2253 875 2286 constructionem
905 2254 1039 2287 civitatis
1067 2255 1276 2294 Terracinae,
1307 2255 1385 2288 ibid.
1414 2255 1561 2289 Facultas
1591 2265 1651 2300 pro
1682 2254 1833 2295 sortibus,
1865 2265 1921 2288 seu
1950 2255 2008 2288 zot-

545 2305 595 2345 tis,
620 2306 698 2339 ibid.
727 2312 757 2339 et
778 2307 814 2344 ἐν,
837 2318 1016 2352 eorumque
1046 2309 1149 2342 causis
1173 2309 1326 2353 privative
1346 2309 1453 2353 quoad
1481 2309 1560 2342 alios
1585 2308 1822 2352 cognoscendi,
1845 2308 2006 2342 notarium

544 2359 741 2402 deputandi,
765 2360 977 2394 instrumenta
1007 2362 1145 2406 desuper
1176 2364 1318 2396 confecta
1350 2362 1571 2403 asseverandi,
1596 2362 1675 2396 ibid.
1703 2362 1832 2396 Decima
1862 2362 2006 2396 omnium

544 2419 758 2457 proventuum
781 2414 809 2446 ei
830 2415 1020 2457 assignatur,
1044 2415 1108 2448 172
1130 2416 1157 2449 b.
1181 2417 1393 2450 Bannimenta
1414 2416 1652 2461 promulgandi,
1675 2415 1839 2450 debitores
1856 2415 2004 2459 cogendi,

545 2466 677 2510 proprio
698 2467 802 2509 sigillo
823 2468 944 2508 utendi,
968 2469 1139 2512 pensiones
1167 2481 1269 2513 usque
1290 2471 1329 2504 ad
1350 2470 1437 2503 mille
1463 2470 1595 2503 ducatos
1620 2469 1690 2502 auri
1711 2469 1936 2509 transferendi,
1962 2475 2007 2503 te-

545 2520 649 2553 standi
671 2521 710 2553 dc
729 2521 823 2554 bonis
848 2522 943 2554 etiam
964 2522 1288 2561 iurisdictionalibus,
1312 2523 1435 2557 litteras
1460 2523 1652 2568 apostolicas
1683 2523 1782 2566 gratis
1813 2523 2003 2568 expediendi

546 2573 678 2607 facultas
698 2574 859 2615 tribuitur,
882 2575 959 2608 ibid.
989 2576 1006 2607 b
1031 2587 1132 2620 usque
1153 2577 1193 2610 ad
1210 2576 1274 2609 175
1300 2578 1326 2610 b.

456 2626 592 2660 Tholosa
610 2627 675 2670 (de)
696 2627 864 2661 Francisus
889 2629 1047 2670 generalis
1071 2630 1219 2664 Fratrum
1245 2630 1403 2664 Minorum
1429 2630 1469 2664 de
1494 2630 1711 2667 Observantia.
1739 2629 1803 2663 ⁹285
1829 2630 1855 2662 b.
1879 2637 1883 2642 ·

457 2679 649 2713 'fornacensi
675 2681 707 2714 in
733 2680 870 2715 dioecesi
897 2688 1040 2716 erectum
1064 2682 1230 2717 Socie'tatis
1255 2684 1325 2717 Iesu
1350 2684 1533 2727 collegium,
1562 2682 1625 2716 352
1650 2683 1677 2716 b.

2211 515 2219 595 i

2209 1208 2226 1963 ῥμμψψμ--κ-ῴ,
2221 1182 2226 1199 .-
2213 701 2226 1176 ww

2213 2540 2226 3070 QnflQ—...u
2218 2463 2226 2509 .-.a.
2211 2182 2226 2449 ’νᾼι-,ι-Δι-Ὶιψ-υᾋκ.
