2226 3070
506 270 570 303 6502
1054 277 1234 302 mmmmm
1260 277 1412 302 normann

551 340 631 374 ibid.
657 342 684 374 b.
705 342 782 376 Cum
804 350 878 373 vero
898 338 1232 372 archi··.onfraternitas
1254 338 1338 372 dicta
1355 337 1459 371 officia
1481 348 1512 371 se
1539 338 1637 380 gratis
1651 338 1857 381 impleturam
1879 338 2003 372 declas-

552 401 609 435 set,
633 396 791 428 collaudat
815 394 969 429 Pontifex,
996 392 1056 424 10ίῖ
1088 393 1124 428 b,-
1147 398 1242 435 atque
1264 392 1423 425 indultum
1455 391 1603 425 concedit
1623 401 1732 424 annuo
1757 390 1904 435 quolibet
1928 391 2008 424 libe-

552 449 642 482 randi
663 448 834 492 captivum,
852 446 947 479 etiam
967 445 1069 489 capite
1091 445 1289 483 daumatnm,
1313 445 1455 478 secunda
1475 444 1643 488 seria-post
1661 444 1799 488 primam
1814 444 2010 478 dominicam

552 502 828 546 quadragesimae,
858 499 915 531 107
936 511 954 531 11
976 505 1003 532 et
1026 500 1053 531 b.
1079 499 1260 531 Praefectus
1282 498 1424 531 ciusdem
1447 497 1808 531 areliicont‘raternitatis
1828 498 1935 532 locum
1956 497 2011 531 ha-

552 556 605 588 bet
625 556 654 587 111
676 553 909 587 visitationibus
931 563 1097 585 carcerum
1119 552 1223 589 Urbis,
1252 551 1311 584 108
1332 563 1350 583 11
1373 558 1400 585 et
1416 552 1432 583 b
1446 563 1455 588 ,·
1475 552 1528 595 qui
1548 562 1565 584 a
1579 551 1708 584 nemine
1729 551 1787 584 sub
1806 561 2011 595 quocumque

551 613 715 652 praetextu
739 606 907 649 inquietari
930 612 1045 650 potest,
1071 606 1149 638 ibid.

464 661 726 705 Archipresbyter
747 660 896 692 basilicae
916 661 945 692 S.
971 659 1053 692 Petri
1076 660 1115 692 de
1135 660 1229 693 Urbe.
1262 659 1292 691 V.
1318 659 1475 692 Cardinali
1499 659 1786 703 archipresbytero.

465 714 645 747 Archivium
667 724 722 747 seu
740 713 958 746 Tabularium.
989 713 1020 746 V.
1045 715 1150 746 Status
1171 712 1393 746 Ecclesiastici.

464 767 641 809 Assignatio
666 767 829 811 pensionis
849 766 1007 810 episcopis
1029 766 1133 799 latinis
1160 767 1189 799 in
1211 766 1287 799 Mari
1308 767 1425 808 Aegeo,
1451 766 1564 799 llosnia
1586 771 1613 798 et
1636 765 2012 810 Moldavia.Paupertatis

551 831 645 853 causa
667 820 697 852 111
719 820 861 864 episcopi
881 820 912 852 in
930 820 994 853 suis
1015 820 1218 853 dioecesibus
1238 830 1301 853 non
1327 819 1521 857 residebant,
1557 818 1620 851 549
1649 830 1679 852 a.
1722 821 1852 852 Annuas
1876 818 2013 863 proinde

550 873 719 917 pensiones
750 874 794 907 eis
823 874 978 916 elargitur
1009 874 1153 907 Clemens
1186 873 1269 910 VIII,
1305 873 1392 906 omni
1425 872 1639 906 diminutione
1666 872 1844 913 immunes,
1870 871 1951 904 ibid.
1981 872 2008 904 b.

550 928 761 960 Thesaurario
782 933 812 960 et
832 928 1027 972 depositario
1049 928 1083 960 R.
1105 928 1134 960 C.
1161 929 1195 960 Α.
1225 927 1411 960 huiusmodi
1431 926 1623 970 pensionum
1654 926 1847 960 solutionem
1880 925 2011 959 deman-

550 981 613 1021 dat,
649 981 727 1014 ibid.
764 981 899 1014 Nomina
931 981 1156 1025 episcoporum
1191 987 1219 1014 et
1250 981 1411 1024 quantitas
1443 980 1606 1024 pensionis
1631 980 1807 1024 unicuique
1827 979 2009 1017 solvendae,

551 1033 614 1066 550
635 1046 664 1067 α.

463 1088 692 1122 Avenioneusis
713 1089 856 1121 civitatas
877 1094 905 1121 et
925 1088 1095 1121 comitatus
1116 1088 1320 1121 Venaissinus
1349 1089 1531 1121 declaratur
1554 1086 1786 1131 comprehendi
1809 1086 1839 1119 in
1861 1085 2015 1120 constitu-

553 1141 637 1174 tione
651 1142 695 1174 Pii
710 1142 731 1174 V
746 1143 785 1175 de
797 1142 889 1176 bonis
900 1143 992 1176 Rom.
1018 1142 1136 1175 Ecclcs.
1157 1152 1222 1174 non
1234 1141 1422 1179 alienandis,
1438 1140 1543 1174 55011.
1560 1141 1787 1184 Quaecumque
1806 1139 2015 1174 alienationes

551 1195 657 1229 nullae
678 1202 762 1233 sunt,
786 1195 843 1228 551
870 1207 899 1228 a.
924 1196 1038 1229 Contra
1061 1207 1113 1229 eas
1139 1195 1230 1229 electi
1252 1195 1402 1229 ordinum
1425 1201 1557 1239 possunt
1577 1196 1766 1235 reclamare,
1791 1194 1870 1227 ibid.
1893 1193 2014 1228 Consti-

550 1249 681 1282 tutionis
702 1249 879 1293 praesentis
899 1249 955 1287 visv
980 1260 1015 1282 ac
1040 1249 1065 1281 si
1087 1249 1117 1282 in
1136 1249 1335 1283 Coneistorio
1358 1249 1465 1282 suisset
1480 1249 1654 1293 publicata,
1672 1248 1752 1281 ibid.
1777 1254 1809 1281 et
1829 1248 1856 1281 b.
1877 1247 2013 1281 Arenio-

552 1302 657 1335 nensis
686 1302 878 1345 vicelegatus
911 1303 1094 1347 caeterique
1115 1303 1268 1336 officiales
1288 1303 1458 1336 sindicatui
1479 1301 1695 1336 subiicviuntur
1715 1312 1824 1335 coram
1856 1300 2014 1344 archiepi-

550 1366 648 1400 scopo
667 1356 879 1389 Avenoniensi
901 1357 949 1389 vel
970 1357 1032 1389 alio
1054 1357 1216 1400 episeopo,
1232 1355 1296 1389 559
1309 1357 1336 1388 b.
1352 1357 1462 1389 Eidem
1477 1356 1647 1389 sindicatui
1668 1355 1826 1388 subiicere
1845 1365 1878 1388 se
1898 1354 2015 1388 debent

551 1415 656 1442 rector
669 1410 851 1453 caeterique
873 1409 1025 1443 officiales
1039 1411 1210 1443 comitatus
1223 1409 1505 1450 Venaissini,ribid.
1522 1410 1660 1452 Tempus
1682 1408 1815 1441 rationis
1831 1408 2015 1441 reddendae

551 1463 751 1506 praefinitur,
773 1463 851 1495 ibid.
876 1463 1073 1496 Sindicatum
1096 1463 1204 1496 subire
1229 1463 1446 1496 recusantium
1468 1463 1578 1496 omnia
1606 1463 1689 1495 bona
1717 1461 1874 1506 sequestri
1896 1461 2012 1501 danda,

551 1515 614 1549 560
627 1527 656 1549 a.
674 1518 819 1550 Facultas
839 1518 879 1550 ad
900 1517 960 1550 boc
977 1517 1219 1561 archiepiscopo
1237 1522 1267 1550 et
1285 1517 1438 1561 episcopo
1452 1516 1644 1560 supradictis
1658 1526 1820 1556 concessa,
1841 1515 1922 1548 ibid.
1937 1516 2016 1548 Ave-

551 1570 714 1603 nionensis
727 1571 806 1603 Rota
825 1581 841 1603 a
862 1571 1080 1603 cardinalibus
1099 1571 1137 1603 de
1157 1570 1363 1613 Armigniaco
1378 1576 1408 1603 et
1422 1570 1710 1614 Boi-lionio,Papae
1732 1568 1932 1609 auctoritate,
1947 1579 2014 1602 ere-

551 1629 600 1656 cta
622 1623 690 1663 suit,
707 1623 770 1656 :384
792 1635 821 1657 (1.
844 1624 879 1657 Hi
902 1624 1072 1657 nonnullas
1101 1624 1187 1665 leges
1207 1629 1377 1657 sanxerunt
1400 1624 1616 1656 observandas
1636 1623 1731 1656 etiam
1753 1623 1792 1655 ab
1814 1621 2016 1655 auditoribus

552 1677 695 1710 eiusdem
717 1678 827 1718 Rotae,
853 1677 928 1710 ibid.
955 1678 980 1710 b.
1005 1678 1107 1711 Sixtus
1129 1678 1150 1709 V
1181 1678 1283 1711 dictos
1304 1677 1479 1716 auditores,
1503 1677 1648 1721 quolibet.
1679 1675 1818 1709 triennio
1846 1675 2015 1709 sindicatui

551 1730 708 1768 submisit,
733 1730 796 1763 :385
817 1743 845 1764 11.
883 1731 1081 1772 Vicclegatus
1102 1731 1331 1764 Λ-110111011011515
1360 1731 1531 1775 episcopus
1551 1730 1713 1773 Bisignani
1741 1729 1958 1774 sportularum
1979 1740 2016 1762 ac

552 1789 750 1817 caeterarum
773 1795 984 1828 expensarum
1007 1790 1110 1817 taxam
1141 1784 1332 1828 praefinivit,
1356 1784 1433 1817 ibid.
1463 1784 1489 1817 b.
1517 1785 1622 1817 Status
1649 1783 1820 1817 comitatus
1840 1782 2016 1816 Venaissini

551 1837 636 1880 apud
656 1838 776 1871 Sixtum
795 1839 817 1869 V
839 1838 1066 1882 impugnartmt
1089 1838 1284 1871 erectionem
1303 1838 1402 1871 Rotae
1417 1837 1657 1875 Avenionensis,
1679 1842 1789 1881 utpote
1806 1836 1867 1870 sibi
1888 1836 2015 1870 noxiam

552 1889 615 1923 :386
636 1902 665 1923 11.
690 1892 774 1934 Papa
807 1892 968 1924 nonnullis
989 1891 1206 1925 cardinalibus
1237 1902 1303 1924 rem
1337 1892 1595 1933 cognoscendam
1628 1891 1800 1931 commisit,
1831 1890 1908 1923 ibid.
1935 1890 2014 1924 Gre-

553 1944 661 1986 gorius
691 1955 765 1977 vero
796 1946 859 1978 xlv
889 1945 1084 1978 erectionem
1118 1945 1445 1988 constitutionemque
1474 1945 1572 1978 Rotae
1610 1944 1790 1983 roboravit,
1827 1943 1902 1977 ibid.
1918 1956 1929 1983 ,·
1960 1944 2015 1976 sed

553 2008 681 2030 omnem
703 1998 899 2031 ordinariam
922 1998 1176 2031 iurisdictionem
1198 1998 1400 2031 auditoribus
1423 1998 1554 2037 adeunt,
1578 1997 1620 2030 ita
1640 2003 1673 2030 ut
1694 2008 1808 2030 causae
1831 2002 1952 2030 tantum
1980 2007 2016 2030 ex

552 2051 778 2085 eommissione
799 2062 992 2094 cognoscere
1013 2058 1153 2096 possent,
1179 2051 1255 2084 ibid.
1273 2051 1306 2087 b:
1329 2062 1446 2095 easque
1466 2052 1672 2084 solummodo
1690 2051 1799 2084 civiles
1817 2056 1847 2084 et
1864 2051 2015 2084 territorii

554 2105 794 2141 Avenionensis,
822 2105 897 2138 ibid.
922 2106 1009 2138 Unus
1029 2105 1158 2138 auditor
1178 2116 1288 2138 causas
1318 2115 1382 2138 non
1415 2106 1604 2138 excedentes
1624 2115 1784 2137 summam
1814 2104 1863 2137 bis
1888 2110 2016 2137 eentum

553 2168 725 2191 aureorum
748 2169 941 2200 cognoscere
963 2159 1067 2195 debet,
1091 2158 1165 2191 ³87.
1190 2159 1284 2192 Casus
1306 2158 1336 2190 in
1358 2158 1475 2201 quibus
1495 2164 1523 2191 et
1546 2158 1615 2191 illas
1643 2158 1813 2191 comitatus
1838 2157 2015 2190 Venaissini

553 2217 655 2254 potest
673 2222 878 2253 cognoscere,
904 2212 979 2244 ibid.
1005 2211 1213 2245 Auditoribus
1234 2212 1319 2245 hisce
1342 2212 1499 2245 committi
1522 2212 1640 2245 debent
1661 2222 1775 2244 causae
1796 2222 1854 2254 per
1874 2211 2015 2254 legatum

553 2270 607 2297 aut
627 2265 837 2306 vicelegatum
859 2265 1121 2301 committendae.
1138 2265 1254 2309 quibus
1276 2265 1307 2298 in
1328 2265 1454 2299 casibus
1474 2265 1568 2297 unica
1592 2270 1713 2298 tantum
1735 2264 1851 2298 sufficit
1865 2264 2016 2298 commis-

553 2318 611 2355 sio,
636 2317 711 2350 ibid.
736 2318 761 2350 b.
786 2318 853 2351 Cito
874 2329 987 2352 causae
1009 2319 1239 2362 expediendae,
1258 2318 1333 2351 ibid.
1358 2319 1529 2362 Sportulae
1547 2329 1602 2351 seu
1626 2324 1696 2351 taxa
1716 2318 1747 2351 in
1769 2317 1872 2351 causis
1892 2317 2016 2362 primae

554 2376 581 2403 et
604 2371 763 2403 secundae
782 2371 960 2411 instantiae,
986 2383 1044 2404 uec
1064 2383 1128 2405 uon
1150 2372 1181 2404 in
1195 2371 1416 2405 criminalibus
1442 2377 1472 2405 et
1485 2371 1649 2406 sententiis
1666 2370 1915 2405 interlocutoriis
1928 2371 2015 2404 aliis-

554 2434 627 2467 que,
652 2423 715 2456 388
735 2435 752 2456 11
774 2430 803 2457 et
825 2424 851 2456 b.
875 2425 1082 2458 Observantia
1104 2431 1259 2463 taxarum,
1284 2424 1347 2458 :389
1368 2436 1397 2458 11.

468 2476 539 2510 Avis
559 2477 624 2519 (de)
644 2477 763 2510 Militia.
792 2477 825 2510 V.
849 2477 1043 2518 Militiarum,
1059 2482 1113 2511 etc.
