2226 3070
239 270 288 298 An.
308 270 336 298 C.
355 270 419 298 1591

292 1284 425 1306 Confirmatio

243 1312 353 1334 pontificia
381 1317 426 1337 gra-

244 1341 318 1361 tiarum
336 1344 426 1359 ominum

243 1366 427 1393 aquibusenmqne

243 1392 426 1414 concessarunidi·

243 1423 291 1440 ctae
313 1425 426 1445 congreg.)-

243 1447 294 1467 noni
329 1447 350 1468 S.
377 1445 425 1466 Ber-

243 1474 314 1498 nardi,

468 259 532 294 468

438 319 511 352 dem
529 318 725 352 Cisterciensi
745 317 854 351 Ordini
883 317 1013 359 eiusque
1043 315 1176 357 singulis

438 373 751 415 congregationibus,
785 370 996 407 monasteriis,
1028 369 1177 402 domibus

438 432 466 459 et
484 426 562 458 locis
584 426 723 461 illorum,
748 425 940 466 illarumque
960 422 1173 465 generalibus,

438 477 616 513 abbatibus,
645 474 909 519 praesidentiluls,
945 473 1173 517 superiorilms,

438 530 595 573 capitulis,
619 529 808 562 officialibus
829 534 857 560 et
871 527 1016 571 personis
1027 538 1177 561 concessa

438 583 612 627 privilegia,
637 583 800 614 facultates
812 587 839 613 et
860 581 992 617 indulta,
1008 581 1047 613 ad
1061 580 1177 613 dietam

439 635 719 678 congregationem
741 636 770 668 S.
796 635 947 667 Bernardi
969 634 1000 667 in
1020 634 1118 674 ltalia,
1143 633 1179 665 il-

439 690 562 733 liusque
588 689 791 727 monasteria,
825 689 938 721 domos
969 693 997 721 et
1030 688 1110 728 loca,
1143 699 1178 720 ae

439 743 685 786 praesidentem,
707 742 905 779 diflinitores,
923 741 1109 780 visitatores,
1124 741 1179 773 ab—

439 796 537 835 bates,
558 795 681 839 priores
701 801 729 828 et
750 806 902 839 personas
924 800 954 827 et
983 794 1177 837 utrumque¹
1196 798 1197 803 ’

440 860 550 882 eorum
566 850 702 890 extendi,
726 850 843 893 illaque
864 850 909 882 eis
933 848 1174 882 communicari.
1196 845 1197 860 ³

439 903 543 942 Quare
564 914 621 947 pro
646 910 734 947 parte
765 904 924 936 dictorum
957 902 1176 946 praesidentis,

440 957 676 995 diffinitorum,
709 957 930 995 visitatorum,
969 957 1121 989 abbatum
1151 962 1181 988 et

439 1010 585 1054 priorum
605 1011 697 1044 nobis
718 1010 949 1043 fuithuinititer
966 1009 1179 1053 supplicatum

440 1070 598 1109 quatenus
618 1076 729 1098 eorum
749 1065 907 1098 desiderio
929 1074 1069 1097 annuere
1090 1063 1181 1096 alias-

440 1130 503 1163 que
532 1119 565 1151 in
594 1119 776 1163 praemissis
805 1124 984 1162 opportune
1013 1117 1180 1161 providere

442 1173 480 1206 de
500 1173 698 1215 benignitate
719 1172 893 1217 apostolica
905 1172 1122 1214 dignaremur.

485 1227 500 1270 ἓ
531 1226 561 1259 2.
594 1227 656 1260 Nos
685 1227 885 1269 singulorum
926 1225 1178 1269 privilegiorum,

442 1281 616 1323 gratiarum
639 1286 667 1313 et
689 1281 887 1314 indultorum
901 1290 937 1312 ac
958 1280 1094 1322 desuper
1107 1289 1182 1312 con-

442 1334 597 1367 fectarum
628 1334 806 1366 litterarum
838 1333 1033 1371 huiusmodi,
1057 1338 1182 1365 tenores

441 1387 662 1431 praesentibus
683 1398 741 1431 pro
753 1386 907 1431 expressis
924 1385 1088 1425 habentes,
1109 1396 1183 1417 nec-

442 1451 506 1473 non
519 1441 766 1484 praesidentem,
783 1440 982 1477 dit't‘initores,
992 1438 1178 1477 visitatores,

442 1494 575 1527 abbates
596 1499 623 1527 et
644 1494 768 1538 priores
798 1504 974 1536 eorumque
1006 1492 1182 1534 singulares

440 1558 593 1591 personas
614 1559 631 1580 a
649 1547 812 1591 quibusvis
830 1545 1178 1585 excommunicationis,

441 1601 658 1645 suspensionis
679 1607 708 1634 et
734 1600 891 1633 interdicti
920 1599 1053 1643 aliisque
1080 1599 1181 1631 cccle-

441 1655 574 1688 siastieis
605 1654 779 1693 sententiis,
804 1654 947 1687 censuris
968 1659 997 1685 et
1017 1653 1140 1696 poenis,
1165 1664 1182 1685 a

442 1709 510 1742 iure
524 1709 571 1741 vel
593 1709 632 1741 ab
653 1708 795 1747 homine,
816 1708 926 1751 quavis
947 1707 1114 1740 occasione
1134 1707 1181 1739 vel

442 1773 537 1796 causa
557 1762 638 1803 latis,
662 1762 686 1794 si
719 1761 834 1805 quibus
865 1760 1110 1804 quomodolibet
1137 1760 1183 1792 in-

442 1816 551 1849 nodati
573 1816 718 1855 existunt,
743 1816 782 1848 ad
803 1815 950 1848 effectum
968 1814 1181 1858 praesentium

444 1871 607 1903 dumtaxat
637 1869 922 1912 consequendum,
959 1868 1073 1900 harum
1103 1867 1183 1901 serie

445 1925 643 1957 absolventes
664 1929 694 1956 et
714 1923 876 1956 absolutos
908 1923 974 1956 sore
1006 1928 1180 1961 censentes,

445 1977 628 2011 huiusmodi
660 1976 945 2021 supplicationibus
971 1976 1124 2013 inclinati,
1149 1986 1184 2008 o-

446 2033 532 2065 nmia
546 2038 573 2065 et
586 2032 710 2073 singula
723 2030 859 2064 cuiusvis
872 2030 996 2072 generis
1007 2030 1181 2074 privilegia,

447 2086 702 2131 praerogativas,
740 2085 971 2125 eoncessiones,
1007 2085 1181 2126 facultates,

447 2139 672 2183 exemptiones,
708 2138 880 2176 libertates,
919 2138 1181 2179 conservatorias,

447 2193 673 2230 in‘nnunitates,
698 2192 819 2225 indulta
840 2203 875 2224 ac
904 2192 1128 2233 indulgentias,
1152 2202 1184 2225 e-

446 2247 521 2280 tiam
534 2247 691 2290 plenarias
704 2252 733 2279 et
746 2251 951 2290 peecatorum
968 2245 1182 2287 remissiones,

447 2307 630 2343 ceterasque
659 2299 775 2342 gratias
804 2299 984 2342 spirituales
1015 2305 1042 2332 et
1064 2304 1186 2342 tempo-

447 2355 540 2393 rales,
564 2354 657 2386 etiam
679 2364 735 2397 per
755 2354 888 2386 modum
920 2353 1184 2386 communicatio-

448 2408 496 2441 nis
517 2413 547 2440 et
566 2407 767 2443 extensionis,
795 2407 903 2439 Ordini
935 2407 1131 2440 Cistereiensi
1157 2412 1186 2440 et,

448 2459 686 2503 congregationi
705 2460 809 2493 Sancti
823 2460 974 2493 Bernardi
988 2460 1183 2501 huiusmodi,

449 2515 641 2557 illorumque
668 2513 878 2551 monasteriis,
913 2514 1070 2550 dontibus,
1095 2514 1183 2553 locis,

448 2568 543 2601 rebus
570 2574 599 2600 et
627 2567 720 2599 bonis
738 2594 745 2607 ,
780 2577 814 2598 ac
849 2567 953 2600 abbati
983 2567 1122 2609 generali
1158 2573 1188 2600 et

449 2621 652 2666 praesidenti,
682 2620 927 2657 diffinitoribus,
960 2621 1183 2661 visitatoribus,

486 2687 496 2712 1
520 2684 644 2720 Legimus
665 2692 900 2719 unumquemque
922 2690 957 2718 tn.
973 2683 1021 2719 τ.).

1017 267 1199 292 BULLARIUM
1218 266 1370 291 ROMANUM

1957 265 2008 292 An.
2023 263 2051 292 C.
2074 263 2138 292 1591

1210 315 1366 358 capitulis,
1390 314 1568 354 abbatibus,
1600 314 1770 358 prioribus,
1805 314 1946 348 officiali-

1210 369 1279 407 bus,
1304 367 1466 407 ministris,
1491 367 1657 401 monachis
1677 379 1714 400 ac
1734 368 1817 401 illius
1841 368 1947 410 singu-

1210 421 1331 454 laribus
1350 421 1494 465 personis
1516 427 1545 454 et
1570 421 1700 454 cuilibet
1728 432 1851 462 eorum,
1883 427 1948 455 tam

1212 474 1243 506 in
1261 485 1377 516 genere
1398 485 1493 518 quain
1515 474 1545 506 in
1571 474 1687 518 specie,
1719 480 1750 507 et
1781 479 1844 507 tam
1875 485 1950 507 con-

1212 527 1344 560 iunctim
1366 539 1462 571 quam
1484 527 1609 560 divisim
1630 532 1682 560 aut
1707 527 1784 560 alias
1812 537 1949 571 quomo-

1212 581 1342 621 dolibet,
1366 587 1430 614 tam
1448 593 1505 625 per
1524 580 1704 625 praedictos
1721 586 1750 614 et
1780 591 1951 624 quoscum-

1212 645 1273 678 que
1294 634 1373 667 alios
1394 635 1556 668 Romanos
1576 634 1746 667 Pontifices
1765 635 1952 678 praedeces-

1211 698 1299 721 sores
1310 694 1435 722 nostros
1449 694 1477 721 et
1491 700 1546 721 seu
1555 688 1670 721 Sedem
1682 688 1840 728 eamdem,
1855 698 1951 731 quam

1213 741 1307 774 etiam
1329 742 1547 785 imperatores,
1564 752 1665 783 reges,
1681 741 1948 785 archiepiscopos,

1213 794 1380 838 episcopos
1400 800 1430 827 et
1450 795 1528 828 alios
1545 805 1776 838 quoscumque,
1801 794 1895 827 etiam
1912 794 1952 828 ad

1213 848 1398 891 quorumvis
1424 848 1606 882 instantiam
1634 859 1798 889 concessa,
1826 859 1952 881 necnon

1214 902 1351 946 desuper
1381 903 1540 935 confectas
1571 903 1690 935 litteras
1724 908 1754 935 et
1780 902 1953 946 scripturas

1215 966 1445 999 quascumque,
1469 956 1644 1000 apostoliea
1674 956 1873 996 auctoritate,
1905 961 1952 989 te-

1214 1020 1292 1042 nore
1313 1010 1539 1053 praesentium,
1562 1015 1717 1053 perpetuo
1737 1009 1954 1053 approbamus

1215 1068 1244 1095 et
1265 1062 1505 1103 confirmamus,
1530 1063 1655 1107 illisque
1675 1068 1847 1107 perpetuae
1863 1062 1953 1096 etin-

1215 1114 1371 1148 violabilis
1396 1115 1555 1149 firmitatis
1586 1116 1686 1149 robur
1715 1116 1893 1157 amicimus,
1917 1126 1953 1149 ac

1215 1180 1327 1202 omnes
1348 1176 1375 1202 et
1390 1170 1531 1212 singulos
1546 1176 1609 1202 tam
1624 1170 1700 1203 iuris
1721 1180 1818 1214 quam
1831 1169 1903 1203 faeti
1917 1181 1954 1203 ac

1215 1224 1452 1257 solemnitatum
1474 1234 1751 1267 quarumcumque
1774 1224 1954 1267 quomodo-

1216 1277 1291 1310 libet
1305 1277 1494 1310 omissarum
1511 1277 1654 1322 aliosque
1676 1278 1828 1318 defectus,
1854 1277 1880 1311 si
1900 1277 1954 1322 qui

1217 1331 1322 1364 forsan
1334 1331 1559 1364 intervenerint
1570 1331 1602 1364 in
1614 1331 1745 1372 eisdem,
1755 1331 1950 1375 supplemus.

1261 1384 1326 1428 §3
1354 1385 1461 1429 anue
1492 1385 1601 1419 omnia
1629 1390 1660 1418 et
1694 1385 1818 1427 singula
1848 1385 1880 1417 in
1910 1385 1955 1418 eis

1217 1444 1365 1472 contenta
1388 1445 1418 1472 et
1449 1439 1691 1483 comprehensa,
1722 1450 1795 1472 cum
1824 1438 1954 1472 illorum

1217 1492 1464 1533 extensionibus,
1487 1492 1833 1526 comnmnicationibus
1844 1498 1874 1526 et
1885 1503 1954 1526 am-

1216 1547 1433 1590 phanonibus,
1455 1547 1539 1580 dicto
1551 1547 1660 1581 Ordini
1674 1552 1704 1580 et
1715 1547 1955 1590 congregationi

1216 1600 1245 1633 S.
1270 1601 1421 1634 Bernardi
1443 1601 1474 1633 in
1494 1601 1582 1634 Italia
1595 1600 1791 1644 singulisque
1804 1600 1871 1633 eius
1885 1611 1955 1634 mo-

1217 1654 1372 1695 nasteriis,
1397 1655 1556 1695 domibus,
1580 1655 1669 1695 locis,
1693 1655 1788 1687 rebus
1802 1660 1832 1688 et
1847 1654 1952 1695 bonis,

1217 1708 1387 1752 abbatique
1408 1708 1548 1751 generali
1570 1714 1600 1741 et
1618 1708 1811 1752 praesidenti
1833 1708 1953 1741 diffini-

1217 1762 1349 1801 toribus,
1373 1762 1597 1800 visitatoribus,
1629 1762 1807 1803 abbatibus,
1840 1762 1956 1807 priori-

1218 1817 1286 1856 bus,
1310 1816 1539 1859 superioribus,
1562 1816 1721 1860 praelatis,
1754 1816 1953 1857 officialibus,

1218 1869 1371 1902 ministris
1388 1875 1418 1902 et
1434 1869 1589 1913 personis,
1607 1880 1784 1913 eorumque
1797 1870 1953 1914 capitulis,

1219 1922 1312 1955 etiam
1335 1922 1547 1964 generalibus,
1572 1927 1601 1955 et
1621 1922 1751 1955 cuilibet
1762 1933 1885 1963 eorum,
1899 1934 1956 1957 au-

1219 1976 1363 2009 ctoritate
1384 1981 1413 2008 et
1439 1981 1549 2008 tenore
1579 1975 1760 2019 praedictis,
1793 1976 1889 2009 etiam
1918 1977 1957 2010 de

1219 2040 1323 2070 novo,
1355 2029 1450 2062 etiam
1477 2034 1566 2062 motu
1595 2029 1725 2072 proprio
1750 2035 1781 2062 et
1805 2040 1841 2062 ex
1871 2036 1958 2064 certa

1220 2084 1351 2117 seientia
1371 2089 1479 2116 nostra
1499 2094 1534 2115 ae
1556 2083 1594 2115 de
1614 2083 1808 2126 apostolieae
1820 2090 1959 2128 potesta-

1220 2137 1258 2170 tis
1275 2137 1484 2181 plenitudine,
1507 2143 1662 2181 perpetuo
1682 2137 1899 2171 concedimus.

1264 2192 1278 2235 ξ
1299 2191 1328 2224 4.
1353 2192 1387 2224 Et
1409 2191 1550 2235 insuper,
1570 2190 1679 2224 onmia
1698 2196 1729 2224 et
1748 2191 1873 2233 singula
1892 2191 1957 2236 pri·
1993 2226 2007 2247 C
2094 2226 2098 2230 ,
2115 2233 2118 2236 ἢ
2138 2226 2141 2229 ,

1219 2245 1344 2287 vilegia,
1367 2244 1613 2288 praerogativas,
1645 2245 1876 2286 concessiones,
1908 2245 1957 2278 iu-
1974 2228 2157 2284 ,augitiiiiiiiiffiig

1221 2298 1431 2339 risdictiones,
1455 2298 1674 2337 antelationes‚
1698 2299 1831 2340 favores,
1859 2300 1958 2333 facul·
1973 2280 2157 2336 lfisslffffi‘slssssatssi

1221 2358 1309 2393 tates,
1334 2352 1575 2393 declarationes,
1599 2352 1861 2396 dispensationes,
1884 2333 2156 2398 Con-{Zilssssi's‘ffliiibssi

1220 2405 1419 2445 servatorias,
1454 2405 1690 2445 imnumitates,
1728 2405 1954 2449 exemptiones,
1973 2386 2157 2458 iff'iitiffii'u‘iii‘iigl

1221 2460 1393 2497 libertates,
1416 2459 1683 2503 praeeminentias
1704 2464 1734 2492 et
1744 2459 1877 2500 indulta,
1905 2470 1959 2492 cu·
1973 2442 2157 2514 Ξῗτῑηὲἳιῖῗΐξίῆἒῖ

1221 2513 1316 2546 iusvis
1336 2512 1460 2555 generis
1486 2512 1665 2549 existentia',
1700 2523 1824 2546 necnon
1852 2512 1958 2546 indul·
1972 2499 2093 2566 niiidutiqs
2112 2499 2158 2540 021¹*ss

1221 2567 1352 2610 gentias,
1377 2567 1471 2600 etiam
1492 2567 1661 2610 plenarias,
1695 2572 1723 2599 et
1755 2572 1958 2611 peccatorum
1973 2552 2070 2593 i'r‘iiiiaim
2108 2552 2156 2566 Μ’

1221 2622 1435 2662 remissiones,
1459 2627 1643 2665 ceterasque
1674 2620 1789 2664 gratias
1812 2620 1959 2664 spiritua-

1203 2703 1207 2719 ,
1222 2676 1266 2709 les
1286 2681 1317 2709 et
1335 2676 1539 2720 temporales,
1563 2682 1627 2709 tam
1645 2675 1749 2709 eidem
1762 2673 1959 2709 cisterciensi

1970 1397 2089 1428 iterataque
2104 1404 2153 1418 enn-

1969 1430 2037 1445 ccssio
2070 1430 2153 1445 earum-

1970 1451 2016 1472 dem
2031 1452 2153 1478 gratiarum.
