2226 3070
165 264 217 290 An.
234 263 261 290 C.
282 262 348 290 1589

191 328 301 349 clamatae
317 330 346 349 ir-

167 367 171 379 1
179 361 264 380 nantes.

220 755 349 774 Exerutorcu

165 783 249 808 deputat

193 2109 302 2128 cantuari..
314 2108 350 2128 tuh

167 2141 196 2160 tit.

194 2581 263 2601 Tame
279 2584 299 2601 et
315 2586 352 2600 cn-

169 2612 353 2639 pitutatiouumte

169 2650 214 2666 nor.

408 253 471 287 416

365 320 394 347 et
411 315 662 355 commissarios,
675 315 800 347 sublata
821 315 866 347 eis
882 319 912 346 et
926 324 1038 347 eorum
1057 313 1122 346 cui—

365 369 443 401 libet
464 368 576 411 quavis
596 368 690 401 aliter
720 367 881 400 iudicandi
903 372 931 399 et
962 366 1121 410 interpre-

366 422 454 455 tandi
476 422 627 455 facultate
649 428 677 454 et
699 420 905 460 auctoritate,
933 419 1072 452 iudicari
1093 424 1123 452 et

366 475 494 508 definiri
516 475 655 513 deberess,
674 473 800 506 irritum
821 483 951 516 quoque
976 478 1007 505 et
1027 473 1122 506 inane

366 528 522 572 quidquid
538 539 629 561 secus
642 537 739 569 snper
755 526 804 558 1115
819 536 837 558 a
852 536 1030 569 quoquam,
1046 537 1123 569 qua-

368 582 413 614 ris
421 581 623 619 auctoritate,
637 580 777 611 scienter
787 579 835 610 vel
846 579 1122 619 ignorantemcon-

369 635 476 677 tigerit
491 632 652 671 attentari,
671 631 891 665 decernimus.

410 687 477 730 §0
507 687 577 725 Quo
609 685 695 717 circa
720 684 896 717 venerabili
928 685 1018 717 fratri
1052 685 1121 728 epi-

367 750 465 783 scopo
481 745 510 771 et
525 738 652 771 dilectis
669 738 743 770 tiliis
758 738 968 781 gubernatori
986 743 1017 771 et
1030 750 1122 782 prae-

365 792 426 826 tori
448 803 503 825 seu
524 790 673 835 potestati
694 791 798 824 dictae
821 791 957 824 civitatis
968 802 1027 835 pro
1044 797 1123 824 tem-

366 855 444 888 pore
465 845 686 883 existentibus,
710 855 767 887 per
778 849 963 887 praesentes
975 845 1121 877 commit-

365 899 462 931 timus
482 904 511 930 et
541 898 732 931 mandamus
760 902 920 941 quatenus
949 897 1121 941 episcopus

365 957 392 985 et
418 952 629 994 gubernator,
667 956 697 984 et
718 951 749 983 in
783 950 927 983 absentia
957 950 1118 995 episcopi,

365 1006 564 1048 gubernator
594 1010 625 1037 et
656 1010 797 1048 potestas
835 1004 1007 1047 praedicti,
1041 1015 1117 1037 con-

366 1058 499 1091 iunctim
527 1058 760 1101 procedentes,
785 1062 968 1100 praesentes
999 1058 1120 1090 litteras

366 1118 396 1145 et
423 1112 454 1144 in
481 1112 527 1145 eis
552 1118 703 1144 contenta
731 1121 970 1154 quaecumque,
1002 1111 1057 1143 ubi
1090 1116 1121 1143 et

365 1166 494 1208 qnando
515 1176 598 1209 opus
623 1165 730 1203 suerit,
753 1170 780 1197 et
800 1164 930 1207 quoties
949 1174 1008 1208 pro
1030 1169 1119 1208 parte

365 1229 478 1253 eorum
505 1218 622 1251 suerint
654 1217 814 1261 requisiti,
845 1217 1033 1250 solemniter
1060 1208 1143 1261 pu-l

364 1272 533 1307 blicantes,
559 1271 669 1313 eisque
699 1271 730 1303 in
765 1270 951 1314 praemissis
980 1270 1119 1303 efficacis

364 1324 560 1357 dest-usionis
588 1323 751 1367 praesidio
778 1324 972 1364 assistentes,
1000 1323 1118 1356 faciant

364 1377 554 1410 auctoritate
576 1382 696 1413 nostra,
716 1377 901 1419 praemissis
918 1377 1069 1410 omnibus
1090 1382 1120 1409 et

364 1430 511 1473 singulis,
535 1431 622 1462 iuxta
642 1430 862 1473 praesentium
884 1430 1118 1463 continentiam

365 1490 395 1516 et
416 1490 573 1523 tenorem,
594 1483 729 1526 pacilice
753 1483 813 1515 frui
836 1489 863 1516 et
879 1484 1033 1526 gaudere.
1050 1484 1117 1516 Non

366 1537 588 1581 μοι-0111100105
609 1548 663 1569 eos
678 1547 733 1569 seu
745 1537 921 1580 quemlibet
936 1547 1048 1569 eorum
1063 1548 1120 1580 per

366 1591 500 1627 iudices,
514 1589 687 1622 vicario-sin
699 1590 1119 1634 spirituatibus,praetores,

365 1644 530 1676 auditores
551 1654 607 1676 seu
625 1643 859 1686 gubernatores
880 1648 911 1675 et.
931 1644 1119 1676 commissa-

366 1697 429 1729 rios
450 1697 632 1740 praedictos
648 1697 696 1728 vel
723 1696 852 1738 quosvis
873 1696 953 1729 alios
977 1697 1120 1730 indebite

365 1750 607 1793 quomodolibet
642 1749 819 1788 molestari,
853 1750 1036 1792 perturbari
1067 1756 1119 1783 aut

366 1803 537 1845 inquietari
553 1815 559 1835 :
575 1803 831 1836 contradictores
842 1803 1004 1845 quoslibet
1022 1809 1049 1836 ct
1071 1814 1120 1836 rc-

363 1852 462 1884 belles
487 1863 544 1895 per
563 1852 750 1890 sententias,
773 1862 926 1884 censuras
947 1857 977 1884 et
1002 1863 1122 1896 poenas

365 1900 599 1933 ecclesiasticas
627 1900 756 1943 aliaque
785 1907 970 1944 opportuna
991 1901 1070 1934 iuris
1091 1909 1120 1935 et

364 1951 438 1982 sacti
471 1950 632 1990 remedia,
668 1950 887 1994 appellatione
924 1951 1118 1994 postposita,

365 2000 616 2042 compescendo.

408 2050 423 2091 ξ
448 2049 478 2081 7.
508 2049 576 2081 Non
612 2048 813 2081 obstantibus
835 2048 1121 2081 constitutionilms

366 2103 393 2129 et
421 2097 679 2129 ordinationibus
708 2097 895 2140 apostolicis
915 2108 951 2129 ae
977 2096 1119 2129 eiusdem

366 2146 499 2177 civitatis
519 2145 644 2178 statutis
665 2152 692 2178 et
706 2145 1007 2185 consuetudinibus,
1026 2146 1120 2178 etiam

367 2195 559 2233 iuramento,
595 2195 842 2227 confirmatione
869 2194 1044 2237 apostolica
1075 2194 1121 2226 vel

365 2243 477 2285 quavis
497 2242 651 2275 firmitate
667 2243 730 2275 alia
751 2243 923 2282 roboratis
947 2243 1121 2286 privilegiis

365 2302 507 2334 quoque,
522 2291 695 2324 indultiset
716 2292 831 2324 litteris
851 2291 1036 2335 apostolicis
1047 2291 1120 2334 qui-

366 2341 472 2372 busvis
492 2340 640 2383 personis
654 2341 685 2372 in
707 2341 905 2373 contrarium
928 2341 1120 2383 praemisso-

366 2400 438 2420 rum
460 2389 703 2432 quomodolibet
727 2390 899 2429 concessis,
923 2389 1121 2422 confirmatis

366 2443 394 2470 et
408 2437 578 2477 innovatis,
597 2438 776 2480 ceterisque
797 2437 969 2470 contrariis
989 2438 1122 2482 quibus-

367 2496 518 2528 cumque.

411 2535 425 2577 ξ
446 2534 477 2567 8.
501 2535 607 2568 Tenor
627 2540 734 2568 autem
758 2541 846 2568 taxae
868 2541 897 2569 et
914 2535 1120 2579 capitulatio-

367 2594 444 2616 num
471 2583 707 2627 praedictarum
738 2591 783 2617 est
804 2585 858 2629 qui
879 2585 1036 2627 sequitur3
1058 2584 1120 2617 501-

369 2632 460 2666 licet:

970 261 1150 286 BULLARIUM
1174 261 1325 285 ROMANUM

1208 313 1296 346 Nelle
1317 324 1413 346 cause
1434 314 1528 353 civili,
1559 314 1617 347 che
1645 313 1916 348 ordinariamente

1164 366 1203 399 ed
1216 366 1577 400 estraordinariamente
1591 367 1616 399 si
1628 367 1763 400 saranno
1770 379 1828 411 per
1838 369 1916 401 l’av-

1164 419 1272 452 venire
1298 420 1328 451 al
1358 419 1519 453 tribunale
1539 420 1590 453 del
1612 420 1784 463 magnifico
1808 421 1918 464 signor

1164 472 1302 505 Pedesta
1323 472 1353 505 di
1374 472 1474 511 Fano,
1502 473 1604 506 debba
1635 483 1706 506 esso
1731 473 1840 516 signor
1859 475 1917 507 Po-

1164 526 1253 558 desta
1278 526 1470 569 conseguire
1489 527 1700 559 l'insrascritti
1721 527 1877 570 capisoldi
1898 538 1916 560 o

1163 579 1320 622 sportule‚
1343 580 1423 613 oltre
1445 581 1465 612 il
1486 591 1544 613 suo
1569 580 1696 620 salario,
1718 581 1800 613 cioe:

1163 631 1288 665 Dauno
1309 633 1409 666 scudo
1431 634 1500 666 sino
1521 645 1539 666 a
1558 633 1641 667 dieci
1662 634 1693 666 di
1715 633 1816 677 grossi
1833 633 1916 666 venti

1254 696 1312 729 per
1332 686 1432 719 5011110
1712 698 1756 720 50.
1781 687 1801 720 0
1821 688 1851 719 b.
1898 686 1917 720 6

1163 739 1207 771 Da
1275 739 1318 772 ‘10
1342 751 1359 772 a
1406 740 1448 773 25
1730 755 1742 773 »
1779 740 1799 774 0
1830 752 1842 771 1)
1876 739 1918 774 ΞΟ

1163 792 1206 824 Da
1277 791 1318 825 25
1343 805 1361 826 a
1408 793 1450 827 50
1729 806 1742 825 ι)
1780 794 1794 826 1
1835 808 1847 826 »
1875 814 1919 818 -

1162 845 1206 878 Da
1275 845 1317 879 50
1342 857 1358 878 a
1384 847 1448 880 ’100
1726 860 1738 878 ι)
1779 848 1793 880 1
1834 859 1846 878 ο
1876 847 1918 880 20

1162 899 1205 931 Da
1258 899 1319 932 100
1343 910 1359 931 a
1385 900 1450 933 1150
1730 913 1742 931 n
1779 901 1799 933 2
1835 913 1848 933 »
1876 920 1919 925 —-

1163 952 1205 984 Da
1252 951 1317 985 ’150
1341 963 1358 984 a
1384 952 1449 986 ‘200
1728 966 1740 984 ,1)
1779 953 1799 986 2
1835 967 1848 985 »
1876 954 1918 987 20

1162 1005 1205 1038 Da
1252 1005 1317 1039 900
1341 1017 1359 1038 a
1384 1006 1448 1039 ⁶250
1729 1019 1740 1036 n
1778 1007 1799 1040 3
1835 1019 1847 1037 1)
1875 1027 1917 1031 »-

1162 1059 1205 1091 Da
1252 1058 1317 1092 250
1342 1071 1359 1091 a
1383 1059 1449 1092 300
1730 1074 1742 1092 »
1780 1061 1802 1093 lt
1836 1074 1848 1093 11
1875 1082 1919 1086 -

1162 1113 1205 1145 Da
1251 1111 1315 1146 300
1340 1123 1358 1144 a
1382 1112 1447 1145 400
1728 1126 1740 1144 n
1778 1113 1798 1147 5
1835 1127 1848 1147 1>
1876 1135 1917 1138 —

1161 1166 1205 1198 Da
1251 1164 1316 1199 400
1341 1176 1358 1198 a
1383 1165 1448 1199 500
1518 1180 1522 1184 ’
1678 1158 1682 1160 .
1730 1179 1743 1197 )›
1781 1167 1800 1200 6
1834 1180 1846 1198 >J
1876 1189 1918 1192 —

1205 1218 1419 1252 Dichiarando
1448 1219 1506 1251 0110
1528 1219 1567 1251 da
1597 1219 1637 1251 tal
1665 1230 1788 1253 somma
1823 1221 1855 1254 in
1879 1233 1916 1254 su

1162 1283 1226 1305 non
1255 1282 1348 1315 possa
1376 1282 1469 1304 avere
1490 1283 1506 1304 e
1527 1273 1719 1315 conseguire
1747 1284 1779 1307 se
1800 1285 1866 1307 non
1887 1276 1918 1308 la

1161 1325 1309 1358 snddetta
1333 1330 1414 1357 lassa
1444 1325 1475 1357 di
1497 1325 1587 1358 scudi
1609 1325 1673 1365 sei,
1697 1326 1743 1359 sia
1765 1328 1793 1359 la
1821 1339 1916 1361 causa

1162 1378 1192 1411 di
1210 1379 1269 1411 che
1290 1389 1414 1411 somma
1435 1389 1522 1411 esser
1542 1378 1566 1411 51
1587 1379 1701 1421 voglia.

1206 1432 1228 1464 E
1249 1432 1309 1464 che
1330 1432 1359 1464 la
1380 1432 1463 1464 detta
1485 1436 1567 1464 tassa
1593 1432 1687 1464 abbia
1712 1433 1810 1476 luogo
1831 1439 1917 1468 tanto

1162 1485 1246 1517 nelle
1272 1496 1368 1518 cause
1399 1485 1435 1518 de
1465 1485 1693 1528 appellatione,
1713 1497 1805 1519 come
1834 1488 1918 1521 nelle

1162 1539 1403 1572 comnn'ssarioe.
1437 1539 1506 1571 Non
1535 1539 1613 1581 pero
1643 1539 1801 1572 s’intenda
1832 1541 1918 1574 delle

1163 1602 1259 1625 cause
1289 1591 1463 1625 sommarie
1484 1591 1515 1623 di
1536 1592 1691 1633 mercedi,
1713 1592 1744 1625 di
1770 1593 1917 1636 pensioni

1162 1646 1192 1679 di
1209 1656 1293 1685 case,
1310 1657 1326 1678 e
1341 1646 1420 1678 dove
1440 1656 1506 1678 non
1528 1646 1610 1678 fosse
1630 1656 1782 1689 processo
1796 1648 1884 1688 fatto,
1901 1660 1917 1682 e

1163 1699 1193 1732 di
1224 1700 1341 1732 vedere
1363 1710 1378 1732 e
1400 1699 1515 1743 pupilli
1536 1700 1658 1743 poveri‚
1693 1711 1710 1733 e
1741 1700 1916 1734 miserabili

1163 1763 1312 1796 persone.
1337 1753 1360 1785 E
1386 1753 1471 1785 nelle
1497 1752 1655 1786 esecutive
1675 1753 1756 1786 dove
1775 1764 1840 1787 non
1871 1754 1917 1788 sia

1163 1806 1439 1845 cmitraddizione‚
1454 1806 1475 1838 il
1487 1805 1615 1847 giudice
1626 1816 1691 1839 non
1705 1817 1799 1850 possa
1807 1807 1919 1851 piglia-

1164 1870 1197 1892 re
1218 1859 1440 1892 emolumento
1461 1859 1590 1892 alcuno.

1207 1912 1230 1944 Ε
1250 1912 1371 1956 perche
1391 1922 1456 1944 non
1472 1912 1488 1944 e
1502 1912 1664 1956 provvisto
1678 1913 1762 1946 delle
1773 1914 1920 1957 sportule

1164 1966 1248 1999 nelle
1274 1976 1370 1998 cause
1404 1965 1489 1998 civili
1515 1965 1621 1997 avanti
1649 1964 1670 1997 il
1700 1965 1862 2000 tribunale
1888 1968 1919 2000 di

1164 2019 1373 2061 monsignore
1393 2024 1606 2061 governatore
1622 2029 1680 2062 per
1694 2019 1724 2051 la
1740 2019 1848 2062 quiete
1867 2020 1918 2054 dei

1163 2072 1314 2115 litiganti,
1338 2073 1397 2105 ebe
1423 2071 1445 2104 il
1465 2071 1570 2104 simile
1595 2072 1741 2105 s'osservi
1773 2073 1802 2105 al
1831 2073 1919 2107 detto

1165 2126 1326 2158 tribunale
1347 2126 1431 2158 nelle
1452 2125 1535 2157 dette
1557 2136 1666 2165 cause,
1689 2126 1789 2159 etiam
1808 2126 1844 2159 de
1864 2138 1920 2170 ap-

1160 2180 1337 2222 pellatione
1357 2183 1386 2211 et
1406 2179 1661 2218 commissariae,
1684 2179 1723 2211 ed
1741 2179 1774 2212 in
1794 2181 1918 2224 ogn'al-

1164 2240 1211 2265 tra
1237 2242 1334 2265 causa
1362 2232 1422 2264 che
1451 2232 1535 2264 fosse
1561 2231 1665 2264 avanti
1691 2231 1713 2264 11
1734 2243 1793 2266 5110
1814 2232 1918 2266 tribu—

1164 2286 1246 2318 nale.

1206 2338 1423 2372 Diehiarando
1432 2338 1491 2371 che
1502 2338 1585 2371 nelle
1594 2348 1689 2371 cause
1698 2339 1748 2372 dei
1757 2339 1918 2373 [οι-3511011

1164 2388 1223 2421 che
1243 2388 1268 2420 si
1288 2387 1479 2431 agiteranno
1499 2387 1553 2419 alli
1580 2387 1722 2420 suddetti
1750 2387 1915 2429 tribunali,

1164 2448 1221 2480 per
1240 2436 1262 2469 li
1278 2436 1433 2480 capisoldi
1455 2447 1471 2469 e
1491 2436 1636 2480 sportule
1657 2436 1682 2469 si
1703 2438 1785 2470 servi
1806 2438 1837 2471 lo
1857 2444 1918 2471 sta-

1164 2491 1231 2519 tuto
1254 2486 1286 2517 in
1307 2486 1348 2518 tal
1365 2495 1439 2518 caso
1459 2485 1614 2528 provisto.

1207 2534 1312 2568 Chele
1322 2534 1467 2577 predette
1478 2534 1622 2577 sportule
1643 2534 1694 2567 dei
1713 2534 1834 2577 giudici
1851 2546 1916 2568 non

1165 2584 1294 2627 pessino
1318 2584 1352 2617 in
1380 2583 1477 2616 alcun
1509 2583 1605 2616 modo
1635 2583 1786 2617 riceversi
1806 2584 1847 2617 ne
1866 2584 1917 2627 pi·
1963 2597 1972 2607 ν

1164 2632 1273 2677 gliarsi
1294 2632 1377 2666 dalle
1398 2632 1496 2676 parti,
1519 2632 1916 2676 cl1e1itigasser0‚maso-

1930 262 1983 289 An.
2000 262 2027 290 C.
2048 263 2115 290 1589
