2226 3070
240 278 295 314 An.
312 285 425 315 c.1590

240 438 351 458 stantibus.

268 2544 401 2567 Prooemmm.

482 278 547 313 ⁶232

1035 279 1215 312 BULLARIUM
1238 287 1390 312 ROMANUM

1993 290 2045 318 An.
2063 280 2178 319 (1.1590

482 342 497 385 ἓ
522 341 554 376 6.
581 342 649 375 Non
683 342 884 375 obstantibus
909 341 1012 374 felicis
1039 341 1211 393 recorda-1
1230 351 1302 373 rum
1324 340 1430 373 studia
1457 340 1497 373 ad
1527 341 1609 374 bene
1629 340 1788 385 beateque
1807 341 1977 376 vivendum

267 401 359 427 ”erogat
384 403 424 423 ob·
438 395 533 429 tionis
546 395 593 428 Pii
608 396 712 440 Papae
726 396 772 435 lv,
792 393 1049 440 praedecessoris
1071 393 1183 432 nostri,

438 460 536 494 super
556 450 667 492 gratiis
687 450 926 492 qualecumque
947 447 1118 480 minimum
1140 448 1186 480 in-

438 509 557 536 teresse
582 502 733 536 Gamerae
754 502 955 546 Apostolicae
985 512 1186 534 concernen-

440 557 536 597 tibus,
560 557 593 589 in
613 556 723 589 eadem
747 555 880 589 Camera
900 555 1121 598 registrandis,
1144 555 1187 588 ita

437 611 523 654 quod
546 615 729 654 praesentes
749 609 781 642 in
806 609 917 642 eadem
939 609 1070 643 Camera
1091 620 1186 654 prae-

437 664 555 697 sentari
577 670 632 696 aut
654 663 817 706 registrari
847 663 952 696 facere
979 664 1069 696 nullo
1090 663 1186 696 modo

437 722 619 757 teneantur,
641 728 678 750 ac
697 717 768 751 aliis
789 717 1074 750 constitutionibus
1091 723 1119 750 et
1136 728 1188 750 or-

436 771 657 804 dinationibus
666 771 864 815 apostolicis;
876 771 1045 815 dictaeque
1053 770 1186 804 civitatis

436 824 646 864 Lauretanae,
669 825 762 858 etiam
795 824 989 865 iuramento,
1011 826 1185 858 confirma-

438 878 524 911 tione
544 878 720 922 apostolica
740 879 787 911 vel
809 878 920 922 quavis
950 878 1100 911 firmitate
1124 878 1187 911 alia

436 931 606 971 roboratis,
627 932 754 965 statutis
765 938 795 965 et
806 931 1106 969 eonsuetutlinibus;
1122 931 1187 975 pri-

436 985 558 1029 vilegiis
577 996 707 1030 quoque
727 986 861 1019 indultis
880 991 910 1019 et
929 985 1045 1018 litteris
1057 992 1185 1030 aposto-

437 1039 505 1071 licis
522 1039 688 1082 quibusvis
699 1040 844 1083 personis
855 1039 1099 1084 quomodolibet
1111 1050 1188 1073 con-

437 1093 545 1133 cessis,
567 1093 765 1126 confirmatis
786 1100 814 1127 et
841 1093 1037 1138 approbatis.
1064 1093 1186 1133 Quibus

437 1147 599 1188 omnibus,
610 1147 740 1181 illorum
753 1153 892 1186 tenores,
911 1159 946 1180 ac
960 1148 983 1179 si
1001 1147 1184 1181 adverbum

437 1201 677 1241 insererentur,
700 1201 923 1245 praesentibus
947 1212 1006 1245 pro
1027 1201 1186 1245 expressis

437 1253 601 1295 habentes,
618 1255 680 1287 illis
689 1256 766 1288 alias
779 1255 809 1287 in
827 1266 884 1288 suo
901 1256 1017 1288 robore
1038 1266 1187 1299 perman-

436 1308 531 1348 suris,
548 1309 608 1341 hac
628 1309 695 1341 vice
705 1309 882 1348 dumtaxat,
899 1309 1083 1352 specialiter
1095 1315 1122 1341 et
1136 1320 1187 1341 ex-

436 1373 544 1406 presse
569 1363 763 1406 derogamus
780 1390 787 1403 ,
810 1363 989 1406 ceterisque
1017 1362 1187 1396 contrariis

436 1415 707 1460 quibuscumque.

480 1470 594 1504 Datum
615 1471 735 1504 Romae
756 1471 788 1504 in
809 1471 914 1504 Monte
935 1470 1103 1510 Quirinali,
1127 1470 1186 1502 sub

437 1526 557 1559 annulo
576 1525 762 1566 piscatoris,
782 1525 833 1558 die
862 1535 925 1557 xxn
946 1525 1072 1567 augusti
1093 1534 1186 1564 MDxc,

438 1580 642 1624 pontificatus
663 1580 763 1612 nostri
780 1590 865 1612 anno
885 1589 926 1612 w.

461 1637 522 1668 Dal.
544 1638 590 1668 die
613 1637 651 1668 22
674 1638 792 1676 augusti
816 1637 905 1675 1500,
930 1637 1034 1676 pontis.
1055 1646 1102 1666 an.
1121 1645 1159 1665 ri.

728 1807 892 1841 CLXXVII.

438 1889 607 1922 Institutio
640 1888 869 1921 Uni'rersitutix
903 1888 1006 1921 studii
1029 1888 1187 1931 (tenerulis

481 1943 683 1975 diversarum
694 1943 906 1975 scientiarum
920 1947 947 1974 et
962 1943 1121 1974 (torturum
1132 1952 1186 1973 ar-

482 1998 564 2029 tium
575 1998 610 2029 in
626 1997 753 2040 colteyio
767 1997 1022 2039 presbyterorum
1044 1996 1185 2028 Societa-

483 2052 524 2083 tis
550 2050 635 2091 Iesu,
666 2062 687 2084 α
708 2050 822 2084 Carolo
842 2051 996 2083 Austriae
1017 2050 1187 2082 archiduce

481 2105 514 2136 iu
559 2105 673 2148 oppido
713 2104 899 2141 Gruecrusi,
948 2103 1188 2146 Sakburyensis

482 2158 630 2191 dioecesis
662 2157 812 2199 fundam,
834 2162 863 2190 ct
884 2169 901 2190 α
925 2157 1077 2200 Greyorio
1101 2157 1186 2190 XII]
1206 2154 1209 2165 ¹

482 2216 594 2251 erecto,
626 2222 694 2244 cum
728 2211 889 2243 redituum
915 2211 1135 2253 assiynacfone
1159 2215 1187 2243 et

479 2266 727 2308 privileqiorum
747 2266 956 2309 etaryutione.

505 2345 600 2375 sixtus
620 2346 770 2382 episcopus,
792 2352 888 2374 servus
903 2353 1042 2374 servorum
1060 2345 1121 2378 Dei,

582 2396 615 2424 ad
634 2397 793 2432 perpetuam
812 2396 852 2424 rei
870 2395 1038 2425 memoriam.

482 2467 634 2500 Coelestis
663 2467 765 2500 Patris
791 2467 989 2510 providentia
1010 2467 1048 2499 ad
1063 2467 1186 2500 Summi

439 2522 643 2566 Apostolatns
668 2521 792 2565 apicem
819 2522 931 2561 erecti,
961 2527 1122 2565 tamquam
1148 2521 1187 2553 de

440 2576 564 2609 excelso
594 2580 702 2608 monte
721 2576 759 2607 ad
786 2575 849 2607 ima
869 2576 935 2618 agri
963 2575 1075 2615 irrigui
1103 2575 1187 2607 mili-

439 2629 536 2662 tantis
556 2629 709 2662 ecclesiae
729 2634 875 2661 nostrum
897 2629 1069 2671 dirigentes
1092 2629 1188 2661 intui-

441 2688 521 2723 tum,
541 2693 578 2716 ac
599 2682 840 2715 considerantes
865 2682 950 2725 quod
981 2693 1038 2725 per
1067 2683 1187 2716 littera-

1220 394 1278 438 -via
1297 395 1484 437 praebetur,
1505 394 1621 428 veritas
1640 395 1837 437 agnoscitur,
1858 396 1979 429 iustitia

1229 448 1360 490 colitur,
1390 455 1582 492 ceteraeque
1602 448 1735 482 virtutes
1762 449 1976 491 illustrantur,

1228 513 1265 535 ac
1286 503 1447 536 humanae
1472 502 1694 547 prosperitatis
1720 503 1862 536 conditio
1882 514 1980 546 auge-

1230 561 1292 596 tur,
1316 556 1394 589 fides
1415 556 1574 590 catholica
1595 562 1623 589 et
1645 556 1888 589 cultusdivinus
1905 567 1979 600 pro-

1229 609 1372 642 tenditur
1391 610 1429 643 ad
1451 621 1487 644 ea
1508 621 1566 655 per
1582 621 1665 655 quae
1678 610 1781 643 studia
1791 610 1978 644 huiusmodi

1228 663 1375 705 ubilibet,
1391 664 1528 697 maxime
1544 664 1577 697 in
1593 663 1781 707 regionibus
1800 664 1855 697 ubi
1877 664 1980 697 maior

1229 717 1400 750 necessitas
1427 724 1532 760 urget,
1564 722 1799 761 propagentur,
1821 723 1852 750 et
1871 717 1979 751 humi-

1229 771 1274 803 les
1295 781 1453 815 personae
1472 772 1510 804 ad
1532 772 1693 804 excelsum
1716 771 1875 804 felicitatis
1894 770 1981 804 fasti-

1227 824 1315 867 gium
1337 825 1506 868 pervtnirc
1524 825 1692 868 cupientes
1712 825 1744 858 in
1765 825 1827 858 hoc
1848 835 1906 868 pro
1927 835 1980 857 eo-

1228 889 1300 911 rum
1322 878 1487 922 proposito
1508 878 1620 911 utilius
1636 878 1809 918 confoveri,
1829 889 1866 911 ac
1889 878 1978 912 labo-

1228 942 1301 964 rum
1322 943 1456 965 suorum
1479 932 1618 965 honores
1643 938 1671 965 ct
1693 932 1836 975 praemia
1866 942 1979 965 conse-

1228 985 1284 1027 qui
1305 986 1441 1025 valeant,
1464 985 1653 1029 praesertim
1685 985 1761 1017 dum
1793 984 1978 1028 principum

1229 1038 1480 1071 christianorum
1493 1044 1565 1071 vota
1580 1038 1611 1070 id
1633 1043 1821 1081 exposcunt,
1841 1038 1980 1071 libenter

1229 1092 1439 1132 intendimus,
1462 1093 1543 1125 etin
1570 1092 1620 1124 liis
1649 1097 1756 1136 partes
1783 1091 1979 1135 apostolicae

1228 1146 1447 1189 providentiae
1473 1146 1704 1190 impendimus,
1739 1150 1835 1189 prout
1859 1145 1892 1178 in
1915 1145 1978 1178 Do-

1228 1200 1315 1232 mino
1337 1200 1567 1244 conspicimus,
1592 1199 1765 1233 salubriter
1785 1199 1946 1243 expedire.

1272 1254 1336 1297 {⁴l.
1369 1254 1464 1293 Sane,
1495 1253 1636 1286 exhibita
1663 1253 1755 1285 nobis
1782 1263 1889 1296 nuper
1920 1263 1980 1297 pro
1994 1254 2177 1307 ‹imiimi-”⁶¹¹2

1228 1314 1318 1352 pai-¹0
1335 1307 1443 1340 dilecti
1465 1307 1521 1340 filii
1542 1307 1660 1340 notans
1677 1307 1735 1339 viri
1751 1306 1856 1339 Caroli
1876 1291 2177 1353 ³1³0111-q3{m⁰⁵¹‡;5i2.

1228 1359 1319 1395 ducis
1340 1361 1498 1401 Austriae,
1522 1361 1576 1404 qui
1599 1360 1694 1393 etiam
1709 1360 1852 1404 styriae,
1870 1349 2175 1405 Carin-g'ffssmeffifssg'g'ss

1229 1415 1326 1454 thiae,
1358 1421 1388 1447 et
1419 1414 1588 1447 Carniolae
1622 1414 1684 1447 dux
1718 1413 1834 1454 existit,
1866 1413 1979 1457 petitio
1995 1411 2047 1436 ‘¹⁸⁰¹’
2062 1411 2082 1431 ³¹¹
2098 1410 2175 1437 ⁰⁹¹²⁵⁶⁰

1229 1468 1414 1501 continebat
1439 1468 1548 1511 quod,
1576 1472 1745 1511 postquam
1772 1467 1850 1500 alias
1879 1466 1981 1500 felicis
1993 1442 2178 1510 ῗιῖἲὲἕὲῗῑεεεῆιιῖο-

1229 1521 1463 1555 recordationis
1483 1521 1657 1564 Gregorius
1676 1521 1763 1564 Papa
1787 1520 1865 1561 xm,
1888 1531 1980 1564 prae·
1993 1510 2049 1562 {1⁰52}
2060 1505 2176 1563 ᾕιῖιῖιζῗῖ-

1228 1577 1378 1609 decessor
1408 1581 1537 1615 noster,
1569 1575 1602 1607 in
1632 1575 1752 1619 oppido
1792 1567 2176 1621 G1·aecensi‚fg‘¹;22„⁵‘ffi⁵„⁰;:·

1228 1629 1469 1672 Salzburgensis
1498 1628 1667 1668 dioecesis,
1695 1627 1771 1661 dicti
1795 1627 1899 1661 Caroli
1926 1639 1978 1661 ar—
1993 1632 2029 1667 *Εἰ
2051 1629 2175 1683 ἱξῃῗῐῗιξῡᾶ

1229 1684 1375 1717 chiducis
1399 1683 1545 1716 dominio
1566 1683 1599 1715 in
1619 1682 1853 1726 temporalibus
1869 1681 1978 1715 subie-
1993 1669 2062 1730 {¹:¹21}
2078 1696 2098 1714 ei
2114 1669 2177 1714 alsi}-

1229 1743 1292 1778 cto,
1314 1737 1487 1780 collegium
1516 1737 1780 1781 presbyterorum
1811 1735 1979 1769 societatis
1994 1729 2039 1747 ¹⁰¹¹·

1228 1792 1297 1824 Iesu
1323 1791 1465 1835 propriis
1485 1790 1668 1834 sumptibus
1689 1789 1789 1834 ipsius
1809 1789 1914 1823 Caroli
1930 1801 1978 1823 ar·

1207 1880 1209 1889 Α
1229 1845 1376 1878 ‹Jhidueis
1397 1845 1565 1877 fundatum
1587 1850 1615 1877 et
1644 1849 1839 1884 extructum,
1865 1849 1977 1877 aucto—

1207 1917 1209 1927 ·
1230 1899 1319 1931 ritate
1340 1899 1515 1942 apostolica
1538 1903 1694 1942 perpetuo
1715 1897 1816 1931 erexit
1835 1904 1866 1930 et
1886 1897 1977 1930 insti-

1230 1953 1300 1989 tuit,
1323 1964 1361 1985 ac
1382 1952 1465 1985 inter
1485 1952 1547 1984 alia
1568 1951 1671 1985 eidem
1693 1951 1841 1995 collegio,
1865 1962 1923 1995 pro
1939 1951 1977 1984 il-

1229 2007 1290 2039 lius
1311 2006 1554 2049 magistromtm,
1573 2005 1769 2039 scholarium
1792 2011 1822 2039 et
1840 2006 1977 2038 aliorum

1229 2060 1332 2092 dictae
1362 2059 1529 2093 Societatis
1563 2059 1787 2101 religiosorum
1822 2064 1980 2092 sustenta-

1229 2113 1328 2154 tione,
1350 2113 1538 2157 pensionem
1565 2122 1705 2145 annuam
1733 2112 1873 2145 duorum
1907 2112 1977 2145 mil-

1229 2167 1307 2199 lium
1329 2173 1357 2200 et
1385 2167 1600 2199 ducentorum
1622 2166 1819 2198 florenorum
1840 2165 1977 2199 Remen-

1229 2214 1311 2253 siuni
1333 2231 1431 2264 super
1448 2220 1632 2253 monasterii
1655 2230 1711 2252 seu
1727 2219 1843 2252 domus
1854 2219 1893 2253 de
1913 2219 1979 2252 Mit-

1229 2274 1317 2307 stade
1338 2274 1518 2317 nuncupati
1539 2273 1683 2307 eiusdem
1702 2272 1870 2314 dioecesis,
1892 2272 1978 2316 quod

1229 2339 1286 2361 seu
1311 2339 1394 2372 quae
1422 2327 1498 2360 olim
1528 2326 1748 2360 Cisterciensis
1768 2337 1823 2360 seu
1845 2326 1978 2359 alterius

1229 2382 1368 2423 Ordinis,
1392 2387 1503 2425 postea
1524 2391 1597 2414 vero
1614 2380 1732 2414 Ordine
1752 2380 1823 2425 ipso
1838 2391 1875 2413 ac
1895 2385 1977 2413 statu

1229 2441 1258 2468 et
1279 2435 1416 2469 essentia
1446 2434 1658 2478 regularibus,
1682 2444 1809 2467 necnon
1837 2444 1977 2467 conven-

1231 2485 1375 2518 tualitate
1400 2495 1437 2517 ac
1462 2484 1569 2516 forsan
1590 2483 1720 2516 nominc
1740 2482 1926 2516 monasterii
1944 2483 1976 2515 in

1230 2545 1267 2567 eo
1288 2533 1466 2577 suppressis
1483 2538 1514 2566 et
1533 2532 1690 2573 extinctis,
1705 2532 1837 2566 militiae
1856 2543 1911 2565 seu
1923 2531 1978 2564 Or-

1229 2583 1312 2616 dinis
1333 2582 1479 2615 militaris
1499 2581 1606 2614 Sancti
1627 2581 1767 2624 Georgii,
1784 2581 1879 2614 etiam
1900 2586 1977 2614 tunc

1230 2636 1335 2666 l'orsan
1357 2632 1514 2665 extinctae
1530 2642 1588 2664 seu
1608 2631 1750 2671 extincti,
1767 2630 1840 2663 licet
1853 2629 1974 2672 aliquot

1229 2682 1412 2715 sacerdotes
1443 2680 1473 2712 in
1499 2680 1611 2713 militia
1631 2691 1687 2713 seu
1708 2679 1825 2712 Ordine
1845 2677 1975 2711 militari
