2226 3070
74 293 93 319 Α
103 300 128 319 n.
147 292 174 318 [l.
196 291 260 319 1591

93 669 121 690 Ex
137 668 258 688 officialium

77 695 203 718 indulgentia
240 695 259 715 in

76 722 259 749 puellarutnexpt·-

75 750 161 769 sitarum
198 748 259 768 «torno

77 777 174 796 exli-auae
187 775 259 795 mulie-

77 808 110 823 res
125 802 207 822 ruerunt
223 801 259 822 ad-

76 829 160 850 missae.

874 291 1011 316 GREGORI
1017 291 1054 315 US
1073 291 1126 316 XIV
1146 292 1184 316 PP
1190 309 1195 315 .

273 345 428 383 quantum
440 339 532 373 nobis
542 350 578 372 ex
587 340 651 373 alto
663 339 1020 384 conceditur,opportu-

272 393 320 426 nis
331 394 480 427 remediis
492 404 732 437 compescamus
744 397 774 428 et
784 405 1015 433 removeamus,

276 453 371 491 prout
383 448 525 482 fidelium
538 454 609 482 vota
619 449 806 492 deposcunt,
828 454 858 481 et
870 459 927 481 nos
941 459 1018 481 con-

272 501 425 545 spicimus
438 502 469 534 in
483 502 618 535 Domino
635 502 805 535 salubriter
822 502 981 545 expedire.

318 557 334 597 ξ’
353 555 382 588 ¹1.
399 555 480 589 Sane
494 555 600 588 dilecti
620 555 675 588 filii
695 555 840 588 moderni
860 555 1014 597 magistri,

274 609 505 651 gubernatores
526 614 556 641 et
577 608 729 641 officiales
754 608 918 651 hospitalis
940 609 1017 641 Bea-

277 667 324 694 tae
344 661 459 694 Mariae
480 661 702 694 Annunciatae
721 667 923 704 nuncupatae
937 661 1017 694 Nea-

275 715 482 758 politanensis
503 715 594 748 nobis
615 725 719 758 nuper
739 714 854 758 exponi
875 714 1016 747 fecerunt

275 768 372 811 quod,
397 778 469 800 cum
491 767 574 800 inter
594 767 655 800 alia
676 768 742 801 sere
761 767 929 800 innumera
952 767 1018 811 pie-

276 821 348 854 tatis
369 827 400 855 et
421 821 584 855 charitatis
604 832 713 865 opera,
735 832 816 865 quae
837 831 911 863 erga
924 822 1014 854 Chri—

274 876 312 909 sti
336 887 493 920 pauperes
508 876 538 909 in
552 876 636 909 dicto
654 875 803 920 hospitali
816 881 1013 910 exercentur.

274 930 353 963 illud
379 930 581 974 potissimum
613 930 727 972 vigeat,
752 930 838 973 quod
869 929 900 961 in
932 929 1014 962 reci-

273 983 398 1028 piendis
412 983 655 1027 nutriendisque
672 982 820 1027 repositis
838 983 955 1015 ibidem
971 983 1017 1015 in-

274 1037 425 1077 fantibus,
450 1048 589 1081 quorum
612 1047 764 1069 numerus
782 1037 900 1069 ibidem
920 1036 1017 1069 maxi-

274 1102 345 1124 mus
363 1091 496 1124 existere
516 1091 714 1134 perhibetur,
737 1090 779 1122 ita
793 1091 890 1133 quod,
906 1101 1017 1133 quam—

273 1145 319 1178 vis
341 1145 373 1178 in
391 1145 522 1188 reliquis
542 1144 691 1177 omnibus
714 1143 908 1187 pauperihus
926 1154 1017 1187 prae-

275 1199 367 1232 dictis
385 1198 505 1242 optime
528 1198 724 1237 consulatur,
748 1197 957 1230 nihilominus
977 1198 1016 1230 ad

274 1253 335 1286 hoc
353 1252 384 1285 in
406 1252 520 1296 primis
548 1251 737 1295 recipientes
758 1250 871 1283 Christi
892 1250 1013 1291 fideles,

275 1316 312 1339 eo
333 1305 503 1339 ferventius
525 1305 555 1337 in
577 1304 748 1347 erogandis
767 1304 851 1337 dicto
868 1304 1016 1348 hospitali

275 1359 484 1404 eleemosynis
504 1358 719 1402 promptiores
736 1358 881 1398 existant,
906 1369 1017 1401 quam-

275 1413 321 1446 vis
341 1413 459 1446 eisdem
481 1412 629 1456 repositis
658 1411 793 1444 maxima
814 1423 887 1444 cum
915 1412 1017 1445 cbari-

277 1473 341 1500 tate
360 1466 521 1500 subveniri
543 1466 698 1504 videatur,
722 1476 785 1509 quo
806 1466 838 1498 tit
858 1472 902 1503 ut,
926 1477 1017 1509 prae-

278 1526 325 1554 ter
345 1520 503 1564 expositos
524 1520 693 1559 masculos,
726 1519 820 1552 etiam
848 1520 1016 1563 quamplu-

277 1574 377 1607 rimae
404 1574 528 1618 puellae
549 1573 667 1606 ibidem
698 1573 857 1616 expositae
886 1573 915 1605 in
947 1574 1016 1606 loco

279 1627 403 1661 decenti
428 1634 458 1660 et
483 1632 641 1670 separato,
672 1627 908 1673 conservatorio
938 1638 1017 1660 nun-

278 1687 404 1726 cupato,
427 1682 486 1715 sub
515 1692 656 1723 congrua
676 1681 830 1719 custodia,
854 1681 893 1713 ad
920 1681 1018 1714 instar

279 1735 474 1775 monasterii,
494 1735 552 1768 sul)
573 1745 647 1767 cura
677 1740 705 1767 et
725 1734 891 1777 disciplina
920 1735 1018 1768 lione—

278 1796 398 1823 starum
430 1795 670 1825 matronarum.
704 1788 900 1825 retinentur,
937 1800 1017 1832 quae

278 1855 349 1877 cum
370 1844 409 1877 ad
428 1843 571 1876 nubilem
592 1848 727 1876 aetatem
742 1843 953 1886 pervenerint,
970 1844 1017 1876 vel

278 1897 483 1930 matrimonio
504 1907 575 1929 cum
597 1896 790 1939 competenti
813 1897 896 1933 dote,
920 1897 965 1930 rel
986 1897 1017 1929 in

276 1951 384 1994 aliquo
396 1949 583 1983 monialium
599 1949 792 1982 monasterio
805 1950 1014 1983 collocantur.

276 2004 311 2037 Et
329 2004 401 2037 licet
421 2003 504 2036 iuxta
522 2003 742 2036 fundationem
760 2003 834 2036 dicti
853 2003 1018 2047 hospitalis

276 2057 308 2090 in
337 2057 421 2091 dicto
441 2058 513 2090 loco
542 2057 778 2090 conservatorio
798 2058 924 2101 puellae
951 2064 1016 2090 tan-

278 2117 344 2145 tum
363 2111 523 2155 expositae
550 2111 648 2154 recipi
671 2111 818 2147 debeant,
843 2121 924 2154 quae
946 2122 1016 2143 cum

278 2165 396 2198 ibidem
423 2165 481 2198 sub
514 2170 601 2197 certa
634 2164 757 2197 vivendi
791 2164 957 2207 disciplina
989 2171 1018 2197 et

278 2231 391 2253 norma
418 2230 453 2252 ac
474 2218 559 2251 iuxta
583 2218 666 2250 illius
696 2218 755 2250 loci
788 2218 914 2259 regulas
944 2218 1019 2250 diri-

278 2279 404 2317 gantur,
436 2272 556 2316 optime
585 2271 749 2304 conveniat
791 2271 830 2303 ab
863 2272 1018 2304 extraneis

279 2327 423 2361 moribus
436 2332 464 2359 et
483 2325 777 2359 conversationibus
790 2326 971 2368 puellarum
989 2331 1017 2359 et

280 2382 451 2415 mulierum
470 2380 589 2413 ibidem
608 2392 625 2412 a
652 2379 788 2423 pueritia
816 2390 880 2412 non
901 2380 1019 2412 enutri-

282 2443 383 2470 tarum
405 2440 542 2468 semotas
560 2439 590 2466 et
610 2433 729 2466 alienas
750 2444 827 2472 csse,
852 2444 910 2465 nec
939 2433 1021 2467 inter

281 2491 360 2530 illas,
375 2489 494 2521 ibidem
506 2488 545 2520 ab
564 2487 697 2520 infantia
709 2486 881 2519 custoditas
902 2492 932 2519 et
948 2498 1020 2520 eru-

281 2544 373 2581 ditas,
390 2542 468 2575 alias
488 2542 610 2585 puellas
631 2541 677 2573 vel
698 2540 849 2573 mulieres
869 2546 955 2573 extra
975 2541 1022 2574 lo-

281 2608 353 2631 cum
373 2597 463 2630 illum
482 2597 630 2629 edueatas
651 2601 680 2628 et
701 2595 856 2629 extraneis
879 2595 1021 2629 moribus

282 2652 420 2684 imbutas
440 2650 552 2694 reponi
573 2655 603 2683 et.
624 2649 811 2690 immisceri,
835 2649 1020 2693 praesertim

283 2715 356 2738 curn
374 2704 405 2737 in
427 2703 551 2737 civitate
572 2702 779 2746 Neapolitana
797 2703 911 2736 domus
923 2702 1021 2747 Spiri-

1694 280 1758 314 435

1055 345 1103 373 tus
1121 340 1239 379 Sancti,
1260 339 1292 372 in
1310 350 1372 384 qua
1394 339 1513 373 similes
1533 349 1688 383 personae
1714 350 1792 383 pau-

1053 405 1144 437 peres
1160 394 1259 437 recipi
1277 398 1509 427 consueverunt
1528 399 1556 426 et
1579 393 1788 436 recipiuntur,

1053 447 1173 480 existat.
1198 447 1410 481 Nihilominus
1433 446 1508 479 dieti
1535 446 1700 489 hospitalis
1719 457 1788 479 ma-

1052 501 1152 543 gistri,
1176 501 1405 543 gubernatores
1425 506 1455 533 et
1475 499 1637 535 officiales,
1659 499 1711 542 qui
1732 509 1790 542 pro

1054 560 1196 598 tempore
1215 555 1355 594 suerunt,
1376 554 1440 587 sive
1458 553 1555 586 nimia
1579 553 1787 595 indulgentia,

1051 607 1115 641 sive
1144 608 1250 651 potius
1271 607 1420 640 humanis
1441 607 1602 640 favoribus
1623 607 1787 647 commoti,

1052 662 1258 705 quamplures
1269 662 1391 705 puellas
1402 666 1577 698 extraneas,
1592 660 1692 693 necin
1706 659 1790 693 dicto

1052 714 1211 757 hospitali,
1242 720 1272 747 ut
1302 715 1497 758 praefertur,
1530 714 1696 757 expositas,
1728 713 1790 746 iam

1052 768 1247 809 grandaevas
1266 774 1293 801 et
1317 767 1460 800 moribus
1481 778 1498 799 a
1521 767 1606 800 dicto
1624 767 1694 800 loeo
1716 777 1792 800 eon-

1051 821 1225 854 servatorio
1243 821 1354 854 alienis
1368 827 1518 857 assuetas,
1539 826 1565 853 et
1586 821 1662 854 alias
1680 821 1792 854 mulie-

1051 886 1101 907 res
1117 880 1149 907 ut
1170 875 1356 918 plurimum,
1378 874 1539 907 favoribus
1556 875 1712 917 pollentes
1733 885 1792 918 po-

1053 928 1113 961 tius
1138 939 1234 972 quam
1265 928 1472 964 miserabiles,
1504 933 1632 970 praeter
1656 933 1684 961 et
1707 934 1793 962 extra

1052 981 1126 1014 dicti
1138 981 1305 1025 hospitalis
1319 980 1539 1014 fundationem
1553 986 1580 1013 et
1597 981 1788 1021 institutum,

1052 1041 1239 1079 receperunt
1262 1035 1293 1067 in
1321 1035 1494 1067 maximum
1524 1034 1598 1067 dicti
1627 1035 1792 1078 hospitalis

1052 1089 1254 1132 dispendium
1287 1094 1315 1121 et
1346 1088 1532 1121 scandalum
1563 1088 1788 1131 plurimorum.

1051 1144 1153 1182 Quare
1180 1142 1255 1175 dicti
1283 1142 1430 1176 moderni
1451 1141 1606 1184 magistri,
1628 1142 1789 1184 guberna-

1053 1203 1137 1230 tores
1158 1202 1185 1229 et
1209 1196 1361 1229 officiales
1379 1195 1470 1228 nobis
1487 1195 1653 1228 humiliter
1671 1196 1792 1240 suppli-

1052 1250 1115 1283 cari
1138 1251 1278 1284 fecerunt
1299 1254 1455 1294 quatenus
1476 1249 1506 1281 in
1525 1249 1708 1292 praemissis
1737 1260 1794 1294 op-

1051 1310 1188 1348 portune
1206 1303 1375 1348 providere
1393 1304 1431 1336 de
1452 1302 1648 1344 benignitate
1666 1309 1793 1347 aposto-

1052 1359 1111 1391 lica
1130 1358 1352 1400 dignaremur3

1097 1414 1111 1454 ξ
1130 1411 1159 1444 ’2.
1184 1412 1246 1444 Nos
1264 1411 1372 1453 igitur,
1396 1421 1534 1454 quorum
1556 1410 1724 1454 proprium
1747 1416 1791 1444 est

1052 1466 1178 1509 piorum
1197 1465 1341 1497 locorum
1356 1464 1395 1497 ad
1413 1475 1592 1508 pauperum
1611 1464 1793 1502 subventio-

1052 1530 1124 1552 nem
1144 1518 1378 1555 institutorum,
1404 1529 1439 1551 ac
1464 1528 1675 1561 personarum
1697 1517 1727 1551 in
1749 1530 1792 1552 eis

1052 1573 1235 1616 degentium
1257 1572 1457 1605 indemnitati
1480 1577 1507 1605 et
1531 1573 1616 1605 bono
1645 1572 1792 1614 regimini

1052 1628 1229 1666 consulere,
1254 1626 1394 1659 volentes
1414 1625 1445 1658 in
1474 1625 1657 1669 praemissis
1675 1636 1794 1669 oppor-

1053 1687 1164 1714 tunum
1198 1679 1352 1712 adhibere
1379 1678 1570 1717 remedium,
1608 1679 1793 1713 huiusmodi

1052 1733 1340 1777 supplicationibus
1366 1732 1520 1771 inclinati,
1542 1733 1628 1775 quod
1652 1733 1691 1766 de
1718 1744 1792 1766 cae-

1054 1795 1120 1821 tero
1149 1787 1311 1831 perpetuis
1348 1787 1462 1820 suturis
1497 1787 1695 1830 temporibus
1728 1798 1795 1821 mo—

1053 1841 1144 1875 derni
1163 1847 1191 1874 et
1210 1852 1269 1884 pro
1290 1846 1433 1884 tempore
1452 1840 1620 1873 existentes
1639 1841 1713 1874 dieti
1735 1841 1793 1874 ho—

1052 1896 1173 1940 spitalis
1194 1895 1349 1938 magistri,
1370 1896 1601 1938 gubernatores
1623 1901 1652 1928 et
1673 1896 1794 1929 officia-

1052 1952 1107 1987 les,
1128 1951 1249 1994 puellas
1267 1951 1306 1983 ad
1324 1955 1427 1983 rotam
1449 1950 1524 1983 dieti
1543 1950 1710 1994 hospitalis
1722 1962 1795 1984 vere

1053 2004 1220 2048 expositas,
1244 2010 1272 2037 et
1294 2004 1317 2037 si
1340 2015 1396 2047 per
1417 2004 1532 2037 dietam
1567 2010 1669 2037 rotam
1702 2010 1791 2038 tran-

1053 2059 1113 2091 sire
1140 2069 1203 2091 non
1236 2058 1409 2102 potuerint,
1441 2058 1616 2091 dummodo
1647 2058 1794 2102 quintum

1053 2123 1162 2145 earum
1192 2111 1301 2144 aetatis
1331 2122 1450 2144 annum
1482 2122 1546 2144 non
1578 2112 1741 2151 excedant,
1765 2118 1796 2145 et

1053 2165 1213 2209 expositae
1234 2165 1306 2201 sint,
1326 2171 1448 2197 tantum
1472 2165 1502 2197 in
1524 2165 1608 2197 dicto
1627 2165 1697 2197 loco
1720 2176 1795 2198 con-

1052 2219 1226 2252 servatorio
1248 2218 1402 2262 recipere,
1428 2224 1456 2251 et
1486 2218 1603 2251 ibidem
1625 2219 1795 2253 admittere

1054 2272 1170 2316 possint
1196 2277 1221 2305 et
1245 2272 1377 2304 valeant.

1098 2328 1113 2365 ξ
1135 2326 1164 2359 3.
1190 2326 1299 2369 ltaque
1320 2325 1459 2369 aliquam
1480 2326 1621 2369 puellam
1639 2326 1702 2359 sive
1724 2337 1795 2359 rnu—

1054 2380 1164 2413 liereni
1194 2385 1375 2413 extraneam
1409 2385 1494 2413 extra
1530 2380 1637 2412 locum
1670 2379 1796 2423 praedi-

1054 2439 1140 2466 ctum
1159 2434 1341 2471 enutritam,
1360 2439 1387 2466 et
1404 2444 1484 2477 quae
1507 2444 1543 2465 ex
1561 2433 1652 2466 dietis
1673 2434 1796 2477 exposi-

1056 2486 1092 2519 tis
1110 2497 1174 2519 non
1193 2486 1313 2527 existat,
1338 2486 1367 2518 in
1391 2486 1474 2519 dicto
1502 2487 1573 2519 loco
1595 2492 1796 2519 conservato-

1056 2541 1103 2573 rio
1125 2540 1282 2584 recipere,
1315 2540 1483 2573 admittere
1514 2541 1561 2573 vel
1592 2540 1796 2573 introducere

1056 2595 1166 2638 quovis
1185 2595 1281 2627 modo
1302 2606 1356 2627 seu
1377 2600 1540 2638 praetextu
1563 2595 1627 2627 ullo
1654 2605 1795 2637 unquam

1057 2655 1199 2692 tempore
1226 2659 1290 2681 non
1317 2649 1439 2692 possint
1461 2659 1564 2692 neque
1588 2648 1739 2683 debeant:
1760 2659 1796 2681 ac

1056 2713 1152 2735 uram
1168 2703 1215 2735 vel
1232 2703 1340 2746 plures
1361 2703 1509 2736 honestas
1527 2707 1700 2742 matronas,
1715 2712 1795 2745 quae

1804 290 1852 317 An.
1876 289 1901 317 C.
1922 290 1983 317 159¹

1806 511 1864 534 Quod
1876 511 1932 531 ‹li-:to
1942 517 1989 531 con·

1805 538 1990 558 senat-›ftomam-

1806 571 1838 585 inn
1854 565 1929 585 damno
1946 565 1989 585 suit.

1880 1477 1992 1503 Gregorius

1769 1518 1775 1523 .
1809 1504 1914 1529 expositas
1946 1506 1991 1523 tan-

1808 1533 1850 1550 tuin
1873 1530 1937 1557 recipi
1961 1536 1991 1550 iu-

1807 1557 1853 1580 bet*

1837 2386 1994 2413 Exti-:measque

1812 2414 1898 2433 ecludit.
