2226 3070
237 292 285 318 An.
307 292 334 318 C.
356 292 417 319 1591

250 349 273 369 Et
285 349 420 369 franciscum

467 282 530 315 502
1019 291 1201 315 BULLARIUM
1221 290 1375 314 ROMANUM

437 341 551 374 dinalis
571 346 602 374 et
621 341 881 385 archiepiscopus
902 340 1053 373 dilectum
1074 338 1176 371 filium
1212 338 1336 371 iusdem
1360 338 1510 371 Ludovici
1536 338 1661 371 comitis
1689 339 1953 382 proximioribus)

237 376 371 396 St‘nndratuni
391 376 419 396 in-
457 393 462 398 .

237 403 304 422 vestit.

263 773 320 792 Hanc
335 773 420 792 nmat-

237 801 303 818 turam
312 799 420 819 confirmat

237 826 354 851 Gregorius.

435 404 538 426 virum
560 393 762 426 Franciscntn
783 393 998 428 Ssondratum,
1032 396 1177 423 nostrum
1212 390 1281 423 fieri
1302 391 1511 434 praetendere
1532 396 1671 434 possent,
1695 391 1874 428 existerent,
1898 393 1953 425 de-

435 448 611 480 seeundum
633 457 761 479 earnem
783 451 943 488 nepotem,
961 445 999 476 de
1014 444 1177 487 praedicto
1212 444 1381 476 elaramus.

436 499 599 539 comitatu,
615 510 710 542 quein
725 510 782 531 nos
796 499 825 530 in
840 497 1096 530 marchionatum
1111 507 1195 554 ere-p
1256 497 1271 539 g
1291 496 1321 529 3.
1346 497 1379 529 Et
1402 497 1611 530 nihilominus
1632 508 1727 530 omne.
1748 497 1797 530 ius
1810 509 1954 531 omnem-

437 552 549 589 ximns‚
575 552 777 587 investiverit,
801 556 893 594 prout
916 550 947 583 in
964 550 1101 593 publicis
1122 551 1178 582 do-
1194 557 1196 589 ζ
1213 561 1274 593 que
1295 551 1453 583 actionem
1472 551 1599 584 filiabus
1624 557 1676 584 aut
1704 551 1773 584 aliis
1804 552 1954 586 Ludovici

1967 290 2017 318 An.
2039 290 2065 318 C.
2086 291 2149 319 ¹591

2001 512 2026 532 Et
2041 518 2060 532 tn
2075 512 2154 532 dictum

1970 538 2077 559 francisc.
2094 539 2154 559 stun-

1970 566 2052 585 ilratuin
2068 565 2100 585 ius
2115 566 2154 585 Lu-

1924 605 1929 610 -
1970 591 2039 612 (10νίνί
2067 597 2154 612 consan-

436 606 592 638 cumentis
624 617 659 638 ac
696 605 808 638 litteris
844 604 960 637 nostris
996 603 1178 647 apostolicis
1195 601 1197 659 l
1213 603 1338 636 comitis
1368 603 1617 647 proximioribus
1653 611 1889 648 competentem
1922 616 1954 638 in

435 669 531 702 snper
551 659 610 690 hoc
633 658 783 690 conlectis
805 657 930 701 plenius
948 657 1139 690 continetur.
1195 669 1196 695 1
1214 655 1317 699 ipsum
1339 656 1544 689 Franciseum
1565 657 1786 690 marchionem
1819 659 1955 691 transse-

480 711 544 754 §2
569 712 730 753 Cumque,
761 711 840 743 sicut
869 710 1070 754 accepimus,
1097 720 1178 742 non-
1195 700 1197 738 l
1214 709 1324 748 rimus7
1361 716 1618 754 perpetuumque
1647 722 1744 755 super
1774 711 1957 755 praemissis

436 765 541 796 nullae
571 764 669 807 ipsius
689 764 839 797 Lntlovici
860 764 944 796 filiae
969 763 1177 807 praetendant
1195 760 1197 799 ]
1214 764 1364 796 omnibus
1385 765 1476 797 dictis
1496 765 1647 798 Ludovici
1680 766 1805 798 comitis
1830 766 1957 799 filiabus

436 816 654 849 investituram
677 816 707 848 in
741 827 810 853 eas,
835 822 869 849 ut
900 816 1042 849 eiusdem
1068 816 1175 848 Ludo-
1195 806 1197 854 l
1214 822 1241 848 et
1264 816 1457 860 cuicumque
1478 818 1568 850 alteri
1587 818 1685 861 ipsius
1705 818 1892 862 proximiori
1914 818 1956 851 si-

436 869 492 901 vici
524 870 649 902 comitis
678 870 908 914 proximiores,
939 870 1009 903 lieri
1038 870 1174 908 debere,
1195 869 1346 910 lentium
1369 870 1575 913 imponimus.

436 929 462 955 et
484 930 653 967 propterea
679 924 740 956 iani
763 925 869 956 l'orsan
890 924 977 956 litem
1003 934 1099 967 super
1119 923 1197 966 boc¹
1258 923 1272 965 ξ
1299 922 1322 955 ¹4.
1348 923 1634 967 Investituramque
1654 924 1697 957 sic
1722 926 1835 958 saetam
1867 926 1957 958 nullo

436 976 657 1010 intentaverint
686 988 741 1009 seu
764 978 920 1010 intentare
947 978 1078 1017 iactentss,
1102 986 1355 1018 iios„u11qt1a1n
1386 982 1531 1020 tempore
1563 977 1746 1018 invalidati‚
1778 979 1954 1019 retractari,

436 1041 565 1063 omnem
579 1041 675 1074 super
687 1031 870 1074 praemissis
881 1031 983 1064 litium
1000 1032 1178 1064 anfractum
1195 1024 1197 1063 l
1214 1028 1353 1071 infringi,
1368 1030 1398 1061 in
1414 1030 1461 1062 ius
1474 1031 1522 1063 vel
1537 1031 1786 1064 controversiam
1800 1031 1954 1072 revocari,

436 1084 475 1116 de
489 1083 595 1116 medio
616 1085 727 1117 tollere
748 1084 900 1123 volentes,
922 1095 956 1116 ac
975 1084 1179 1117 investiturae
1195 1066 1197 1123 l
1214 1088 1461 1126 praesentesque
1482 1083 1601 1116 litteras
1622 1084 1660 1116 de.
1680 1085 1896 1128 subreptionis
1908 1085 1957 1118 vel

436 1137 667 1180 scripturarum
690 1143 718 1170 et
740 1137 918 1170 litterarum
940 1137 1178 1181 praedictarum
1195 1126 1196 1168 l
1213 1135 1411 1179 otu-omionis
1431 1147 1487 1168 sen
1508 1137 1661 1169 nullitatis
1681 1137 1767 1177 vitio,
1789 1137 1958 1171 autinten-

437 1195 562 1223 tenores
578 1218 584 1229 ‚
614 1190 741 1234 litisque
778 1196 805 1223 et
836 1202 949 1224 causae
980 1191 1175 1231 huiusmodi,
1195 1182 1196 1244 l
1213 1188 1308 1221 tionis
1328 1195 1454 1222 nostrae
1472 1190 1518 1222 vel
1534 1190 1596 1223 alio
1614 1201 1819 1234 quoetnnque
1833 1192 1958 1224 defectu

436 1249 593 1287 quatenns
613 1244 675 1276 iant
698 1244 849 1276 intentata
870 1244 918 1281 sit.
943 1249 1041 1277 status
1061 1250 1088 1276 et
1112 1255 1178 1276 me-
1195 1249 1197 1285 }
1214 1243 1327 1280 notari,
1351 1243 1543 1286 impugnari,
1568 1250 1619 1276 aut
1641 1250 1752 1277 eontra
1784 1245 1958 1288 praemissa

436 1297 507 1333 rita,
531 1297 728 1340 nominaque
743 1303 769 1329 et
788 1297 982 1338 cognomina
999 1297 1178 1339 collitigan-
1214 1295 1334 1338 aliquid
1354 1296 1430 1328 iuris
1443 1297 1490 1329 vel
1505 1297 1625 1339 gratiae
1646 1298 1836 1337 remedium,
1861 1298 1956 1331 etiam

438 1349 514 1382 tium
534 1350 755 1393 praesentibus
776 1360 833 1393 pro
846 1350 1175 1393 expressisltabentes,
1196 1349 1250 1381 'ex
1271 1360 1308 1381 eo
1331 1351 1416 1392 quod
1439 1350 1621 1393 praedictae
1651 1351 1802 1384 Ludovici
1832 1352 1958 1385 comitis

436 1404 648 1446 eamdemque
669 1403 755 1435 litent
787 1409 814 1436 et
846 1414 974 1436 causam
1004 1415 1021 1436 a
1048 1404 1179 1447 quihus-
1195 1399 1197 1425 ='
1214 1402 1298 1435 filiae
1321 1403 1366 1435 vel
1389 1403 1441 1435 alii
1455 1403 1666 1447 proximiores
1680 1404 1959 1439 autaliiinteresse

436 1468 574 1500 eumque
602 1456 761 1490 iudicibus
793 1458 831 1489 ad
861 1468 934 1495 nos,
959 1458 1071 1490 harum
1098 1458 1179 1490 serie
1214 1456 1368 1489 habentes
1379 1457 1426 1489 vel
1440 1457 1684 1500 praetendentes
1698 1457 1880 1500 praemissis
1893 1469 1958 1492 non

436 1516 616 1547 avocantes,
641 1511 793 1553 illamque
807 1510 933 1554 penitus
946 1511 1176 1553 extinguentes,
1195 1524 1197 1531 <
1215 1509 1448 1549 consenserint,
1469 1520 1575 1553 neque
1596 1511 1635 1543 ad
1657 1521 1693 1543 ea
1713 1510 1814 1543 vocati
1827 1511 1955 1552 suerint,

437 1570 526 1597 motu
548 1563 690 1607 proprio,
712 1564 1180 1597 nonadFranciscimarcltio-
1215 1563 1380 1606 impetrari
1412 1575 1521 1607 posse;
1555 1564 1663 1608 sicque
1706 1565 1738 1597 in
1776 1565 1959 1608 praemissis

438 1617 486 1649 nis
507 1623 558 1649 aut
578 1617 713 1649 alieuius
730 1628 788 1660 pro
811 1627 848 1649 eo
870 1617 962 1649 nobis
984 1618 1122 1661 desuper
1147 1628 1180 1650 o-
1196 1638 1198 1654 l
1215 1616 1366 1649 omnibus
1387 1623 1415 1650 et
1437 1615 1571 1659 singulis
1591 1628 1649 1661 per
1666 1628 1888 1661 quoscumque
1909 1618 1958 1651 iu-

437 1671 541 1703 blatae
562 1671 931 1714 petitionisinstantiam,
947 1672 1000 1703 sed
1023 1672 1061 1704 tle
1073 1677 1181 1704 nostra
1196 1661 1198 1683 ⁴
1216 1670 1312 1708 dices,
1337 1671 1517 1704 ordinarios
1538 1677 1568 1704 et
1588 1672 1760 1713 delegatos
1775 1671 1870 1704 etiam
1882 1683 1957 1705 cau-

439 1735 526 1756 mera
546 1724 776 1756 deliberatione
798 1729 825 1756 et
848 1735 884 1757 ex
905 1730 990 1756 certa
1002 1724 1181 1757 scientiaac
1197 1735 1199 1749 ⁴
1216 1734 1323 1756 sarum
1364 1724 1474 1757 Palatii
1508 1724 1680 1768 Apostolici
1720 1724 1893 1765 auditores,
1923 1736 1959 1759 ae

438 1778 476 1809 (le
498 1777 690 1819 apostolicae
711 1777 873 1820 potestatis
893 1777 1103 1820 plenitudine,
1133 1777 1181 1810 in-
1198 1774 1199 1779 ¹
1216 1778 1245 1810 S.
1270 1778 1304 1810 R.
1330 1778 1362 1809 E.
1381 1777 1570 1817 cardinales,
1587 1778 1711 1810 sublata
1731 1778 1776 1811 eis
1796 1783 1826 1811 et
1846 1789 1958 1812 eorum

438 1831 623 1863 vestituram
655 1831 687 1863 in
716 1842 887 1874 personam
915 1831 987 1864 dicti
1022 1831 1181 1864 Francisci
1217 1830 1346 1862 cuilibet
1365 1830 1474 1873 quavis
1494 1831 1586 1863 aliter
1616 1831 1779 1863 iudicandi
1812 1832 1960 1865 facultate

440 1884 634 1917 marchionis
655 1885 694 1917 de
715 1885 799 1917 dicto
820 1885 1041 1918 marchionatu
1062 1886 1183 1918 Monta·
1199 1879 1200 1892 ³
1218 1890 1245 1915 et
1268 1883 1467 1920 auctoritate,
1484 1883 1618 1916 iudicari
1631 1889 1659 1916 et
1680 1883 1809 1916 diffiniri
1824 1885 1957 1925 debere;

440 1938 499 1970 tiae
520 1938 647 1975 factam,
665 1948 700 1970 ac
714 1938 786 1970 inde
800 1938 1178 1979 confectainstrumenta,
1199 1929 1200 1961 l
1218 1948 1253 1969 ae
1274 1937 1399 1969 irritmn
1422 1943 1452 1970 et
1472 1938 1566 1970 inane
1587 1937 1744 1981 quidquid
1761 1948 1852 1970 secus
1865 1949 1961 1983 super

439 1990 612 2034 scripturas
634 1996 661 2023 et
683 1991 814 2031 litteras,
840 1991 870 2023 in
889 1991 998 2034 eisque
1020 1997 1179 2032 contenta,
1198 1974 1201 2009 l
1218 1991 1265 2023 his
1286 2002 1303 2023 a
1323 2002 1498 2034 quoquam,
1520 1991 1630 2034 quavis
1644 1991 1843 2030 auctoritate,
1858 1992 1960 2024 seien-

440 2055 475 2076 ac
493 2043 568 2076 inde
598 2050 706 2077 secuta
733 2055 975 2088 quaecumque,
1008 2013 1265 2092 a})ostolicaltei‘
1295 2045 1342 2076 vel
1374 2044 1575 2085 ignoranter,
1608 2044 1777 2086 contigerit
1812 2044 1959 2077 attentari

440 2097 638 2135 auctoritate,
658 2103 767 2130 tenore
783 2098 1012 2141 praesentium,
1028 2104 1182 2142 perpetuo
1199 2118 1200 2145 t
1218 2097 1432 2130 decernimus.

1199 2149 1200 2162 l

440 2150 669 2183 confirmanius
683 2156 710 2183 et
724 2151 951 2194 approbamus,
967 2151 1092 2194 illisque
1112 2163 1201 2198 per-³?
1262 2152 1276 2194 ξ
1297 2151 1326 2184 ἶ).
1348 2152 1418 2184 Non
1440 2151 1639 2184 obstantibus
1653 2157 1760 2185 nostra
1770 2151 1809 2184 de
1819 2162 1884 2185 non
1898 2153 1959 2185 tol-

440 2209 554 2246 petuae
576 2210 603 2236 et
626 2204 816 2236 inviolabilis
837 2205 1030 2248 apostolicae
1050 2205 1184 2238 tirinita-
1199 2237 1200 2250 ἶ
1217 2205 1312 2237 lendo
1331 2204 1398 2237 iure
1428 2205 1583 2247 quaesito,
1618 2215 1653 2237 ac
1685 2204 1755 2248 piae
1784 2205 1960 2239 memoriae

443 2256 479 2288 tis
498 2257 598 2288 robur
611 2257 794 2292 adimimus:
810 2268 986 2301 omnesque
996 2263 1025 2290 et
1040 2258 1183 2300 singulos
1199 2251 1200 2282 l
1217 2259 1391 2292 Sinunaehi
1409 2265 1437 2292 et
1458 2259 1548 2292 Pauli
1568 2259 1700 2292 secundi
1721 2270 1756 2292 ac
1777 2260 1824 2292 Pii
1856 2260 1959 2303 quinti

443 2314 504 2341 tani
526 2309 602 2342 iuris
623 2321 719 2353 quam
741 2311 812 2343 l'acti
828 2311 980 2348 detectus,
998 2311 1091 2344 etiam
1106 2312 1181 2343 sub·
1199 2304 1201 2356 l
1217 2318 1245 2345 et
1273 2312 1410 2345 aliorum
1442 2323 1722 2356 quorumcumque
1750 2323 1959 2346 romanorum

440 2363 614 2399 stantiales‚
638 2363 663 2395 si
685 2363 737 2406 qui
760 2364 791 2395 in
806 2364 925 2397 eisdem
940 2365 1178 2405 intervenerint,
1216 2367 1407 2400 Pontificum
1428 2367 1711 2410 praedeeessorum
1724 2372 1907 2412 nostrorum
1922 2368 1961 2400 de

440 2417 661 2459 supplemus,-
692 2417 857 2460 ipsamque
890 2417 1109 2450 investituram
1138 2418 1183 2451 sie
1217 2421 1312 2453 rebus
1333 2421 1492 2453 Ecclesiae
1512 2431 1578 2453 non
1595 2421 1730 2454 aliendis
1751 2432 1807 2454 seu
1828 2421 1867 2454 de
1895 2431 1960 2454 non

442 2470 556 2501 saetam
577 2480 670 2501 suum
691 2470 870 2512 plenarium
889 2471 1036 2503 effectum
1051 2471 1183 2504 omnino
1218 2474 1434 2513 infeudandis,
1459 2474 1593 2517 aliisque
1611 2474 1774 2517 quibusvis
1805 2474 1960 2507 constitu-

441 2522 547 2555 sortiri
565 2528 768 2566 acperpetua
781 2524 931 2557 lirmitate
943 2525 1114 2557 subsistere
1128 2526 1183 2558 (le-
1218 2527 1357 2560 tionibus
1375 2532 1405 2560 et
1425 2527 1684 2560 ordinationibus
1710 2526 1893 2570 apostolicis
1924 2538 1960 2559 ae

442 2575 673 2619 bere‚perinde
691 2587 727 2608 ae
748 2576 771 2608 si
784 2577 862 2609 nulli
877 2577 1019 2610 eiusdem
1033 2578 1183 2610 Ludovici
1218 2580 1321 2612 dictae
1342 2580 1494 2613 ecclesiae
1515 2580 1727 2617 Taurinensis,
1752 2579 1846 2612 etiam
1877 2580 1962 2612 iura-

443 2629 567 2662 comitis
598 2640 729 2673 prorsus
757 2630 848 2662 liberi
869 2636 921 2663 ant
950 2631 1180 2674 proximiores,
1218 2638 1338 2673 mento,
1362 2633 1608 2666 confirmatione
1629 2633 1803 2677 apostolica
1822 2633 1870 2665 vel
1884 2643 1961 2676 qua-

443 2683 497 2726 qui
518 2683 618 2727 ipsam
636 2683 854 2716 investituram
875 2684 950 2727 ipsis
971 2691 1136 2729 (tanquam
1154 2697 1186 2719 e-
1219 2686 1263 2718 vis
1293 2685 1443 2719 firmitate
1475 2686 1536 2719 alia
1564 2686 1744 2726 roboratis,
1778 2685 1902 2719 statutis
1931 2691 1962 2719 et

1971 617 2052 643 gutueis
2071 623 2155 643 compe-

1971 647 2016 665 tens
2032 645 2137 665 transfert.

1999 938 2117 958 ctausutar.

2003 2159 2158 2180 Contrariorum

1974 2186 2092 2212 derogatio.
