2226 3070
200 302 251 329 An.
268 300 294 328 C⁴
316 301 379 328 1587

256 2523 372 2545 Exordium.

440 291 504 325 300

399 354 506 388 mitate.
530 355 590 388 alia
613 355 779 395 roboratis,
807 355 932 387 statutis
957 361 984 386 et
1008 364 1142 386 consue-

399 408 574 445 tudinibus;
598 408 773 452 pririlegiis
793 419 935 451 (proque,
962 407 1093 439 indultis
1115 413 1140 439 et

400 462 512 495 litteris
532 462 717 506 apostolicis
737 461 902 504 quibusvis
923 460 1097 493 Ordinibus
1115 467 1143 493 et

399 515 489 555 locis,
518 515 714 558 illorumque
735 514 959 558 superioribus
980 520 1010 546 et.
1035 524 1144 557 perso-

398 568 448 601 nis
472 568 531 601 sub
550 568 810 611 quibuscumque
838 568 1005 600 tenoribus
1030 574 1057 600 et
1086 568 1147 600 sor-

401 622 472 662 mis,
502 632 538 654 ae
563 632 636 653 cnm
662 621 826 664 quibusvis
852 621 1004 654 clausulis
1032 628 1058 654 et
1092 622 1147 654 de—

400 675 506 715 cretis,
534 675 628 707 etiam
657 679 745 707 motu
773 675 905 718 proprio
935 680 963 707 et
996 685 1033 708 ex
1063 681 1148 708 certa

400 727 533 760 seientia
557 738 593 760 ac
614 727 652 760 de
673 728 868 771 apostolicae
890 729 1055 771 potestatis
1081 729 1148 772 ple-

401 780 558 821 nitudine,
576 780 607 813 in
624 781 824 814 contrarium
841 782 946 814 forsan
969 782 1145 825 quomodo-

401 834 478 867 libet
504 834 676 875 concessis,
704 835 903 868 confirmatis
924 842 951 868 et
980 835 1148 875 innovatis,

402 887 521 931 quibus
541 887 703 929 omnibus,
731 888 853 921 etiamsi
875 890 913 922 [le
939 889 999 922 illis
1025 900 1151 922 eorum-

402 952 465 985 que
486 941 559 974 totis
579 942 746 974 tenoribus
770 942 931 986 specialis,
955 942 1104 987 specifica
1122 948 1148 975 et

404 1005 552 1039 expressa
573 995 693 1028 mentio
716 1005 771 1028 seu
792 996 922 1039 quaeris
947 997 1008 1028 alia
1030 1007 1152 1039 expres-

406 1049 452 1081 sio
473 1049 631 1089 habenda,
652 1054 706 1081 aut,
722 1048 828 1092 aliqua
846 1050 906 1082 alia
922 1049 1079 1092 exquisita
1092 1050 1153 1082 l'or-

406 1113 457 1135 ma
476 1102 515 1135 ad
539 1102 601 1135 hot:
625 1103 777 1135 servanda
810 1105 899 1143 l'oret,
923 1103 1040 1136 eisdem
1063 1113 1153 1146 prae-

406 1156 550 1190 sentibus
566 1167 623 1200 pro
640 1156 838 1190 sufficienter
858 1158 1015 1200 expressis
1037 1157 1154 1190 baben-

407 1217 463 1251 tes,
481 1211 543 1244 illis
563 1211 641 1243 alias
661 1211 692 1243 in
714 1221 770 1243 sno
789 1211 903 1243 robore
925 1211 1155 1254 permansuris,

406 1265 466 1298 bac
479 1265 545 1297 rice
565 1265 739 1304 dumtaxat,
756 1264 938 1307 specialiter
958 1269 985 1297 et
1008 1274 1155 1308 expresse

407 1318 618 1361 derogamus,
664 1318 836 1351 ‹·0ntrariis
883 1318 1153 1361 qnilntscumque.

407 1373 468 1404 Aut
489 1372 512 1404 si
534 1371 697 1414 aliquibus
726 1371 941 1403 communiter
961 1372 1006 1404 vel
1032 1372 1156 1404 divisim

409 1426 448 1458 ab
469 1425 581 1458 eadem
606 1425 645 1457 sit
665 1424 745 1457 Sede
768 1424 929 1457 indultum
951 1425 1037 1468 quod
1059 1425 1157 1458 inter-

409 1479 490 1519 dici,
521 1478 674 1522 suspendi
712 1478 758 1511 vel
791 1478 1063 1511 exeomnnrnicari
1094 1489 1157 1511 non

410 1532 533 1576 possint
552 1543 610 1576 per
637 1532 758 1565 litteras
788 1532 981 1576 apostolicas
1013 1542 1076 1565 non
1114 1534 1158 1565 l‘a-

411 1585 529 1619 eientes
556 1585 683 1629 plenam
701 1591 731 1618 et
746 1596 926 1628 expressam
948 1596 983 1618 ac
1005 1586 1044 1619 (le
1064 1586 1160 1619 verbo

412 1640 451 1673 ad
476 1640 609 1673 verbum
640 1640 679 1672 (le
710 1639 834 1672 indulto
859 1639 1043 1672 huiusmodi
1071 1651 1160 1674 men-

412 1694 543 1727 tionem.

455 1747 569 1780 Datum
592 1740 709 1781 Romae
727 1747 811 1791 apud
837 1748 990 1781 Sanctum
1008 1748 1160 1789 Marcum,

414 1801 474 1834 sub
498 1802 618 1834 annulo
652 1801 831 1841 piscatoris,
859 1801 910 1835 die
936 1801 1049 1845 quinto
1074 1807 1163 1835 octo-

414 1855 480 1888 bris
504 1864 687 1895 Mntxxxvn,
716 1855 923 1898 pontificatus
950 1855 1051 1888 nostri
1081 1866 1164 1888 anno

416 1908 523 1942 tertio.

470 1966 532 1997 Dat.
548 1966 593 1996 die
607 1967 624 1997 5
637 1971 692 1996 oet.
709 1966 796 2003 1587,
811 1966 914 2004 pontif.
930 1976 1006 1996 anno
1023 1976 1064 1996 ιιι.

421 2201 547 2235 Erectio
577 2203 671 2245 officii
696 2203 861 2235 secretarii
893 2213 945 2236 sen
980 2205 1170 2237 ewicellarii

464 2256 709 2298 qubernatorum
733 2256 884 2289 Anconae
905 2258 946 2289 (ul
967 2258 1072 2290 instar
1091 2258 1170 2290 alio-

467 2320 538 2341 rum
562 2310 728 2342 Romanae
751 2309 868 2343 Curiae
894 2312 1067 2354 officiorum
1089 2311 1113 2344 ¹.

445 2391 541 2419 Sixtus
556 2392 625 2426 Papa
644 2391 672 2424 V,
695 2393 727 2419 att
746 2393 906 2427 perpetuam
925 2393 965 2420 rei
980 2393 1146 2421 memoriam.

468 2462 512 2495 Atl
543 2464 688 2506 regimen
720 2464 909 2496 universalis
935 2464 1097 2497 Ecclesiae
1122 2464 1171 2497 sli-

425 2516 496 2548 vina
527 2516 737 2560 dispositione
762 2517 934 2561 assumpti,
962 2518 1047 2550 curis
1081 2518 1170 2561 angi-

428 2580 500 2602 mur
514 2569 660 2608 assiduis,
675 2575 702 2602 et
717 2570 869 2603 continua
880 2571 1088 2604 meditatione
1103 2572 1172 2615 pul-

427 2633 548 2663 samur,
580 2628 625 2663 nt,
657 2622 777 2656 iustitia
810 2623 981 2664 mediante,
1014 2625 1172 2658 malorum

468 2700 474 2725 Ι
494 2699 534 2728 Ex
551 2699 660 2733 Regest.
680 2699 707 2727 in
722 2699 827 2727 Secret.
844 2700 984 2727 Brfwiutn.

987 300 1164 325 BULLARIUM
1189 300 1338 324 ROMANUM

1186 354 1354 386 bominum
1381 354 1522 397 impetus
1547 355 1779 397 reprimantur,
1807 362 1838 388 et
1857 356 1932 389 boni

1187 407 1224 439 de
1245 407 1391 439 custodia
1412 412 1520 439 nostra
1535 407 1787 445 confitlentes,i11
1809 408 1934 441 iuribus

1188 459 1252 492 suis
1276 460 1430 493 admi-sus
1450 471 1503 493 eos
1528 466 1739 504 protegantur
1763 465 1793 493 et
1812 461 1934 504 ubique

1188 519 1427 547 conserventur.

1233 567 1292 609 gl.
1316 570 1382 606 Qua
1403 568 1434 600 in
1455 578 1501 608 re,
1521 577 1578 611 pro
1594 568 1694 601 nostri
1711 568 1878 611 pastoralis
1893 568 1938 601 os-

1191 621 1253 654 tieii
1274 621 1392 661 debito,
1417 627 1575 665 quantum
1597 632 1671 653 cum
1686 621 1750 654 Deo
1768 632 1939 665 possumus

1190 675 1355 719 operarias
1376 685 1489 708 manus
1510 675 1663 707 adbibere
1675 675 1830 715 volentes,
1850 680 1939 708 motu

1192 728 1335 772 proprio,
1363 734 1392 762 et
1417 739 1453 761 ex
1478 734 1565 761 eerta
1585 734 1693 761 nostra
1725 727 1870 768 scientia,
1903 739 1941 762 ao

1191 782 1229 814 ‹le
1259 781 1452 825 apostolieae
1483 781 1647 825 potestatis
1671 781 1884 824 plenitudine,
1907 793 1942 814 u-

1193 846 1268 868 num
1295 834 1453 875 osticium,
1480 835 1621 877 sigillum
1648 845 1703 868 seu
1734 835 1941 868 secretariam

1193 894 1247 921 aut
1276 888 1502 921 cancellariam
1537 888 1661 921 civilem
1687 888 1942 931 gubernatorum

1195 942 1225 974 in
1247 947 1355 975 nostro
1379 941 1538 984 gubernio
1564 941 1764 975 Anconitano
1796 952 1884 975 nunc
1913 947 1944 975 et

1195 1006 1253 1039 pro
1275 1001 1420 1039 ts‘unpore
1449 995 1653 1028 existentium
1685 1001 1715 1029 et
1747 995 1943 1036 futurorum,

1196 1060 1253 1093 pro
1271 1059 1335 1081 uno
1356 1050 1531 1082 secretario
1552 1049 1786 1093 nuncupando,
1808 1060 1845 1082 ac
1861 1048 1946 1093 sigil-

1197 1103 1296 1135 latore
1323 1108 1352 1135 et
1378 1102 1571 1135 cancellario
1598 1102 1682 1135 civili
1704 1102 1863 1136 dictorum
1886 1113 1945 1146 gu-

1196 1158 1404 1190 bernatorum
1436 1157 1675 1200 nuncnpando:
1707 1157 1750 1190 ita
1783 1156 1869 1201 qnod
1898 1156 1946 1190 di-

1198 1217 1282 1243 ctum
1305 1211 1449 1244 osticium
1472 1222 1529 1254 pro
1557 1217 1701 1254 tempore
1724 1210 1885 1251 obtinens,
1910 1211 1947 1243 il-

1199 1266 1253 1298 lud
1272 1277 1328 1309 per
1353 1276 1385 1298 se
1408 1265 1511 1308 ipsum
1539 1266 1585 1297 vel
1612 1265 1709 1297 alium
1731 1275 1787 1297 seu
1809 1263 1890 1298 alios
1915 1275 1947 1298 e-

1200 1319 1247 1352 ius
1268 1319 1467 1358 substitutos,
1499 1319 1537 1351 ad
1560 1318 1628 1351 eius
1653 1318 1894 1362 beneplacitum
1914 1328 1948 1351 a-

1201 1372 1364 1405 niovibiles
1401 1372 1494 1405 toties
1519 1372 1644 1415 quoties
1681 1370 1738 1403 sibi
1775 1371 1948 1412 videbitur,

1201 1436 1348 1459 exercere
1363 1425 1476 1465 valeat,
1493 1425 1669 1468 apostolica
1684 1424 1887 1464 auctoritate,
1907 1430 1951 1457 te-

1201 1490 1279 1513 nore
1304 1479 1532 1522 praesentimn,
1564 1484 1723 1521 perpetuo
1748 1477 1902 1521 erigimus
1922 1483 1951 1511 et

1203 1533 1412 1566 instituimus.

1247 1586 1307 1629 §⁹2
1332 1586 1444 1630 Illique
1460 1586 1506 1619 sic
1527 1592 1633 1619 erecto
1658 1591 1688 1618 et
1708 1586 1866 1627 instituto,
1894 1595 1952 1630 pro

1204 1640 1271 1673 eius
1292 1641 1378 1680 dote,
1400 1640 1509 1672 omnia
1523 1645 1553 1672 et
1573 1639 1698 1681 singula
1715 1639 1947 1680 emolumenta,

1205 1694 1344 1737 regalia,
1382 1693 1505 1726 reditus
1531 1699 1562 1725 et
1596 1699 1788 1736 proventus,
1816 1704 1900 1737 quae
1924 1699 1955 1726 et

1205 1758 1284 1792 quos
1303 1747 1378 1779 dieti
1394 1748 1638 1789 gubernatores,
1653 1756 1831 1790 eorumque
1849 1757 1955 1780 seere-

1206 1802 1290 1841 tarii‚
1312 1800 1494 1834 cancellarii
1516 1800 1634 1842 aliique
1655 1799 1794 1833 ministri
1811 1806 1842 1833 et
1856 1800 1957 1844 depu-

1207 1856 1274 1894 tati,
1297 1854 1409 1898 quovis
1431 1854 1523 1886 titulo
1545 1853 1735 1897 nuncupati,
1757 1853 1890 1895 babere,
1908 1865 1958 1887 re-

1208 1910 1315 1952 cipere
1336 1914 1363 1941 et
1389 1907 1506 1940 lucrari
1533 1912 1780 1947 consueverunt,
1809 1907 1960 1942 videlicet

1209 1964 1246 1996 de
1281 1962 1415 2005 singulis
1446 1960 1585 1994 licentiis
1609 1971 1792 2001 armorum,
1823 1961 1959 2006 aliisque

1211 2015 1346 2049 licentiis
1367 2020 1397 2049 et
1418 2014 1623 2048 facultatibus
1647 2014 1833 2048 extrahendi
1859 2025 1910 2048 res
1930 2022 1961 2050 et

1210 2071 1306 2109 bona,
1336 2068 1569 2112 ‹aiiuseumque
1601 2067 1754 2107 nominis,
1782 2069 1909 2111 generis
1930 2075 1961 2103 et

1212 2123 1343 2167 speciei,
1356 2122 1534 2156 bullettinis
1552 2122 1591 2156 tle
1608 2133 1672 2155 non
1688 2123 1900 2163 molestando,
1913 2133 1960 2157 as-

1212 2177 1471 2211 securationibus
1488 2182 1515 2209 et
1538 2175 1630 2208 salvis
1651 2175 1863 2209 conductibus
1887 2176 1960 2210 eivi-

1213 2233 1296 2266 libus
1330 2238 1355 2263 vt
1391 2230 1628 2270 criminalibus,
1651 2230 1809 2273 capitibus
1842 2230 1962 2264 solido-

1214 2299 1299 2328 rum,
1322 2286 1550 2320 executionum
1577 2295 1859 2329 quarumcumque
1884 2295 1961 2318 con-

1215 2340 1448 2377 tumacialium,
1472 2344 1696 2382 suspectorum
1721 2337 1962 2382 sugae,inst1·u-

1214 2400 1409 2433 mentorum,
1442 2393 1752 2436 (linograpborum‚
1781 2392 1962 2425 litterarum

1214 2448 1414 2481 cambiornm
1433 2453 1459 2480 et
1482 2447 1619 2479 aliarum
1641 2445 1795 2478 similium
1810 2455 1920 2478 rerum
1933 2449 1963 2478 et

1215 2497 1422 2530 materiarum
1445 2495 1684 2528 executivarum
1710 2506 1747 2528 ex
1770 2495 1874 2528 forma
1899 2500 1962 2528 sta-

1215 2551 1357 2578 tutorum
1384 2545 1486 2577 dietae
1507 2544 1643 2578 civitatis
1667 2543 1887 2577 Anconitanae
1906 2542 1962 2576 de-

1216 2595 1440 2627 clar-undarum
1470 2600 1499 2626 et
1525 2593 1859 2637 interpretandarum,
1891 2591 1965 2625 bra-

1216 2643 1296 2676 cbiis
1310 2649 1418 2676 autem
1433 2642 1653 2676 saecularibus
1668 2652 1795 2685 semper
1810 2639 1962 2684 exceptis3

1217 2704 1252 2724 ae
1279 2693 1316 2725 de
1348 2692 1460 2724 litteris
1495 2692 1532 2724 ad
1566 2691 1753 2735 petitionem
1778 2688 1965 2734 quarumvis

1946 300 1988 329 An
2017 302 2045 330 C.
2066 301 2132 329 1587

1993 581 2088 602 Officium
2107 580 2134 601 da

1952 618 1992 639 qno
2010 614 2030 633 in
2051 612 2136 634 rubrica

1953 644 2020 669 erigit.

2001 1593 2148 1614 Emolumenta

1967 1625 2035 1646 eidem
2052 1625 2152 1650 assignat,
