2226 3070
95 263 149 292 An.
165 263 194 290 C.
212 262 280 291 1589

118 1501 230 1522 Decretum
247 1503 278 1521 ιἰ-

91 1534 159 1554 ritans

117 1720 213 1747 Deput.1ti
230 1726 278 1741 exe-

91 1755 185 1772 vutores.

959 260 1063 285 SIXTUS
1082 260 1102 283 V
1121 259 1171 284 PP.

295 325 354 359 per
373 313 492 347 validas
512 319 543 347 et
566 314 714 347 efficaces
735 313 882 353 existere,
909 322 1049 356 suosque

296 367 459 412 plenarios
483 373 514 401 et
544 367 687 410 integros
707 367 841 401 effectus
861 366 969 400 sortiri
991 366 1048 399 de-

295 422 384 462 bere;
407 432 513 466 neque
539 421 599 454 sub
625 420 789 464 quibusvis
819 420 975 453 similium
1000 421 1048 453 vel

296 475 504 509 dissimilium
520 475 698 518 gratiarum
710 473 983 514 revocationibus,
995 485 1048 506 su-

296 529 534 573 spensionibus,
553 527 815 571 derogationibus
827 532 881 559 aut
895 527 964 559 aliis
974 537 1050 559 eon-

296 583 402 616 trariis
431 581 696 625 dispositionibus
734 592 791 624 pcr
824 591 1048 623 quascumque

295 637 418 669 litteras
440 635 487 668 vel
508 634 756 668 constitutiones
777 634 972 677 apostolicas
992 645 1048 667 seu

294 688 513 722 Cancellariae
540 687 746 731 Apostolicae
778 688 919 729 regulas,
952 687 1047 720 etiam

294 752 353 786 per
377 752 435 774 nos
459 746 491 774 et
515 751 719 773 successores
739 746 867 773 nostros
887 741 1049 773 Romanos

293 794 476 834 Pontifices,
494 794 590 827 etiam
606 801 709 833 motu,
725 793 857 827 scientia
870 799 900 826 et
914 798 1050 837 potesta-

292 848 331 880 tis
353 847 555 891 plenitudine
576 847 747 887 similibus,
761 858 796 880 ac
819 846 1050 880 consistoriali-

293 907 350 939 ter,
368 911 495 934 necnon
513 901 572 934 sub
594 901 859 945 quibuscumque
881 900 1049 933 tenoribus

293 959 323 987 et
344 954 468 994 formis,
491 966 529 988 ac
550 965 623 988 cum
636 954 799 997 quibusvis
820 954 975 987 clausulis
989 965 1049 998 pro

293 1013 439 1052 tempore
459 1008 550 1042 sactis
571 1014 601 1041 et
622 1007 783 1041 concessis
803 1007 1048 1051 comprehendi,

293 1061 348 1094 sed
365 1072 494 1105 semper
510 1061 549 1094 ab
565 1061 628 1094 illis
640 1066 800 1105 exceptas,
825 1071 951 1094 necnon
970 1072 1049 1104 quo-

295 1115 353 1149 ties
373 1115 444 1148 illas
461 1114 605 1148 revocari
619 1115 666 1148 vel
685 1114 815 1147 limitari
828 1120 882 1147 aut
895 1114 1048 1158 suspendi

292 1179 348 1202 seu
370 1169 414 1202 eis
434 1169 465 1201 in
486 1169 598 1211 aliquo
627 1168 776 1211 derogari
797 1168 979 1211 contigerit,
1000 1173 1048 1201 to-

293 1222 350 1255 ties
371 1221 402 1254 in
424 1221 597 1266 pristinum
619 1227 649 1254 et
664 1221 897 1254 validissimum
919 1226 1048 1261 statum,

292 1275 389 1308 etiam
421 1276 480 1309 sub
510 1275 683 1320 posteriori
711 1276 796 1315 (lata,
831 1275 994 1308 restitutas
1020 1281 1048 1308 et

293 1329 438 1372 plenarie
460 1329 673 1371 reintegratas
693 1340 730 1362 ac
751 1329 789 1362 de
811 1339 893 1362 novo
915 1340 1048 1362 conces-

292 1393 342 1415 sas
362 1393 430 1416 esse
449 1388 480 1415 et
500 1383 637 1416 censeri.

337 1437 352 1480 ξ
372 1437 403 1470 9.
422 1436 553 1470 Irritum
581 1448 713 1481 quoque
742 1442 773 1470 et
794 1437 888 1470 inane
909 1438 933 1470 si
957 1447 1050 1470 secus
1071 1457 1072 1461 =

293 1490 457 1534 superbis
477 1502 493 1523 a
515 1502 694 1534 quoquam,
714 1490 824 1534 quavis
842 1491 1046 1531 auctoritate,

293 1544 433 1577 scienter
461 1545 507 1577 vel
527 1544 727 1588 ignoranter,
751 1545 924 1588 contigerit
949 1550 1049 1578 atten-

294 1597 366 1630 tari.

338 1652 352 1695 ἓ
372 1651 425 1685 10.
449 1651 606 1691 Quocirca
628 1652 714 1684 dicto
736 1651 875 1684 Henrico
892 1652 1048 1685 cardinali

294 1710 323 1738 et
352 1715 411 1748 pro
446 1710 591 1749 tempore
624 1704 771 1738 existenti
797 1706 990 1745 camerario,
1013 1718 1048 1738 ac

292 1758 467 1791 venerabili
499 1758 588 1791 fratri
618 1763 728 1791 nostro
762 1759 856 1791 Petro
896 1759 1071 1803 eiuscopo¹

291 1812 514 1857 Spoletanensi
536 1812 718 1845 officiorum
744 1812 908 1845 Romanae
934 1812 1049 1845 Curiae

292 1871 323 1900 et
343 1867 451 1900 Status
471 1866 687 1900 Ecclesiastici
710 1867 921 1910 praesidenti,
948 1878 984 1899 ae
1002 1867 1049 1899 di-

292 1921 373 1953 lecto
391 1920 458 1953 filio
471 1925 581 1953 nostro
603 1931 774 1953 causarum
797 1920 913 1953 Curiae
934 1920 1047 1953 Came-

292 1984 345 2007 rae
375 1973 578 2017 Apostolicae
605 1974 747 2016 generali
785 1973 937 2013 auditori,
960 1978 1048 2006 motu

291 2027 433 2070 pari‚p'er
445 2026 623 2070 apostolica
634 2027 753 2071 scripta
767 2027 960 2060 mandamus
970 2038 1049 2070 qua-

290 2086 384 2114 tenus
414 2080 501 2124 ipsi,
534 2081 582 2113 vel
618 2080 683 2113 duo
714 2086 765 2113 aut
801 2091 883 2113 unus
919 2091 1046 2119 eorum,

290 2145 392 2178 perse
413 2135 461 2167 vel
479 2133 579 2167 alium
601 2145 657 2167 seu
679 2134 771 2173 alios,
795 2139 981 2177 praesentes
999 2134 1048 2166 lit-

290 2193 374 2220 teras
405 2193 436 2221 et
456 2187 487 2220 in
509 2188 554 2221 eis
574 2192 726 2221 contenta
753 2199 980 2231 quaecumque
997 2199 1048 2220 so-

292 2240 441 2273 lemniter
461 2241 678 2285 publicantes,
698 2252 734 2273 ac
756 2241 876 2273 eisdem
899 2252 1047 2273 commu-

291 2294 382 2327 nitati
396 2299 426 2327 et
443 2294 631 2327 hominibus
652 2295 682 2326 in
704 2294 890 2337 praemissis
910 2294 1048 2328 efficacis

292 2348 489 2381 defensionis
510 2348 671 2391 praesidio
700 2348 895 2388 assistentes,
919 2348 1046 2381 easdem

293 2407 481 2445 praesentes
501 2402 623 2434 litteras
643 2407 673 2434 et
691 2402 722 2434 in
744 2401 788 2434 eis
813 2407 965 2434 contenta
987 2402 1046 2434 lm-

292 2451 429 2483 iusmodi
459 2450 587 2483 debitae
623 2450 804 2483 executioni
839 2450 1047 2490 demandent,

291 2511 328 2533 ac
345 2500 536 2532 demandari
561 2511 688 2533 necnon
709 2501 748 2532 ab
774 2500 937 2539 omnibus,
967 2511 1048 2543 quos

292 2549 365 2582 illae
387 2554 601 2590 concernunt,
629 2548 859 2581 inviolabiliter
890 2554 1047 2592 perpetuo

290 2598 456 2631 observari
476 2597 605 2639 saciant,
630 2598 783 2631 mandent
809 2604 905 2642 atque
928 2609 1046 2642 procu-

291 2653 375 2681 rent.
398 2647 467 2681 Non
492 2648 717 2691 permittentes
733 2647 999 2681 communitatem
1018 2653 1048 2681 et

1092 311 1240 345 homines
1270 311 1453 356 praedictos
1483 316 1579 354 atque
1605 310 1710 343 officia
1730 311 1843 344 huius-

1092 365 1180 398 modi
1201 376 1260 409 pro
1292 370 1438 409 tempore
1463 364 1645 397 obtinentes·
1675 375 1730 397 seu
1753 375 1844 397 exer—

1093 424 1199 452 centes
1229 419 1369 462 desuper
1395 429 1453 461 per
1481 428 1706 462 quoscumque
1733 424 1846 450 contra

1092 473 1279 505 earunidem
1303 471 1520 515 praesentium
1543 477 1688 504 tenorem
1710 482 1845 513 quomo-

1092 526 1213 559 dolibet
1234 526 1376 559 indebite
1397 526 1571 565 molestari,
1595 526 1777 569 perturbari
1799 526 1845 558 vel

1092 579 1256 622 impediri.
1279 579 1540 612 Contradictores
1561 579 1723 623 quoslibet
1744 585 1774 612 et
1795 590 1845 612 re-

1091 633 1191 665 belles
1205 644 1241 665 ae
1256 633 1441 676 praemissis
1452 643 1516 665 non
1538 638 1688 676 parentes
1709 643 1766 676 per
1778 643 1847 665 sen-

1092 686 1207 718 tentias
1228 692 1257 719 et
1278 697 1430 719 censuras
1447 686 1690 726 ecclesiasticas,
1703 686 1844 719 ucetiam

1092 739 1298 782 pecuniarias
1319 745 1346 771 et
1369 739 1447 772 alias
1474 750 1607 783 poenas,
1630 739 1757 783 aliaque
1787 750 1845 783 op-

1093 797 1232 835 portuna
1262 792 1340 825 iuris
1372 798 1402 825 et
1428 793 1500 825 sacti
1523 792 1678 833 remedia,
1701 793 1846 837 appella—

1093 845 1178 878 tione
1199 846 1388 889 postposita‚
1410 846 1665 889 compescendo;
1685 858 1721 879 ac
1742 846 1846 890 legiti—

1093 899 1152 931 mis
1171 910 1269 943 super
1290 899 1338 932 liis
1358 899 1514 933 habendis
1534 900 1664 933 servatis
1687 900 1845 944 processi-

1091 953 1163 993 bus,
1186 953 1373 993 sententias,
1403 963 1556 986 censuras
1570 959 1598 985 et
1621 964 1741 997 poenas
1763 955 1846 997 ipsas·

1092 1006 1187 1039 etiam
1217 1006 1340 1039 iteratis
1369 1005 1492 1039 vicibus
1521 1007 1734 1049 aggravando,
1756 1007 1845 1039 invo-

1092 1065 1162 1093 cato
1184 1060 1280 1093 etiam
1302 1060 1341 1092 ad
1362 1059 1436 1100 boc,
1461 1060 1484 1092 si
1507 1070 1589 1104 opus
1606 1060 1711 1100 suerit,
1728 1060 1846 1094 auxilio

1092 1113 1216 1146 brachii
1238 1113 1425 1147 saecularis.

1136 1168 1151 1209 ἓ
1171 1166 1223 1199 ’1’1.
1247 1167 1316 1200 Non
1329 1167 1531 1200 obstantibus
1543 1166 1727 1210 praemissis
1738 1173 1766 1200 et
1778 1167 1848 1209 qui-

1093 1220 1198 1253 busvis
1209 1220 1496 1254 constitutionibus
1507 1226 1538 1253 et
1549 1221 1849 1254 ordinationibusa-

1093 1274 1272 1318 postolicis,
1286 1285 1323 1307 ac
1340 1274 1476 1307 civitatis
1495 1275 1718 1307 Maceratensis
1734 1280 1764 1308 et
1778 1286 1851 1318 pro-

1092 1328 1205 1361 vinciae
1216 1328 1459 1372 praedictarum,
1478 1327 1850 1368 iuramento,cons1rma-

1093 1382 1179 1415 tione
1202 1382 1380 1426 apostolica
1408 1383 1454 1415 vel
1483 1382 1596 1426 quavis
1615 1382 1767 1415 firmitate
1788 1382 1849 1415 alia

1093 1436 1268 1475 roboratis,
1279 1436 1408 1469 statutis
1418 1442 1446 1469 et
1462 1436 1768 1477 consuetudinihus;
1781 1437 1847 1480 pri-

1093 1489 1215 1532 vilegiis
1228 1500 1370 1533 quoque,
1390 1489 1523 1522 indultis
1536 1494 1567 1522 et
1587 1489 1700 1522 litteris
1720 1496 1848 1533 aposto-

1093 1543 1164 1576 licis
1177 1543 1293 1576 civitati
1307 1543 1515 1576 Maceratensi
1537 1548 1567 1576 et
1587 1543 1771 1587 provinciae
1787 1543 1847 1576 hu-

1094 1597 1244 1638 iusmodi,
1271 1609 1307 1630 ac
1333 1597 1500 1641 quibusvis
1529 1597 1600 1629 aliis
1624 1597 1848 1641 superioribus

1093 1657 1122 1684 et
1142 1651 1300 1694 personis,
1321 1651 1380 1684 sub
1401 1651 1663 1695 quibuscumque
1681 1651 1848 1684 tenoribus

1093 1711 1122 1738 et
1143 1705 1266 1743 formis,
1292 1716 1329 1738 ae
1349 1715 1423 1737 cuni
1445 1704 1609 1748 quibusvis
1632 1705 1726 1737 etiam
1753 1705 1847 1737 ‹lero-

1092 1759 1290 1801 gatoriarum
1308 1758 1522 1801 derogatoriis
1537 1758 1675 1802 aliisque
1687 1758 1847 1791 efficacio-

1093 1812 1194 1851 ribus,
1213 1812 1445 1845 esfieacissimis
1463 1817 1491 1844 et
1517 1811 1656 1845 insolitis
1677 1812 1844 1851 clausulis,

1093 1866 1359 1909 irritantibusque
1371 1871 1399 1899 et
1413 1866 1483 1898 aliis
1503 1865 1653 1905 decretis,
1677 1865 1708 1898 in
1730 1876 1847 1908 genere

1093 1920 1139 1952 vel
1161 1920 1193 1952 in
1215 1920 1335 1964 specie,
1359 1920 1455 1952 etiam
1477 1924 1581 1959 motu,
1604 1919 1848 1963 scientiaetpo-

1093 1974 1214 2006 testatis
1235 1973 1438 2016 plenitudine
1449 1973 1623 2013 similibus,
1635 1984 1671 2006 ae
1687 1974 1845 2006 consisto-

1092 2028 1234 2067 rialiter,
1265 2038 1391 2060 necnon
1423 2028 1461 2060 dc
1492 2028 1627 2060 fratrum
1659 2032 1845 2060 nostrorum

1092 2081 1228 2113 cotisilie
1245 2086 1272 2113 et
1291 2081 1436 2113 unanimi
1454 2091 1598 2121 assensu,
1613 2091 1648 2113 ac
1670 2081 1748 2113 alias
1769 2092 1848 2124 quo-

1094 2134 1269 2167 modolibet
1291 2140 1321 2167 et
1341 2134 1628 2178 quandocumque,
1651 2134 1746 2167 etiam
1774 2135 1846 2177 plu-

1092 2188 1166 2227 ries,
1183 2188 1214 2220 in
1229 2188 1428 2221 contrarium
1450 2188 1557 2221 forsan
1579 2188 1750 2228 concessis,
1772 2199 1848 2221 con-

1092 2242 1227 2275 firmatis
1248 2247 1275 2274 et
1298 2242 1468 2274 innovatis.
1491 2241 1614 2279 Quibus
1635 2241 1798 2282 omnibus,
1817 2254 1846 2274 c-

1093 2295 1169 2328 tiam
1199 2295 1238 2333 si,
1266 2306 1325 2340 pro
1355 2295 1486 2328 illorum
1518 2296 1691 2328 sufficienti
1710 2296 1845 2338 deroga-

1093 2349 1191 2388 tione,
1219 2350 1258 2381 de
1280 2348 1342 2381 illis
1369 2360 1549 2393 eormnque
1581 2350 1654 2382 totis
1681 2350 1846 2382 tenoribus

1090 2403 1252 2446 specialis,
1275 2403 1439 2446 specifica,
1463 2414 1612 2447 expressa
1632 2409 1662 2436 et
1682 2403 1846 2436 individua

1090 2462 1128 2483 ac
1149 2451 1187 2483 de
1209 2452 1305 2484 verbo
1328 2452 1367 2484 ad
1392 2453 1541 2491 verbum,
1571 2463 1635 2484 non
1657 2459 1765 2485 autem
1790 2464 1847 2496 per

1091 2502 1254 2534 clausulas
1284 2502 1452 2544 generales
1494 2502 1577 2535 idem
1614 2502 1843 2546 importantes‚

1091 2550 1212 2583 mentio
1228 2561 1282 2583 seu
1295 2551 1426 2594 quaevis
1439 2551 1501 2583 alia
1514 2551 1677 2594 expressio
1699 2551 1844 2584 habenda

1091 2606 1145 2632 aut
1179 2599 1288 2642 aliqua
1315 2599 1377 2632 alia
1398 2599 1552 2643 exquisita
1580 2600 1682 2632 forma
1715 2599 1753 2631 ad
1783 2600 1843 2631 hoe

1090 2649 1247 2682 servanda
1268 2650 1363 2690 foret,
1380 2660 1493 2682 eorum
1515 2649 1660 2682 omnium
1683 2655 1713 2682 et
1733 2649 1843 2693 singu-

1757 248 1799 282 93
1858 260 1910 288 An.
1928 260 1957 288 c.
1978 261 2044 289 1589

1889 1177 2000 1198 mensulae
2013 1177 2037 1197 de

1863 1210 1991 1232 rogatorias.
