2226 3070
26 232 78 261 An.
95 231 123 260 C.
142 232 210 261 1588

224 285 335 329 quavis
359 283 550 317 auctoritate
579 283 761 326 fungentes,
785 281 879 316 etiam
901 292 975 315 cau-

225 349 334 372 sarum
351 337 463 371 Palatii
483 337 659 381 Apostolici
681 336 844 369 auditores
856 347 892 369 ac
906 346 976 368 san-

225 398 294 424 ctae
314 391 478 425 Romanae
498 391 660 424 Ecclesiae
685 390 877 429 cardinales,
900 389 976 422 sul)-

225 446 287 478 lata
313 444 358 477 eis
386 450 417 477 et
445 455 558 478 eorum
587 444 719 477 cuilibet
746 443 858 486 quavis
883 442 978 475 aliter

226 498 389 532 iudicandi
406 503 437 531 et
453 497 686 541 interpretandi
709 497 861 529 facultate
882 501 911 529 et
923 507 978 528 au-

226 552 385 591 ctoritate,
412 551 532 593 ubique
558 549 694 582 iudicari
720 554 750 582 et
769 549 895 582 definiri
922 549 977 582 dc-

226 606 321 645 licre;
344 605 470 638 irritum
499 614 630 648 quoquc
658 609 689 635 et
710 603 805 635 inane
831 603 855 635 si
885 613 978 635 secus

225 669 324 702 super
351 659 401 691 his
425 669 442 690 a
470 667 657 701 quoquam,
693 656 806 699 quavis
835 656 977 688 auctori-

225 717 299 751 tate,
322 711 461 744 scienter
480 710 734 753 velignoranter,
751 709 920 752 contigerit
934 714 978 741 at-

225 764 353 797 tentari.

269 817 284 860 ἓ
309 817 341 850 6.
367 816 527 856 Quocirca
561 816 680 849 dilecto
708 815 776 848 lilio
805 825 976 847 causarum

53 877 148 927 :tampsi
164 876 208 927 flas
225 870 340 904 Curiae
360 870 512 904 Gamerae
533 869 736 914 Apostolicae
756 868 898 911 generali
924 878 979 900 au-

25 914 66 958 2¹:12¹
73 913 211 973 ⁸,ss‘1j'020‘2uss
225 925 322 957 ditori
336 935 394 968 per
404 929 591 968 praesentes
605 922 838 956 committimus
850 928 880 954 et
892 931 979 954 man-

26 970 211 1027 ?gffssssss'fffffjfifs
225 978 340 1011 damus
358 983 529 1021 quatenus,
547 987 603 1020 per
627 987 659 1009 se
681 976 729 1009 vel
749 975 848 1008 alium
870 986 926 1007 scu
945 986 978 1007 a-

225 1032 296 1072 lios,
327 1036 512 1075 praesentes
542 1036 667 1063 nostras
687 1029 810 1062 litteras
831 1034 861 1061 ct
883 1028 913 1060 in
935 1028 980 1061 cis

226 1089 377 1118 contenta
388 1094 615 1128 quaecumque
626 1082 763 1115 firmiter
774 1081 936 1115 observari
950 1081 977 1113 ¹:

226 1137 479 1171 contradictores
513 1136 674 1180 quoslibet
705 1141 736 1169 ct
773 1136 922 1173 rebelles,
950 1140 981 1167 ct

226 1190 410 1235 praemissis
441 1201 507 1223 non
541 1195 690 1234 parentes
715 1199 774 1233 pcr
790 1188 977 1228 sententias,

226 1255 378 1278 censuras
399 1250 429 1277 et
449 1254 570 1288 poenas
597 1242 832 1277 ecclesiasticas
852 1242 980 1285 aliaque

225 1304 410 1342 opportuna
431 1297 512 1331 iuris
537 1303 568 1330 ct
591 1297 666 1330 facti
690 1296 845 1336 remedia,
869 1295 980 1339 appcl-

226 1352 345 1385 latione
364 1351 552 1396 postposita,
567 1350 818 1395 compescendo,
835 1349 981 1381 invocato

226 1405 322 1439 etiam
343 1406 383 1438 ad
403 1405 479 1445 hoc,
501 1404 527 1438 si
543 1415 624 1448 opus
645 1403 755 1444 suerit,
779 1402 898 1436 auxilio
910 1402 982 1435 bra-

226 1458 291 1490 chii
317 1457 503 1491 saecularis.

271 1512 286 1555 g
310 1511 342 1544 7.
368 1511 436 1544 Non
456 1509 782 1543 obstantibuslittcris
793 1508 980 1552 praedictis,

31 1568 264 1620 'xlfffffsjssj‘ff0'1-ac
293 1565 445 1598 omnibus
467 1570 498 1598 et
525 1563 661 1607 singulis
688 1563 720 1595 in
750 1563 795 1595 cis
824 1562 983 1595 contentis

227 1618 381 1652 clausulis
407 1624 437 1650 et
461 1617 618 1655 decretis,
641 1627 724 1660 quae
750 1616 858 1658 quoad
884 1615 984 1647 dictas

228 1672 494 1715 congregationes
525 1670 659 1703 omnino
685 1679 887 1707 revocamus,
915 1679 982 1701 eas-

227 1736 335 1758 samus
355 1731 386 1757 et.
405 1725 626 1764 annullamus;
650 1734 686 1756 ac
712 1722 815 1755 felicis
835 1722 985 1755 recorda-

228 1779 324 1812 tionis
343 1778 388 1811 Pii
410 1778 472 1813 ΡΡι
488 1777 536 1818 IV,
550 1775 807 1821 praedecessoris
820 1775 933 1815 nostri,
947 1775 985 1807 (lc

228 1831 437 1875 registrandis
450 1831 561 1875 gratiis
588 1831 744 1864 interesse
760 1830 865 1863 dictae
875 1828 986 1861 Came-

229 1897 282 1919 rae
304 1885 580 1919 concernentibus
600 1884 632 1917 in
653 1882 744 1916 libris
764 1882 908 1916 eiusdem
927 1882 986 1915 Ca-

230 1950 335 1972 mcrae
354 1939 436 1971 infra
456 1943 582 1971 certum
600 1942 678 1970 tunc
699 1946 887 1979 expressum
909 1940 987 1968 tcm-

229 2004 302 2037 pus,
324 2003 361 2025 ac
381 1996 491 2024 nostra
508 1991 548 2023 de
569 2001 633 2024 non
651 1989 796 2022 tollendo
811 1988 881 2021 iure
893 1998 989 2031 quac-

230 2047 309 2087 sito,
333 2057 371 2079 ac
400 2045 470 2079 aliis
499 2043 788 2078 constitutionibus
808 2048 839 2076 ct
859 2042 987 2075 ordina-

232 2099 374 2133 tionibus
391 2098 590 2142 apostolicis,
613 2096 796 2140 ceterisque
817 2095 989 2129 contrariis

231 2154 504 2197 quibuscumque.

276 2207 291 2249 g
315 2206 347 2240 8.
376 2205 532 2238 Volumus
543 2210 651 2237 autem
663 2202 749 2246 quod
770 2201 988 2246 praesentium

234 2259 457 2303 transumptis,
479 2263 537 2291 etc.

277 2312 391 2345 Datum
430 2311 552 2344 Romae
590 2309 677 2353 apud
713 2309 866 2342 Sanctum
910 2307 990 2340 Mar-

235 2375 322 2405 cum,
342 2366 400 2398 sub
422 2364 543 2397 annulo
563 2362 746 2403 Piscatoris,
777 2361 828 2394 dic
861 2371 900 2394 xx
922 2361 990 2393 iulii

236 2428 431 2458 mcxxxviii,
453 2417 661 2461 pontificatus
683 2414 783 2448 nostri
810 2424 895 2447 anno
916 2424 945 2447 iv

278 2481 341 2511 Dat.
366 2481 412 2510 dic
429 2480 467 2510 ΞΟ
483 2479 559 2510 iunii
577 2479 666 2515 4588,
687 2477 793 2517 pontis.
811 2486 889 2506 anno
905 2485 944 2506 iv.

84 2237 218 2260 Fidesdanda

34 2270 179 2296 lranwmptifl.

273 2568 283 2593 1
308 2565 390 2593 Deest
407 2566 501 2593 forsan
517 2564 600 2599 faria!
614 2564 655 2597 (n.
672 2563 723 2597 r).

878 227 983 253 Slx'rus
1007 228 1025 252 V
1053 227 1103 253 PP.

1689 219 1732 254 23
1789 230 1842 257 An.
1860 229 1887 257 c.
1905 228 1973 258 1588

1334 281 1449 315 CXXX.

1019 358 1190 391 Institutio
1216 358 1436 391 archiviorum
1469 358 1710 400 ,st-rip[mariun
1741 360 1775 391 in

1063 404 1311 454 quibuscumque
1340 411 1528 443 civitatibus
1554 415 1581 443 e!
1609 412 1685 443 loris
1702 412 1777 444 Sla-

1066 469 1114 496 tus
1127 465 1358 505 Ecclesiaseici,
1379 464 1467 496 alitia
1482 464 1562 496 Urbe
1582 469 1609 496 rt
1628 465 1775 497 Bononia

1064 519 1213 560 arreptis,
1242 522 1270 550 et
1298 518 1412 551 erectio
1439 518 1535 560 officii
1565 519 1704 560 reyent‘is
1730 519 1777 551 ‹Ii-

1064 575 1183 603 clorum
1205 572 1439 609 (trcleiriormn,
1456 582 1527 604 cum
1539 572 1778 604 {ariulfi-tionix

1064 628 1092 656 et
1115 625 1363 667 pririlessiorum
1388 625 1612 668 assi'gynalione
1636 625 1662 657 ¹.

1080 716 1175 745 sixtus
1195 717 1347 752 episcopus,
1367 725 1461 746 servus
1480 725 1621 746 servorum
1636 718 1698 750 Dei.

1167 771 1200 799 ad
1213 773 1377 806 perpetuam
1396 773 1436 800 rei
1455 773 1625 801 memoriam.

1065 853 1254 887 Sollicitudo
1267 855 1435 898 pastoralis
1448 856 1544 888 oflicii
1560 856 1705 888 humeris
1719 866 1776 888 no·
1820 873 1942 894 mmmm,

1021 907 1105 947 stris,
1129 907 1204 941 licet
1230 908 1419 951 imparibus,
1441 909 1547 941 divina
1569 909 1777 953 dispositione

1022 961 1171 1000 iniuncti,
1205 962 1333 995 assidue
1365 973 1421 995 cor
1441 968 1588 995 nostrum
1616 963 1721 1006 pulsat.
1747 968 1773 995 et

1022 1020 1212 1055 commovet,
1231 1021 1264 1048 ut
1286 1026 1351 1048 non
1377 1016 1482 1049 solum
1505 1015 1544 1048 ad
1563 1027 1612 1053 ca,
1637 1026 1719 1059 quae
1740 1027 1778 1048 u-

1022 1067 1137 1101 niversi
1155 1068 1323 1101 christiani
1341 1069 1448 1112 gregis
1459 1069 1553 1102 nobis
1566 1080 1602 1101 ex
1617 1070 1681 1101 alto
1694 1080 1779 1101 com-

1023 1121 1110 1154 missi
1142 1122 1326 1155 animarum
1353 1123 1489 1156 salutem
1512 1122 1704 1166 respiciunt,
1725 1132 1778 1154 vc-

1022 1186 1094 1207 rum
1114 1175 1209 1209 ctiam
1226 1187 1309 1219 quae
1329 1176 1368 1209 ad
1385 1177 1584 1220 populorum
1604 1181 1732 1208 nostrae
1749 1181 1776 1207 et

1022 1229 1112 1262 Sedis
1136 1229 1339 1273 Apostolicae
1367 1229 1538 1273 temporali
1560 1229 1675 1262 ditioni
1701 1229 1776 1261 suli-

1023 1283 1165 1316 ditorum
1192 1283 1377 1324 utilitatem,
1405 1294 1531 1327 pacem,
1559 1282 1777 1326 tranquillita-

1026 1342 1087 1369 tem
1107 1342 1365 1380 perpetuamque
1387 1337 1594 1370 securitatem
1615 1336 1779 1380 pertinere

1024 1396 1217 1429 noscuntur,
1240 1390 1423 1433 vigilantiae
1450 1396 1576 1423 nostrae
1602 1390 1706 1423 aciem
1735 1389 1781 1421 di-

1025 1444 1180 1486 riganum,
1204 1449 1234 1476 et
1255 1444 1446 1486 praesertim
1464 1443 1567 1477 noxiis
1584 1444 1658 1483 iltis,
1682 1454 1778 1486 quae,

1025 1497 1066 1529 ob
1087 1508 1152 1530 non
1176 1497 1354 1530 adhibitam
1380 1498 1455 1530 satis
1481 1503 1623 1530 exactam
1646 1497 1781 1540 diligen-

1026 1551 1102 1583 tiam
1125 1550 1158 1583 in
1179 1551 1407 1583 conservandis
1429 1556 1493 1583 tam
1521 1550 1660 1594 publicis
1683 1560 1780 1592 quam

1026 1604 1156 1648 privatis
1177 1604 1362 1647 scripturis,
1385 1604 1469 1637 inter
1489 1603 1636 1637 subditos
1646 1608 1783 1643 nostros,

1026 1657 1113 1701 gravi
1153 1668 1226 1691 cum
1262 1663 1371 1690 nostra
1411 1668 1593 1700 eorumque
1637 1656 1784 1689 molestia

1027 1711 1301 1755 fortunarumque
1322 1721 1455 1744 suarum
1477 1710 1648 1755 dispendio
1678 1716 1709 1743 et
1739 1710 1783 1742 ia-

1028 1771 1131 1805 ctura,
1163 1765 1350 1809 frequenter
1371 1764 1488 1798 exoriri
1511 1769 1541 1797 ct
1565 1764 1671 1806 vigere
1694 1763 1785 1796 intel-

1028 1819 1171 1862 ligimus,
1195 1819 1367 1852 commoda
1390 1818 1498 1862 aliqua
1528 1817 1652 1851 ratione
1678 1817 1785 1861 prori-

1029 1874 1173 1906 deamus.

1074 1927 1088 1970 g
1112 1927 1143 1959 1.
1180 1926 1260 1960 Cum
1288 1926 1397 1970 itaque
1423 1937 1459 1959 ex
1483 1924 1627 1968 diligenti
1655 1934 1785 1957 earum-
1828 1937 1908 1957 causae
1924 1935 1985 1956 huius

1030 1980 1103 2013 dem
1121 1980 1355 2024 scripturarum
1372 1979 1531 2019 custodia,
1549 1978 1678 2011 fraudes
1695 1977 1787 2010 etsal-
1802 1969 1967 1988 ⁶⁰¹¹⁵¹⁵¹⁸¹¹¹¹¹¹¹³⁵'

1031 2033 1150 2074 sitates‚
1170 2045 1254 2078 quac
1275 2033 1398 2073 litibus,
1421 2032 1592 2065 discordiis
1611 2042 1647 2064 ac
1660 2029 1786 2074 pericu·

1032 2088 1070 2122 lis
1100 2087 1288 2121 huiusmodi
1321 2094 1356 2120 ut
1388 2086 1566 2130 plurimum
1592 2084 1673 2117 viam
1692 2094 1785 2127 prae—

1031 2143 1120 2182 bent,
1143 2147 1328 2181 arceantur,
1351 2140 1508 2179 dominia,
1522 2137 1742 2183 possessiones
1757 2141 1784 2170 et

1034 2196 1173 2230 familiae
1190 2196 1277 2238 ipsae
1295 2199 1539 2234 conserventur,
1563 2191 1682 2225 iustitia
1699 2190 1788 2223 deni-

1033 2261 1095 2294 que
1116 2261 1189 2283 cum
1211 2248 1311 2282 animi
1331 2247 1526 2281 certitudine
1547 2257 1583 2279 ac
1607 2244 1738 2289 publica
1758 2249 1784 2277 et

1034 2305 1156 2348 privam
1172 2302 1318 2336 omnium
1339 2301 1475 2335 utilitate
1496 2311 1598 2344 aequa
1618 2300 1710 2332 lance
1730 2298 1786 2330 ad-

1035 2358 1246 2391 ministretur.
1269 2357 1313 2389 Ac
1332 2355 1469 2400 proinde
1487 2353 1615 2398 publica
1635 2351 1787 2391 arcliivia‚

1073 2445 1079 2470 1
1100 2443 1130 2469 In
1145 2441 1220 2469 Urbe
1241 2444 1316 2468 extat
1340 2439 1510 2473 archivium,
1527 2439 1561 2466 de
1578 2445 1635 2472 quo
1657 2437 1744 2464 habes
1761 2436 1787 2463 iu

1035 2490 1125 2515 const.
1143 2493 1211 2513 xvin
1227 2486 1294 2513 Julii
1314 2486 1356 2517 ΙΙ,
1372 2485 1461 2518 Sicut,
1490 2487 1555 2511 tom.
1578 2489 1613 2517 v,
1632 2490 1698 2516 pag.
1724 2481 1784 2507 458Δ

1036 2532 1166 2559 officium
1173 2534 1269 2558 autem
1278 2530 1364 2557 huius
1376 2529 1501 2564 regentis
1512 2532 1553 2555 cst
1564 2527 1787 2559 lmdiesupprcs—

1035 2584 1110 2610 sum,
1127 2576 1227 2603 eteius
1248 2575 1309 2602 loco
1326 2573 1478 2609 quotannis
1494 2573 1648 2606 deputatur
1664 2577 1738 2598 uuus
1754 2576 1786 2595 ex

1035 2621 1146 2649 clericis
1162 2621 1262 2648 Rever.
1280 2619 1415 2647 Gamerae
1435 2617 1625 2652 Apostolirae.
