2226 3070
257 273 307 301 An.
326 272 354 300 C.
372 272 436 300 1591

273 972 383 993 Clausulae
398 977 435 1001 pro

253 1001 340 1020 huiusce
361 1000 436 1027 consti-

253 1026 338 1046 tutionis
350 1026 435 1045 tii-mita-

252 1056 279 1075 te.

279 1507 389 1537 Clausulae
400 1507 434 1528 de-

252 1537 378 1560 rogatortae.

484 262 550 296 464

454 321 580 354 firmata
606 321 733 362 suerint,
757 321 876 355 eisdem
909 320 1029 353 militiis
1059 320 1137 353 utile
1162 327 1193 353 et

454 375 660 408 commodum
691 375 792 408 visum
825 374 917 407 fuerit
948 374 980 406 in
1005 380 1071 407 toto
1091 374 1137 407 vel
1160 374 1192 407 in

452 436 543 474 parte
574 431 750 464 executioni
781 430 986 469 demandare,
1021 440 1122 474 eaque
1153 430 1192 463 ab

453 483 602 516 omnibus
622 483 808 517 earumdem
829 482 1015 516 militiarum
1036 483 1193 516 militibus

452 543 483 570 et
499 538 568 571 aliis
587 537 746 581 personis,
777 536 817 569 ad
837 547 916 580 quas
936 536 1084 580 pertinet,
1115 548 1193 581 qua-

452 601 588 634 rumque
608 590 748 629 interest,
772 595 824 622 aut
855 589 997 623 intererit
1029 590 1114 624 circa
1141 601 1193 624 ea-

451 645 598 677 rumdem
616 643 803 676 militiarum
824 643 1072 687 praeceptorias,
1094 644 1192 677 colle-

452 697 513 738 gia,
537 696 697 733 ccclesias,
713 696 838 737 domos,
861 707 912 729 res
929 702 958 729 et
978 697 1064 730 bona
1084 697 1194 731 obser-

451 750 516 783 vari
543 750 691 791 faciendi,
721 750 908 784 auctoritate
928 751 1119 795 apostolica,
1149 757 1194 784 te-

450 815 528 837 nore
541 804 769 848 praesentium,
785 805 968 839 facultatem
987 806 1194 839 concedimus

452 863 480 890 et
504 857 719 901 impartimur.

496 912 512 953 ξ
531 910 560 944 3.
585 911 622 944 Et
638 911 684 945 sic
704 922 762 955 per
782 922 1005 957 quoscumque
1025 913 1147 947 iudices
1164 918 1195 946 et

451 965 689 999 commissarios
709 966 819 1010 quavis
845 967 1035 1001 auctoritate
1060 968 1194 1010 fungen-

452 1025 514 1059 tes,
543 1019 639 1052 etiam
671 1031 839 1053 causarum
875 1021 986 1054 Palatii
1020 1022 1193 1066 Apostolici

451 1073 623 1113 auditores,
657 1074 781 1107 sublata
802 1074 847 1107 eis
873 1080 902 1108 et
923 1085 1035 1108 eorum
1065 1075 1196 1109 cuilibet

451 1126 561 1169 quavis
586 1126 678 1159 aliter
706 1127 870 1161 iudicandi
902 1134 931 1161 et
962 1128 1193 1172 interpretandi

451 1180 599 1213 facultate
619 1187 650 1214 et
669 1181 873 1221 auctoritate,
897 1181 1030 1215 iudicari
1057 1188 1087 1215 et
1111 1182 1194 1215 diffi-

450 1235 511 1267 niri
541 1236 669 1274 debere,
700 1242 730 1269 et
750 1236 907 1280 quidquid
937 1247 1028 1269 secus
1059 1247 1077 1269 a
1108 1248 1190 1281 quo-

450 1300 546 1333 quam
560 1290 670 1333 quavis
684 1290 885 1331 auctoritate,
896 1290 1033 1324 scienter
1044 1291 1092 1323 vel
1104 1291 1194 1334 igno-

450 1348 573 1383 ranter,
607 1344 776 1386 contigerit
805 1344 968 1385 attentari,
1003 1344 1128 1377 irritum
1165 1351 1194 1378 et

451 1395 545 1429 inane
566 1397 780 1431 decernimus.

494 1452 511 1492 ξ
532 1450 562 1483 4.
586 1451 656 1484 Non
674 1451 875 1485 obstantibus
892 1452 1077 1496 praemissis
1095 1458 1126 1486 et
1142 1452 1194 1486 lit-

452 1504 525 1537 teris
546 1503 705 1537 dictorum
726 1506 1026 1548 praedecessorum,
1049 1516 1109 1539 nec
1128 1516 1193 1539 non

451 1556 732 1591 constitutionilms
763 1564 791 1591 et
827 1559 1084 1592 ordinationibus
1115 1570 1194 1603 apo-

450 1610 570 1643 stolicis
590 1621 626 1643 ac
643 1610 712 1643 aliis
726 1611 913 1644 earumdem
932 1612 1118 1645 militiarum
1132 1618 1195 1646 sta-

453 1664 525 1696 tutis
537 1670 566 1697 et
580 1665 876 1705 consuetudiniluis‚
888 1665 983 1698 etiam
998 1666 1190 1707 iuramento,

451 1718 696 1752 confirmatione
716 1719 891 1762 apostolica
920 1720 967 1753 vel
1000 1721 1110 1763 quavis
1138 1721 1194 1753 fir-

451 1773 560 1806 mitate
587 1773 648 1806 alia
676 1774 845 1811 roboratis,
869 1774 1103 1815 stabilimensss,
1127 1775 1193 1808 usi-

450 1827 509 1860 bus
530 1834 560 1860 et
580 1828 717 1865 naturis;
734 1828 908 1872 privilegiis
928 1839 1068 1873 quoque,
1086 1829 1193 1863 indul-

452 1881 490 1913 tis
510 1887 540 1914 et
561 1881 672 1914 litteris
696 1882 880 1925 apostolicis
909 1882 1029 1916 eisdem
1059 1883 1190 1924 militiis,

452 1934 644 1978 illarumque
673 1935 996 1977 administratoribus,
1030 1936 1190 1975 fratribus,

452 1989 605 2023 militibus
626 1996 654 2022 et
676 1990 820 2034 personis
849 1991 907 2023 sub
936 1991 1193 2035 quibuscumque

453 2043 616 2076 tenoribus
636 2049 666 2077 et
696 2043 822 2084 formis,
845 2054 880 2077 ac
914 2055 986 2076 cum
1016 2044 1190 2088 quibusvis,

452 2097 546 2129 etiam
568 2098 845 2140 derogatoriarum
867 2098 1091 2141 derogatoriis,
1109 2099 1194 2132 aliis-

453 2162 514 2194 que
545 2151 778 2185 cssicacioribus
804 2157 834 2185 et
866 2151 1000 2185 insolitis
1029 2153 1191 2199 clausulis,

454 2204 715 2249 irritantibusque
736 2211 764 2238 et
786 2206 855 2238 aliis
866 2206 1013 2247 decretis,
1028 2206 1059 2238 in
1078 2217 1194 2249 genere

453 2258 500 2291 vel
522 2258 552 2290 in
580 2259 696 2302 specie,
725 2270 761 2292 ac
782 2259 877 2292 etiam
900 2265 989 2293 motu
1010 2260 1143 2304 proprio
1164 2266 1192 2294 et

453 2312 713 2345 consistorialiter
726 2324 762 2346 ac
774 2313 852 2346 alias
863 2313 1108 2357 quomodolibet
1119 2325 1195 2347 con-

453 2365 563 2406 cessis,
597 2367 780 2410 approbatis
811 2373 842 2400 et
872 2367 1039 2401 innovatis.
1074 2368 1195 2407 Quibus

453 2419 614 2458 omnibus,
638 2430 749 2453 eorum
770 2427 907 2462 tenores,
931 2432 967 2454 ac
983 2421 1008 2454 si
1037 2422 1077 2454 de
1097 2422 1194 2455 verbo

453 2473 493 2505 ad
513 2473 646 2506 verbum
660 2473 887 2513 insererentur,
901 2475 1125 2518 praesentibus
1135 2486 1193 2518 pro

454 2527 548 2571 plene
569 2532 600 2559 et
627 2526 822 2560 sufficienter
851 2528 1006 2571 expressis
1026 2528 1190 2569 habentes,

454 2580 514 2613 hac
532 2580 600 2613 vice
621 2580 795 2619 dumtaxat,
809 2581 989 2624 specialiter
1002 2587 1030 2614 et
1048 2592 1194 2625 expresse

455 2634 658 2677 derogamus,
675 2634 872 2678 caeterisque
885 2634 1052 2668 contrariis
1064 2635 1195 2679 quibus-

456 2698 605 2732 eumque.

1035 272 1218 297 BULLARIUM
1237 271 1390 297 ROMANUM

1269 320 1382 353 Datum
1402 320 1523 354 Romae
1543 320 1629 364 apud
1658 321 1689 354 S.
1717 320 1874 362 Marcum,
1908 321 1967 354 suh

1226 376 1345 408 annulo
1364 375 1545 415 Piscatoris,
1564 375 1615 408 die
1632 385 1706 408 xxix
1719 375 1965 417 augustiunxet,

1226 429 1430 473 pontificatus
1449 428 1549 462 nostri
1570 439 1656 462 anno
1676 439 1697 463 1.

1262 492 1320 520 Dat.
1337 491 1380 520 die
1394 492 1429 520 29
1444 491 1552 528 augusti
1570 492 1648 527 1591,
1660 495 1734 528 pont.
1748 500 1790 519 an.
1809 498 1827 519 Ι.

1537 656 1670 689 XXXVI.

1227 752 1380 785 Declarat
1420 753 1682 786 constitutionem
1716 753 1775 786 Pii
1803 752 1916 796 Papae
1947 751 1974 786 V

1271 806 1379 850 quoad
1399 811 1581 840 contractus
1601 816 1881 850 quorumcumque
1900 816 1972 839 cen-

1271 870 1368 892 suum
1383 860 1467 893 inter
1475 871 1696 904 quascumque
1703 870 1858 904 personas
1870 860 1972 893 trium

1271 918 1416 946 statuum
1438 915 1531 958 regni
1541 914 1710 947 Navarrae
1720 914 1819 947 initos
1832 914 1872 947 ab
1884 924 1971 947 anno

1272 967 1408 1000 Domini
1426 978 1566 1008 MDLxxx,
1581 968 1725 1011 viqorem
1741 968 1778 1000 in
1797 967 1905 1000 eodem
1922 977 1973 1000 re-

1271 1032 1334 1065 yno
1354 1021 1523 1055 Nararrae
1544 1021 1660 1054 habere
1679 1021 1851 1065 incepisse,
1874 1031 1911 1054 ac
1934 1031 1973 1054 ea:

1272 1075 1380 1108 eodem
1399 1087 1486 1109 anno
1498 1075 1699 1109 solummodo
1710 1085 1865 1119 personas
1874 1085 1971 1120 prae-

1272 1129 1374 1162 dictas
1387 1129 1674 1173 comprclzendisse;
1687 1140 1750 1173 quo
1762 1140 1834 1162 vero
1847 1129 1890 1162 ad
1900 1140 1973 1163 con-

1274 1186 1395 1215 tractus
1416 1193 1571 1215 censuum
1591 1186 1667 1215 aitte
1696 1182 1820 1215 dictum
1845 1193 1973 1216 annum

1273 1247 1401 1270 MDLxxx
1421 1237 1457 1268 in
1477 1236 1585 1269 eodem
1614 1247 1713 1280 rcano
1744 1236 1973 1280 impositorum

1271 1290 1382 1332 factos,
1406 1290 1491 1322 iuris
1511 1290 1625 1323 veteris
1645 1294 1675 1323 et
1702 1290 1973 1323 constitutionum

1271 1345 1412 1377 alioruin
1435 1345 1635 1387 Pontificum
1659 1344 1904 1389 dispositionem
1923 1348 1973 1377 at-

1274 1398 1467 1431 tendendam
1487 1409 1551 1432 esse
1571 1398 1590 1431 ¹.
1804 1412 1809 1416 ·

1431 1489 1588 1523 Gregorius
1609 1490 1688 1524 Papa
1703 1489 1774 1524 xlv,

1355 1544 1392 1571 ad
1407 1546 1582 1578 perpetuam
1596 1543 1641 1571 rei
1656 1543 1838 1571 memoriam.

1272 1615 1318 1648 Ad
1339 1626 1398 1648 nos
1428 1615 1459 1648 in
1480 1626 1632 1660 supremo
1657 1615 1744 1649 Beati
1764 1615 1848 1649 Petri
1876 1614 1969 1656 solio,

1229 1668 1334 1702 diviua
1364 1669 1553 1713 disponente
1585 1669 1756 1703 clementia
1785 1668 1974 1702 constitutos

1227 1723 1366 1766 pertinet
1386 1728 1415 1756 et
1435 1729 1554 1767 spectat
1575 1733 1795 1767 quascumque
1808 1723 1973 1756 Romano-

1228 1787 1299 1808 rum
1319 1776 1513 1809 Pontificum
1538 1777 1824 1820 praedecessorum
1848 1781 1975 1810 nostro-

1228 1840 1299 1862 rum
1320 1830 1575 1871 constitutiones,
1595 1841 1632 1863 ex
1653 1830 1770 1874 quibus
1788 1829 1895 1874 aliqua
1916 1830 1975 1863 du-

1229 1883 1280 1916 bia
1300 1883 1331 1916 in
1353 1884 1463 1927 quavis
1483 1883 1569 1916 orbis
1590 1883 1722 1926 regione
1734 1883 1866 1916 suborta
1879 1882 1975 1916 fuisse

1228 1937 1386 1977 novimus,
1409 1943 1505 1981 prout
1524 1937 1571 1970 rei
1591 1942 1621 1971 et
1640 1937 1703 1970 loci
1728 1936 1894 1981 dispositio
1913 1947 1974 1981 po-

1228 1992 1333 2032 stulat,
1358 1998 1453 2035 atque
1470 1991 1643 2025 necessitas
1660 1991 1801 2035 exposcit
1819 1991 1976 2035 interpre-

1228 2045 1288 2077 tari
1309 2056 1365 2078 seu
1398 2045 1572 2085 moderari,
1609 2045 1752 2088 aliasque
1776 2049 1975 2088 opportunas

1229 2099 1366 2143 desuper
1386 2098 1619 2132 declarationes
1639 2099 1757 2139 facere,
1788 2103 1824 2131 ut
1842 2097 1975 2131 sublatis

1228 2162 1285 2196 per
1305 2163 1357 2185 eas
1377 2152 1492 2185 exinde
1512 2152 1677 2196 quibusvis
1693 2151 1864 2194 ambiguae
1882 2151 1976 2184 dubi-

1230 2205 1358 2239 tationis
1379 2205 1660 2250 disputationibus,
1678 2205 1867 2239 eorumdem
1881 2215 1976 2249 prae-

1229 2259 1433 2292 decessorum
1456 2259 1700 2293 constitutiones
1722 2269 1780 2303 per
1799 2269 1869 2299 eos,
1893 2268 1974 2302 quos

1229 2319 1446 2354 concernunt,
1481 2324 1555 2347 cum
1587 2313 1760 2357 tranquilla
1789 2312 1843 2346 Dei
1872 2322 1971 2356 pace,

1229 2366 1315 2400 iuxta
1334 2366 1539 2400 conditorum
1562 2371 1695 2407 mentes,
1719 2365 1881 2399 observari
1901 2375 1975 2409 pos-

1229 2419 1301 2453 sint.

1274 2476 1290 2516 g
1311 2473 1341 2507 1.
1365 2474 1442 2508 Cum
1464 2473 1572 2518 itaque
1591 2483 1695 2517 nnper
1714 2483 1773 2517 pro
1792 2477 1882 2516 parte
1895 2471 1974 2505 dile-

1229 2533 1354 2561 ctorum
1386 2527 1528 2561 filiorum
1558 2527 1757 2560 sindicorum
1787 2525 1973 2559 officialium

1230 2581 1458 2625 deputatorum
1488 2581 1528 2614 de
1556 2580 1714 2623 regimine
1744 2585 1775 2613 et
1815 2578 1973 2622 gubern-io

1229 2634 1326 2668 trium
1346 2640 1485 2668 statuum
1513 2634 1715 2678 aliarumque
1745 2642 1970 2677 personarum,

1265 2699 1277 2724 i
1298 2696 1336 2724 Ex
1351 2696 1460 2733 Regest.
1472 2696 1501 2724 in
1515 2696 1618 2725 Secret.
1629 2695 1766 2724 Brevium.

1980 272 2032 302 An.
2047 273 2077 300 C.
2095 272 2161 301 {591

2013 1620 2154 1642 Prooemium.

2001 2476 2033 2498 Pii
2043 2476 2059 2497 V
2074 2476 2173 2497 constitu-

1987 2503 2017 2524 tio
2041 2504 2062 2524 in
2082 2503 2173 2524 statibus

1987 2530 2096 2551 Karai-rae
2113 2535 2172 2550 reee-

1987 2559 2024 2584 pta
2040 2557 2084 2577 suit.
