2226 3070
67 303 121 332 An.
137 302 166 331 C.
185 300 253 330 1590

928 295 1032 321 SIXTUS
1053 295 1070 318 V
1090 294 1138 318 PP.

266 353 354 394 serit,
377 363 441 386 non
471 351 701 391 communicet,
722 360 786 384 non
804 349 899 382 alicui
922 359 1016 393 prae-

266 407 395 441 ficiatur
416 406 522 440 officio
537 433 544 447 ,
567 416 626 438 nec
653 404 763 447 aliqua
783 403 811 437 ei
833 402 1017 436 obedientia

266 461 501 502 cou‘imittatur‚
524 470 629 503 neque
649 457 771 502 aliquid
793 457 820 490 ei
845 456 1017 490 demande-

267 520 332 556 tur,
354 514 503 559 quinimo
528 513 634 546 officio
655 512 742 556 quod
768 517 863 544 autea
886 521 1016 544 exerce-

266 569 319 602 bat
338 568 456 613 privari
482 568 609 607 debeat,
636 577 742 610 neque
765 565 881 598 habeat
907 575 1017 598 vocem

265 628 321 656 aut
341 623 450 656 locum
476 621 508 654 in
534 619 690 664 capitulo,
712 619 774 652 nisi
805 618 844 651 ad
866 617 1018 651 dicendas

265 687 339 710 suas
360 676 484 720 culpas;
511 674 549 707 sit
571 683 702 718 quoque
723 671 869 705 omnium
890 677 1017 715 postre-

266 740 318 762 ma
338 740 442 773 usque
467 728 506 761 ad
527 726 708 772 plenariam
735 732 767 759 et
785 725 945 768 integram
967 734 1017 757 sa-

266 782 493 822 tisfactionem,
524 791 654 814 mensae
682 789 756 813 cum
787 778 919 822 reliquis
953 788 1017 811 non

265 835 447 875 accumbat,
467 835 522 868 sed
543 834 575 867 in
593 833 699 867 medio
721 831 894 872 refectorii,
918 842 1018 875 cappa

264 899 320 922 seu
351 894 461 922 manto
481 888 606 929 induta,
622 887 653 920 iu
675 886 763 920 nudo
779 886 847 919 solo
858 891 1018 930 panetan-

265 949 333 976 tum
355 948 385 976 et
400 953 483 986 aqua
495 947 653 982 vescatur,
671 941 731 974 nisi
743 939 865 984 aliquid
882 939 943 972 sibi
961 939 1019 971 mi-

265 996 472 1030 sericorditer
492 995 704 1034 concedatur,
719 994 870 1028 mandato
886 993 1019 1037 prioris-

265 1061 330 1090 sae,
353 1060 438 1093 quae
458 1049 604 1093 alioquin
625 1049 677 1093 pie
695 1059 769 1082 eum
791 1048 860 1091 ipsa
884 1052 968 1090 agat,
982 1057 1018 1080 ac

265 1103 408 1147 aliquam
429 1114 466 1137 ex
491 1103 660 1137 sororibus
683 1102 722 1135 ad
754 1112 824 1135 eam
846 1100 1017 1134 consolan-

266 1158 340 1190 dam
361 1157 479 1190 mittat.
502 1156 592 1196 Quod
612 1156 635 1188 si
656 1166 762 1189 veram
784 1154 890 1188 cordis
909 1154 1017 1187 humi-

266 1211 386 1244 litatem
407 1210 596 1250 ostenderit,
620 1210 690 1243 eius
705 1208 909 1253 propositum
930 1207 1018 1241 adiu-

265 1270 368 1305 vetur,
386 1264 436 1297 cui
458 1263 552 1297 etiam
575 1263 761 1296 adiumento
781 1262 821 1295 sit
837 1268 922 1296 totus
943 1272 1019 1295 con-

265 1323 389 1358 ventuS,
418 1327 525 1361 neque
552 1316 708 1361 priorissa
732 1322 860 1349 recuset
896 1315 1019 1349 miseri-

265 1371 375 1405 cordia
396 1372 429 1405 in
454 1382 492 1405 ea
521 1371 567 1405 uti
597 1371 703 1409 citius,
732 1371 781 1404 vel
803 1370 926 1403 tardius
946 1370 1019 1414 plus

265 1426 313 1458 vel
338 1426 459 1466 minuS,
482 1431 518 1458 ut
537 1424 646 1459 delicti
665 1425 804 1469 qualitas
823 1424 976 1469 postulat.

309 1478 342 1513 Si
361 1490 425 1523 qua
445 1478 614 1512 manifeste
634 1479 666 1511 in
685 1478 872 1522 priorissam
893 1478 940 1511 vel
963 1488 1017 1510 su-

266 1532 411 1577 periores
431 1532 654 1573 insurrexerit,
677 1538 733 1565 aut
761 1531 787 1564 si
816 1531 893 1576 quid
914 1531 1017 1564 illiciti

265 1586 314 1619 vel
336 1586 498 1620 inhonesti
523 1587 675 1620 adversus
701 1596 755 1620 eos
781 1586 861 1620 salso
881 1585 1016 1619 commi-

265 1640 413 1674 niscatur
443 1650 499 1673 seu
521 1640 738 1681 machinetur,
760 1640 809 1674 vel
834 1645 1018 1673 commenta

266 1704 322 1728 seu
352 1693 537 1727 machinata
566 1694 675 1735 fuerit,
714 1705 773 1738 per
803 1693 1018 1737 quadraginta

265 1748 334 1781 dies
351 1753 423 1792 agat
453 1748 687 1792 poenitentiam
708 1748 940 1792 supradictam,
963 1758 1016 1781 vo-

266 1811 369 1845 ceque
386 1807 417 1834 et
437 1802 508 1835 loco
529 1802 561 1835 iu
582 1802 724 1846 capitulo
745 1813 782 1835 ac
807 1802 953 1846 quolibet
973 1802 1018 1834 of-

267 1854 353 1895 ficio,
376 1855 403 1887 si
423 1866 486 1898 quo
507 1855 666 1899 fungitur,
688 1856 845 1899 privetur.
862 1856 900 1890 Et
919 1855 957 1896 si,
981 1866 1016 1888 ex

263 1908 370 1952 aliqua
391 1909 579 1943 huiusmodi
602 1909 841 1953 conspiratione
856 1910 905 1942 vel
927 1909 1017 1942 mali-

263 1961 345 1995 tioso
361 1973 520 1995 consensu
533 1989 540 2003 ,
561 1963 743 1996 saeculares
759 1973 917 2007 personae
938 1974 1017 2007 quo-

263 2015 308 2049 vis
327 2016 425 2050 modo
450 2027 483 2049 se
510 2027 609 2060 super
635 2016 686 2049 his
707 2017 955 2058 intromiserint,
985 2017 1016 2050 in

264 2070 487 2104 confusionem
508 2070 556 2103 vel
587 2070 753 2104 infamiam
788 2077 841 2104 aut
861 2071 1014 2104 damnum

263 2134 413 2157 sororum
434 2129 489 2158 aut
510 2124 712 2166 monasterii,
735 2135 863 2158 sorores
883 2136 966 2168 quae
985 2125 1015 2158 id

264 2178 456 2211 admiserint
484 2178 671 2211 carceribus
704 2179 942 2223 mancipentur,
967 2185 1015 2213 at-

265 2242 329 2275 que
349 2242 408 2275 pro
425 2231 578 2273 gravitate
599 2232 740 2265 scandali
761 2233 849 2276 quod
870 2233 945 2266 inde
964 2245 1015 2267 se-

265 2285 388 2328 quitur,
416 2285 448 2318 in
476 2286 522 2319 eis
545 2285 768 2327 detineantur;
791 2287 846 2320 sed
871 2292 901 2320 et
920 2287 945 2320 si
975 2288 1015 2321 ob

265 2349 335 2372 eam
361 2349 491 2372 causam
513 2339 545 2371 in
566 2339 760 2373 monasterio
789 2340 943 2375 factiones
967 2343 1015 2376 vel

266 2392 437 2425 duasiones
461 2392 588 2435 aliquae
603 2398 731 2426 exortae
747 2393 877 2434 fuerint,
900 2399 963 2427 tam
977 2395 1015 2428 il-

268 2445 315 2479 lae
335 2456 419 2490 quae
440 2446 471 2479 id
483 2445 701 2487 committunt,
713 2457 810 2491 quam
822 2458 905 2491 quae
920 2459 1014 2493 opem

266 2501 297 2529 et
314 2495 453 2528 savorem
474 2495 513 2528 ad
531 2495 562 2528 id
573 2495 800 2540 praestiterint,
824 2498 1015 2532 sententiam

266 2544 608 2578 excommunicationis
629 2545 808 2586 incurrant,
827 2552 857 2579 et
869 2546 900 2580 in
910 2558 1016 2582 carce-

267 2605 317 2628 res
333 2594 560 2628 coniiciantur.

310 2643 342 2676 Si
363 2654 446 2687 quae
479 2643 649 2677 tentaverit
674 2643 832 2688 impedire
865 2656 1015 2680 sororum

267 2693 470 2736 pacationem
487 2699 542 2727 aut
562 2704 749 2727 excessuum
764 2695 1014 2738 correctionem,

345 2741 425 2772 Bull.
449 2741 527 2773 Rom.
549 2742 604 2773 Vol.
619 2742 670 2773 IX.
851 2744 889 2774 29

1059 347 1169 380 dicens
1200 346 1387 390 superiores
1408 348 1540 387 propter
1564 342 1675 375 odium
1697 342 1745 375 vel
1765 342 1811 375 sa·

1060 411 1168 434 vorem
1187 399 1376 444 procedere,
1396 403 1451 430 aut
1468 396 1530 429 alia
1546 395 1676 436 similia,
1699 395 1810 429 eadem

1059 465 1164 498 poena
1201 453 1373 498 puniatur,
1410 462 1473 495 qua
1514 449 1738 494 conspirantes
1777 449 1810 482 in

1060 508 1260 552 priorissam.

1104 561 1135 596 Si
1161 573 1224 605 qua
1258 562 1379 595 litteras
1415 559 1559 593 missivas
1592 558 1737 602 recipere
1762 558 1810 591 vel

1059 615 1135 648 <lare
1155 620 1210 648 aut
1230 615 1351 658 legere,
1374 613 1441 647 sine
1462 612 1595 647 licentia
1622 611 1808 655 priorissae,

1059 668 1123 701 sive
1141 669 1309 713 quidpiam
1322 674 1411 702 extra
1424 666 1658 701 monasterium
1670 665 1809 706 mittere,

1060 727 1115 754 aut
1135 722 1193 754 sibi
1215 723 1288 756 data
1305 722 1364 755 sibi
1386 722 1446 766 ipsi
1463 720 1675 766 appropriare
1696 725 1813 753 autre-

1060 774 1162 808 tinere
1182 775 1457 819 praesumpserit3
1484 775 1632 808 similiter
1656 774 1753 807 etiam
1785 772 1810 805 si

1060 834 1194 872 propter
1213 829 1352 862 alicuius
1368 829 1488 862 sororis
1508 838 1674 861 excessum
1695 826 1812 870 aliquis

1061 882 1093 914 in
1104 883 1223 915 saeeulo
1241 882 1336 915 suerit
1349 882 1726 926 scandalizatus‚praeter
1737 891 1812 925 poe-

1060 946 1117 968 nas
1141 936 1173 969 in
1194 936 1244 969 his
1264 936 1550 969 constitutionibus
1570 941 1716 976 statutas,
1735 941 1812 969 tem-

1060 999 1138 1032 pore
1163 990 1317 1022 horarum
1340 989 1570 1022 canonicarum
1595 995 1626 1022 et
1646 989 1809 1022 actionum

1060 1042 1236 1085 gratiarum
1262 1049 1334 1086 post
1353 1043 1525 1087 prandium
1558 1048 1717 1087 prostrata
1737 1053 1810 1087 per-

1061 1102 1188 1129 maneat
1215 1102 1290 1129 ante
1311 1102 1437 1140 portam
1459 1096 1562 1137 chori,
1585 1097 1663 1130 dum
1684 1107 1811 1130 sorores

1062 1150 1316 1193 pertransibunt.

1237 1259 1282 1292 De
1301 1260 1498 1302 yrcwissima
1517 1259 1625 1304 culpa.

1352 1344 1427 1378 CAP.
1451 1343 1516 1378 XX.

1104 1426 1294 1461 Gravissima
1327 1428 1424 1473 culpa
1461 1435 1508 1462 est
1542 1429 1811 1474 incorrigibilitas

1060 1481 1146 1514 illius
1166 1492 1250 1525 quae
1270 1482 1383 1526 culpas
1415 1483 1618 1517 committere
1638 1494 1703 1517 non
1723 1495 1811 1518 vere-

1060 1541 1122 1575 tur,
1143 1540 1173 1568 et
1193 1535 1429 1579 poenitentiam
1450 1547 1606 1580 peragere
1624 1543 1762 1571 recusat.

1103 1589 1134 1622 Si
1156 1600 1219 1632 qua
1239 1590 1431 1633 apostasiam
1456 1590 1641 1632 incurrerit,
1662 1592 1710 1625 vel
1722 1597 1809 1625 extra

1060 1641 1177 1675 limites
1198 1649 1373 1676 conventus
1398 1654 1525 1687 egressa
1544 1644 1653 1686 suerit,
1675 1645 1756 1679 sciat
1775 1656 1808 1679 se

1061 1695 1092 1728 in
1112 1696 1285 1729 sententias
1306 1697 1662 1739 excommunicationis,
1683 1709 1809 1733 omnes-

1059 1760 1123 1793 que
1147 1750 1225 1783 alias
1246 1761 1398 1784 censuras
1425 1758 1456 1785 et
1485 1763 1606 1796 poenas
1630 1763 1667 1786 ex
1696 1753 1809 1787 decre-

1059 1803 1098 1837 tis
1121 1804 1203 1837 sacri
1228 1805 1388 1848 generalis
1409 1806 1537 1839 concilii
1558 1806 1750 1846 Tridentini,
1773 1817 1809 1840 ac

1058 1856 1129 1890 aliis
1148 1858 1333 1901 apostolicis
1351 1858 1561 1893 Summorum
1587 1860 1807 1894 Romanorum

1059 1910 1252 1944 Pontificum
1269 1912 1558 1947 constitutionibus
1575 1914 1809 1949 contrahuius-

1060 1964 1146 1997 modi
1167 1965 1390 2010 delinquentes
1409 1966 1559 2007 inflictas,
1576 1967 1645 2012 ipso
1660 1969 1743 2002 sacto
1758 1969 1807 2002 in-

1059 2029 1203 2060 currere,
1231 2025 1262 2052 et
1281 2019 1353 2053 ideo
1374 2019 1406 2053 in
1426 2031 1480 2053 eas
1502 2020 1678 2055 incurrisse
1699 2022 1807 2056 decla-

1058 2073 1190 2106 randam
1222 2073 1311 2115 fore,
1353 2084 1390 2107 ac
1417 2075 1556 2117 graviter
1593 2077 1807 2110 coercendam

1057 2132 1088 2160 et
1107 2126 1306 2170 puniendam
1327 2138 1394 2161 esse
1409 2134 1506 2172 prout
1518 2129 1614 2162 etiam
1635 2130 1805 2173 declarari,

1058 2181 1201 2214 coerceri
1222 2187 1251 2215 et
1274 2181 1382 2226 puniri
1407 2182 1588 2216 mandatur.

1101 2234 1291 2268 Gravissima
1309 2235 1405 2269 etiam
1424 2237 1519 2280 culpa
1536 2243 1583 2271 est
1596 2237 1621 2271 si
1634 2249 1698 2282 qua
1711 2238 1808 2272 suerit

1057 2288 1259 2329 inobediens,
1282 2295 1313 2322 et
1328 2289 1369 2323 ob
1383 2290 1585 2324 manifestam
1596 2291 1806 2327 rebellionem

1059 2343 1210 2376 mandato
1220 2343 1392 2387 priorissae
1405 2354 1462 2378 seu
1473 2345 1650 2389 superioris
1667 2346 1727 2380 sibi
1738 2358 1808 2391 spe-

1058 2396 1184 2429 cialiter
1202 2395 1250 2430 vel
1268 2397 1419 2431 omnibus
1430 2399 1625 2442 generaliter
1641 2400 1726 2434 sacto
1741 2411 1807 2434 non

1057 2449 1338 2494 obtemperaverit.

1102 2499 1133 2532 Si
1154 2511 1234 2544 qua,
1266 2500 1352 2543 quod
1372 2501 1474 2543 Deus,
1496 2502 1550 2545 qui
1577 2508 1625 2536 est
1651 2503 1807 2536 fortitudo

1058 2549 1204 2581 omnium
1221 2549 1253 2582 in
1265 2560 1298 2582 se
1317 2551 1531 2593 sperantium,
1543 2562 1609 2585 uon
1626 2552 1805 2596 permittat,

1059 2599 1090 2630 in
1111 2604 1279 2641 peccatum
1301 2600 1408 2632 carnis
1433 2600 1594 2634 inciderit.

1102 2648 1134 2682 Si
1155 2659 1217 2692 qua
1246 2649 1414 2693 proprium
1446 2650 1597 2684 habuerit
1624 2651 1671 2683 vel
1691 2661 1724 2683 se
1749 2651 1805 2683 ha-

1058 2697 1133 2730 bere
1154 2698 1299 2732 confessa
1319 2699 1432 2739 suerin
1455 2700 1540 2743 quod
1575 2700 1599 2733 si
1635 2700 1730 2733 etiam
1764 2700 1805 2733 ita

1703 271 1769 313 225
1827 290 1880 318 An.
1899 289 2010 318 c.1590
