2226 3070
204 284 256 309 Au.
273 283 301 308 c.
321 281 389 311 1535

235 715 345 734 {hirsutas
357 714 390 733 1η)

208 752 239 765 ius
255 745 391 765 consutuno—

443 270 510 302 Δῑὶζόϋ

404 344 471 364 esse
492 336 547 363 aut
578 333 655 370 lore,
676 330 730 362 sed
752 329 830 361 alias
852 329 936 360 iuxta
964 327 1082 370 prioris
1108 337 1159 358 rc-

405 383 595 418 servationis
617 385 753 415 sormam
776 388 806 414 et.
837 387 980 413 tenorem
1007 379 1038 411 in
1067 378 1161 411 dictis

407 437 552 470 terminis
568 436 704 480 persolvi
722 436 839 467 debere
861 440 889 467 et
911 433 942 465 in
963 443 1022 465 suo
1043 433 1160 465 robore

408 501 613 535 permanere,
629 489 764 533 perinde
780 499 817 520 ac
834 487 858 519 si
876 487 1043 519 decretum
1066 497 1159 530 prae-

409 543 590 577 decessoris
607 539 988 584 huiusmodiappositum
1010 539 1049 572 ab
1070 539 1160 572 initio

407 607 470 629 non
490 596 610 629 suisset.

450 652 465 694 ξ
491 651 520 683 9.
549 650 593 682 Ac
614 654 800 693 praesentes
821 647 942 680 litteras
963 647 1053 679 nullo
1079 652 1160 679 tem-

408 714 485 747 pore
505 703 544 736 de
565 701 784 745 subreptionis
795 701 841 733 vel
859 700 1057 744 obreptionis
1073 700 1160 740 vitio,

223 784 226 795 ,
273 784 276 795 ,
297 782 356 795 „w
379 787 391 790 ⁴
407 763 463 789 aut
481 756 670 789 intentionis
690 760 818 787 nostrae
831 754 879 787 vel
900 754 963 786 alio
983 753 1161 797 quovisde-

208 812 259 827 lit-t>
283 809 368 833 apponit

408 811 492 843 l‘ectu
516 809 620 842 notari
641 820 698 842 seu
721 807 902 851 impugnari
924 818 1029 850 posse:
1049 807 1160 850 sicque

410 864 442 895 in
469 862 654 906 praemissis
688 861 845 895 universis
875 866 905 893 et
936 860 1071 903 singulis
1104 871 1162 903 per

407 927 631 960 quoscumque
653 915 788 955 iudices,
817 914 998 947 ordinarios
1018 919 1049 946 et
1074 914 1160 946 dele-

406 976 508 1012 gatos,
530 969 640 1013 quavis
653 968 846 1001 auctoritate
866 968 1048 1010 fungentes,
1064 967 1160 999 etiam

407 1034 580 1056 causarum
602 1022 715 1055 Palatii
736 1020 911 1065 Apostoliei
935 1020 1100 1053 auditores
1125 1031 1160 1053 ac

408 1078 438 1110 S.
464 1077 498 1109 R.
523 1077 557 1109 E.
581 1076 774 1114 cardinales,
789 1074 915 1107 sublata
927 1074 973 1106 eis
997 1079 1028 1106 et
1048 1084 1160 1106 eorum

409 1130 542 1163 cuilibet
571 1130 682 1173 quavis
707 1129 801 1161 aliter
825 1125 990 1160 iudicandi
1011 1133 1042 1159 et
1062 1127 1161 1160 inter-

411 1183 558 1227 pretandi
580 1183 742 1223 facultate,
766 1181 901 1214 iudicari
923 1186 950 1214 et
970 1180 1162 1213 definiride—

408 1238 495 1277 bere,
517 1237 645 1270 irritum
670 1246 801 1279 quoque
835 1241 865 1268 et
894 1235 988 1267 inane
1018 1234 1042 1267 si
1068 1245 1161 1267 secus

409 1302 508 1335 super
527 1291 577 1323 liis
597 1302 614 1323 a
639 1300 862 1333 quocumque,
884 1288 993 1332 quavis
1018 1288 1160 1321 auctori-

411 1351 485 1384 taie,
512 1344 652 1377 scienter
676 1344 723 1376 vel
760 1343 956 1385 ignoranter,
992 1341 1160 1384 eontigerit

409 1398 579 1437 attentari3
602 1407 729 1430 necnon
750 1395 1045 1429 administratorem
1068 1405 1161 1437 prae-

407 1454 506 1485 latum
529 1458 556 1484 et
587 1450 773 1483 monasterii
807 1460 862 1483 seu
902 1448 1019 1481 domus
1048 1448 1161 1481 liuius-

409 1506 495 1538 modi
528 1516 588 1549 pro
621 1510 767 1548 tempore
793 1504 980 1536 existentem
1015 1503 1053 1535 ad
1080 1502 1161 1535 inte-

407 1571 496 1602 gram
514 1558 709 1591 solutionem
735 1557 901 1601 pensionis
927 1562 1067 1600 ‹piatuor
1093 1555 1163 1587 mil-

409 1613 488 1645 lium
515 1617 543 1644 et
568 1612 786 1644 ducentorum
814 1612 1014 1644 florenorum
1034 1608 1162 1653 praedi-

409 1666 466 1698 ctis
493 1664 609 1698 rectori
630 1665 679 1697 vel
700 1664 861 1708 superiori
891 1662 1019 1705 collegii
1044 1667 1075 1695 et
1095 1673 1163 1695 ere—

409 1724 478 1751 ctae
510 1718 728 1751 Universitatis
753 1717 941 1750 huiusmodi
969 1716 1160 1756 taciendam,

411 1773 497 1804 iuxta
529 1771 717 1815 posterioris
738 1770 975 1810 reservationis,
1007 1770 1162 1803 eonstitu-

410 1826 504 1858 tionis
520 1832 551 1857 et
570 1825 796 1867 assignationis
817 1824 1056 1868 praedictarum
1072 1829 1162 1857 teno-

408 1890 490 1918 rem,
514 1880 581 1911 sore
602 1879 777 1912 efficaciter
797 1878 967 1921 obligatos,
989 1889 1026 1911 ae
1053 1879 1163 1911 volen-

408 1939 455 1965 tes
483 1939 513 1965 et
545 1932 657 1965 eadem
685 1932 878 1965 auctoritate
903 1932 1080 1975 apostoliea
1103 1937 1164 1964 sta-

410 1991 536 2018 tuentes
564 1986 650 2029 quod
685 1986 737 2017 ille
772 1996 809 2018 ex
842 1985 1103 2018 administratore
1133 1991 1164 2018 ct

410 2039 650 2072 successoribus
670 2039 834 2082 praefatis,
858 2039 913 2082 qui
937 2039 968 2071 in
987 2039 1080 2072 dictis
1098 2045 1163 2071 ter-

411 2093 516 2133 minis,
540 2093 587 2125 vel
607 2093 718 2125 saltem
741 2092 824 2125 intra
846 2092 974 2135 triginta
1004 2092 1071 2126 dies
1091 2093 1162 2127 illo-

410 2158 480 2178 rum
505 2146 649 2189 singulos
668 2146 854 2179 immediate
877 2152 1059 2190 sequentes,
1084 2158 1163 2191 pen—

410 2200 533 2232 sionem
559 2206 699 2243 quatuor
719 2199 857 2232 millium
888 2206 917 2233 et
948 2200 1162 2234 ducentorum

411 2256 610 2286 florenorum
632 2253 819 2286 liuiusmodi
836 2264 893 2297 per
913 2264 988 2286 euin
1009 2260 1087 2287 tunc
1112 2255 1165 2287 de-

412 2307 509 2339 bitam
532 2318 596 2339 non
618 2307 817 2350 persolverit,
841 2307 938 2351 lapsis
967 2307 1081 2341 diebus
1101 2308 1163 2341 eis-

411 2360 497 2399 dem,
528 2360 718 2393 sententiam
745 2361 1089 2394 excommunicationis
1114 2362 1162 2395 in-

412 2420 533 2453 currat,
556 2424 573 2446 a
594 2424 657 2456 qua
678 2413 781 2446 donee
802 2414 920 2446 rectori
938 2415 984 2447 vel
1002 2415 1163 2459 superiori

413 2463 540 2505 collegii
581 2468 611 2495 et
641 2468 767 2495 erectae
798 2463 1017 2496 Universitatis
1051 2464 1163 2498 huius-

413 2512 499 2545 modi
524 2512 572 2545 vel
593 2522 706 2545 eorum
729 2512 933 2555 procuratori
956 2514 1105 2556 praefatis
1125 2514 1165 2547 de

413 2561 569 2604 pensione
589 2566 730 2603 quatuor
745 2561 881 2593 millium
900 2567 929 2594 et
947 2561 1164 2595 ducentorum

413 2611 611 2642 florenorum
633 2609 820 2642 huiusmodi
842 2621 900 2653 per
916 2621 990 2642 euin
1012 2616 1088 2643 tunc
1108 2612 1164 2644 de-

413 2659 478 2692 bita
501 2659 624 2703 integre
644 2659 854 2699 satisfactum,
876 2665 931 2692 aut
946 2659 1023 2693 alias
1035 2661 1165 2695 cumdi-

997 277 1014 298 Β
1020 274 1175 298 t'LLAtuUM
1201 272 1350 297 quANUM

1202 324 1261 357 ctis
1281 330 1407 357 rectore
1429 336 1485 357 scu
1505 325 1674 368 superiore
1694 326 1741 357 vel
1754 335 1867 358 eorum
1882 336 1954 369 pro-

1202 382 1351 410 curatore
1372 377 1517 421 praesato
1539 388 1637 421 super
1660 378 1720 410 hoe
1740 378 1956 411 amicabiliter

1202 431 1435 464 concordatum
1470 431 1578 471 suerit,
1606 436 1833 474 praeterquam
1855 431 1886 463 in
1907 442 1957 464 ar-

1203 485 1301 518 ticulo
1317 484 1430 518 mortis
1445 485 1651 522 constitutus,
1674 484 1887 517 absolutionis
1901 485 1956 518 he-

1203 539 1357 572 neficium
1378 545 1518 582 nequeat
1538 539 1696 572 obtinere.
1733 538 1764 571 si
1798 548 1872 571 vero
1898 548 1957 581 per

1203 604 1253 626 sex
1268 603 1395 625 menses
1412 592 1516 625 dictos
1532 592 1664 635 triginta
1684 591 1753 625 dies
1772 590 1958 624 immediate

1204 651 1376 689 sequentes
1393 646 1585 678 sententiam
1607 645 1707 689 ipsam
1727 645 1847 685 animo,
1870 644 1958 687 quod

1203 700 1296 740 absit,
1317 699 1530 732 substinuerit
1550 698 1715 738 indurato,
1737 709 1774 731 ex
1800 703 1888 738 tune,
1910 698 1957 731 es-

1203 753 1295 786 ssuxis
1312 753 1478 786 mensibus
1494 752 1680 796 praedictis,
1704 752 1780 796 ipsis
1800 750 1958 794 regimine

1203 812 1234 839 ct
1270 806 1551 839 administratione
1596 805 1783 838 monasterii
1814 815 1871 838 seu
1899 804 1957 837 do-

1204 870 1275 892 inus
1296 859 1484 892 huiusmodi
1504 864 1661 903 perpetuo
1678 859 1821 902 privatus
1836 849 1958 898 existat,

1969 271 2022 299 An.
2038 271 2068 299 C.
2088 271 2155 299 1585

1203 913 1352 956 illudque
1385 924 1440 945 seu
1481 912 1536 945 illa
1565 923 1676 945 vacare
1713 917 1882 945 censeatur
1919 922 1958 944 eo
2007 905 2011 908 ⁴

1205 977 1285 1011 lPSO-

1248 1020 1262 1063 ἓ
1282 1020 1335 1053 10.
1364 1019 1523 1059 Quocirca
1546 1019 1784 1053 venerabilibus
1804 1018 1958 1052 fratribus

1205 1073 1320 1107 nostris
1349 1073 1573 1116 Salzliurgensi
1605 1079 1635 1106 et
1665 1072 1866 1105 Amerinensi
1892 1072 1958 1116 epi-

1204 1127 1322 1171 seopis,
1350 1138 1386 1160 ac
1412 1127 1531 1160 dilecto
1556 1127 1624 1159 tilio
1649 1137 1818 1159 causarum
1844 1126 1958 1160 Curiae

1203 1181 1356 1214 Gamerae
1370 1181 1572 1224 Apostolieae
1586 1179 1728 1223 generali
1746 1179 1884 1212 auditori
1901 1190 1959 1223 per

1204 1234 1381 1277 apostoliea
1417 1234 1538 1278 scripta
1572 1234 1764 1266 mandamus
1799 1239 1959 1277 quatenus

1205 1288 1276 1331 ipsi,
1293 1287 1341 1320 vel
1363 1287 1427 1320 duo
1448 1293 1501 1320 aut
1524 1297 1608 1320 unus
1628 1297 1741 1320 eorum
1757 1314 1764 1327 ‚
1788 1298 1846 1331 per
1861 1298 1894 1320 se
1910 1288 1958 1321 rel

1204 1341 1303 1373 alium
1329 1352 1385 1373 seu
1406 1341 1498 1381 alios,
1521 1341 1638 1374 saciant
1665 1341 1855 1384 pensionem
1877 1352 1958 1385 qua-

1205 1400 1278 1427 tuor
1296 1394 1436 1426 millium
1465 1399 1496 1427 et
1516 1394 1731 1427 ducentorum
1759 1395 1958 1428 florenorum

1204 1447 1392 1480 huiusmodi
1422 1447 1539 1480 rectori
1566 1448 1613 1481 vel
1647 1448 1809 1492 superiori
1830 1449 1878 1482 vel
1903 1459 1958 1482 eo-

1205 1512 1277 1534 rum
1304 1502 1509 1545 procuratori
1539 1502 1712 1546 praefatis,
1743 1502 1832 1535 iuxta
1852 1507 1959 1546 poste-

1206 1554 1300 1588 rioris
1333 1555 1576 1595 reservationis,
1608 1555 1862 1595 constitutionis,
1884 1555 1961 1589 assi-

1205 1608 1367 1651 gnationis
1403 1614 1434 1641 et
1467 1608 1588 1642 decreti
1625 1615 1771 1642 tenorem
1786 1636 1793 1650 ‚
1835 1609 1960 1652 integre

1205 1662 1362 1705 persolvi3
1378 1668 1407 1695 et
1425 1662 1640 1696 nihilominus
1655 1663 1835 1706 quemlibet
1849 1674 1886 1697 ex
1906 1664 1961 1697 ad-

1207 1715 1481 1749 ininistmtorilnis
1502 1716 1688 1749 monasterii
1707 1728 1763 1750 seu
1784 1717 1912 1757 domus,
1929 1722 1961 1750 et

1205 1769 1448 1802 successoribus
1463 1770 1529 1803 suis
1550 1770 1714 1814 praefatis,
1731 1781 1828 1814 quem
1849 1771 1961 1804 huius-

1206 1823 1292 1856 modi
1324 1824 1668 1858 excommunicationis
1692 1825 1885 1858 sententiam
1917 1825 1961 1858 in-

1206 1877 1346 1911 currisse
1361 1877 1406 1910 eis
1426 1878 1617 1919 eonstiterit,
1638 1879 1765 1922 quoties
1785 1889 1884 1923 super
1898 1879 1962 1913 hoc

1206 1942 1264 1975 pro
1285 1937 1379 1975 parte
1399 1932 1535 1964 rectoris
1556 1933 1603 1965 vel
1629 1932 1808 1975 superioris
1834 1933 1962 1976 praedi-

1206 1990 1332 2018 ctorum
1345 1985 1466 2018 fuerint
1484 1986 1642 2029 requisiti,
1660 1986 1787 2020 easdem
1807 1997 1961 2030 praesen-

1206 2043 1252 2071 tes
1272 2044 1301 2071 et
1327 2039 1359 2071 in
1388 2039 1435 2072 eis
1455 2044 1605 2072 contenta
1628 2050 1858 2083 quaecumque
1877 2041 1961 2073 sole·

1206 2092 1326 2125 mniter
1369 2092 1589 2136 publicantes,
1625 2093 1748 2126 tamdiu
1788 2093 1963 2127 dominicis

1206 2150 1237 2177 et
1256 2144 1326 2178 aliis
1350 2146 1471 2178 festivis
1492 2146 1616 2187 diebus,
1644 2146 1675 2179 in
1703 2146 1860 2188 ecclesiis,
1882 2148 1960 2181 dum

1206 2197 1309 2231 maior
1334 2198 1414 2231 inibi
1443 2199 1556 2243 populi
1587 2199 1760 2233 multitudo
1789 2201 1829 2234 ad
1853 2201 1962 2234 divina

1206 2252 1415 2293 convenerit,
1466 2254 1783 2288 excommunicatum
1832 2255 1962 2299 publice

1206 2306 1373 2347 nuncient,
1397 2317 1433 2339 ac
1454 2308 1572 2340 saciant
1592 2308 1631 2341 ab
1651 2308 1723 2341 aliis
1739 2309 1902 2349 nuneiari,
1923 2320 1962 2343 ac

1205 2360 1245 2392 ab
1274 2360 1427 2394 omnibus
1446 2361 1567 2394 arctius
1587 2361 1751 2395 observari
1771 2368 1802 2396 et
1834 2363 1959 2404 evitari,

1206 2413 1309 2447 donee.
1330 2414 1447 2448 rectori
1474 2415 1522 2447 rel
1542 2415 1703 2459 superiori
1724 2422 1779 2449 aut
1803 2427 1960 2461 procura-

1207 2463 1267 2496 tori
1293 2464 1447 2507 praet'atis
1475 2464 1514 2497 de
1544 2464 1698 2508 pensione
1722 2471 1861 2509 quatuor
1889 2466 1961 2498 mit-

1207 2514 1286 2546 lium
1312 2520 1343 2548 et
1372 2515 1588 2548 ducentorum
1619 2515 1818 2548 florenorum
1849 2516 1960 2549 huius-

1207 2563 1294 2596 modi
1324 2568 1400 2596 tunc
1430 2563 1538 2596 debita
1567 2564 1664 2597 suerit
1688 2564 1812 2607 integre
1839 2564 1960 2598 satissa-

1208 2618 1310 2652 ctum,
1331 2613 1463 2656 ipseque
1481 2613 1781 2647 excommunicatus
1791 2614 1832 2647 ab
1848 2614 1959 2648 huius-

1209 2661 1297 2696 modi
1322 2661 1667 2699 cxcommunicationis
1690 2663 1849 2697 sententia
1868 2663 1960 2699 abso·

2027 1033 2156 1055 unet-utores

1973 1070 2059 1092 qnoque
2083 1065 2154 1091 depu-

1973 1098 2007 1116 tat.
