2226 3070
41 292 90 318 An.
109 291 137 318 C.
155 289 219 317 1591

53 825 120 848 Quota
128 830 166 851 pre
175 825 218 846 t'eu.

32 852 121 872 datariis
136 858 147 872 a
158 852 218 872 viee-

32 879 101 904 legate
109 879 217 903 wdetun·

838 287 1016 314 GREGORIUS
1036 290 1088 314 xlv
1109 289 1159 314 PP.

233 337 472 379 declarandam,
496 343 527 371 et
544 338 635 371 fieret
654 338 814 382 separatio
846 338 974 371 debito-

232 402 304 424 rum
325 402 384 435 pro
405 391 498 425 dictis
518 391 622 425 causis
639 397 876 425 contractorum
897 392 978 424 infra

232 450 295 478 tres
309 455 433 478 menses
451 445 624 488 proximos,
635 445 732 478 modo
744 451 774 478 ct
788 446 889 478 forma
904 455 978 478 con-

232 498 326 531 tentis
346 498 377 530 in
396 498 600 542 praecedenti
627 498 773 539 articulo,
808 504 835 531 et
865 509 979 531 seeun-

232 551 310 584 dum
332 551 525 585 divisionem
546 552 703 592 liendam;
727 552 900 594 etquilibct
914 557 977 584 sta-

233 610 282 638 tus
302 605 479 648 susciperet
498 615 588 638 suam
610 610 740 645 cottam,
765 605 807 637 ita
831 610 864 637 ut
895 615 977 637 unus

232 664 332 691 status
363 669 427 691 non
459 663 622 691 teneretur
654 668 712 702 pro
745 658 819 698 alio,
851 664 879 691 et
913 668 977 690 me-

234 712 341 745 diante
359 722 396 744 ac
416 712 497 744 sacta
518 711 677 744 solutione
698 717 802 744 cottae
823 711 977 744 taxandae

233 777 291 810 per
311 766 431 798 dictum
452 765 689 807 viee-legatum,
713 764 788 798 dicti
809 765 977 797 feudatarii

233 819 389 851 deberent
409 829 477 851 esse
497 818 596 862 quieti
617 824 648 851 et
665 818 790 851 liberati
813 829 831 851 a
862 818 977 851 debitis

234 878 264 905 et
284 872 437 916 impensis
457 872 545 905 sactis
566 872 702 905 durante
723 878 868 915 tempore
887 883 978 915 prae-

233 926 330 967 dicto,
354 931 418 959 tam
438 936 496 970 per
530 925 651 959 dictum
684 925 813 958 tertium
844 931 973 964 statum,

232 990 328 1023 quam
351 979 598 1012 communitates
624 978 719 1019 illius,
753 978 976 1011 concernenti-

232 1032 291 1065 bus
317 1038 425 1065 tamen
453 1032 603 1074 generale
638 1031 741 1064 dictae
777 1031 909 1074 patriae,
946 1037 975 1064 et

232 1097 314 1130 quae
335 1086 498 1119 intrabant
517 1086 565 1118 vel
586 1085 749 1118 habebant
774 1085 892 1118 intrare
923 1094 976 1127 ge-

232 1140 374 1173 neralem
395 1139 660 1183 perequationem
675 1138 779 1171 dictae
792 1138 913 1182 patriae
923 1149 929 1177 ;
940 1148 976 1170 ac

232 1193 319 1237 quod
339 1203 398 1237 pro
418 1192 634 1237 praestatione
654 1202 772 1225 avenae
793 1191 862 1224 lieri
883 1192 975 1224 solita

232 1246 448 1290 praesidiariis
473 1246 629 1279 militibus
654 1245 810 1289 equestris
840 1244 972 1285 ordinis,

231 1300 380 1333 similiter
399 1300 638 1344 relinqueretur
669 1299 755 1332 dicto
782 1298 976 1341 vice-legato

233 1354 440 1387 iudicandum
461 1364 558 1398 super
578 1353 816 1387 contributione
833 1352 977 1385 facienda

232 1407 402 1441 occasione
415 1407 523 1441 'dictae
543 1417 678 1447 avenae3
702 1406 774 1439 etsi
796 1406 865 1439 fieri
879 1406 976 1439 debe-

234 1468 293 1503 ret,
318 1467 504 1495 tenerentur
524 1471 654 1505 quoque
675 1461 751 1494 dicti
771 1460 880 1493 vasalli
902 1470 978 1493 eon-

234 1516 386 1556 tribuere,
406 1515 628 1558 unusquisque
645 1520 753 1547 tamen
774 1514 806 1546 in
826 1513 890 1546 suis
912 1514 978 1546 seu-

235 1570 295 1611 dis,
319 1570 359 1603 ad
381 1569 489 1603 debita
507 1575 538 1602 et.
558 1569 719 1612 impensas
751 1568 848 1601 saetas
877 1578 978 1611 usque

236 1623 266 1655 in
285 1623 369 1656 diem
390 1622 612 1656 transactionis
625 1621 809 1654 huiusmodi
821 1631 878 1664 per
889 1631 979 1654 eom-

236 1676 406 1710 munitates
424 1676 632 1720 particulares
652 1674 846 1708 feudatarios
860 1674 979 1707 liaben-

235 1736 291 1770 tes,
314 1740 373 1773 pro
401 1730 603 1773 reparatione
635 1728 793 1772 pontium,
829 1727 976 1767 sontium,

235 1784 384 1816 itinerum
413 1788 441 1816 et
462 1783 615 1823 aliorum,
639 1783 670 1815 in
701 1782 817 1826 quibus
841 1782 880 1814 dc
911 1781 979 1814 iure

235 1841 433 1876 tenerentur,
454 1835 540 1879 quod
570 1841 601 1868 et.
631 1845 689 1879 pro
719 1834 831 1868 futuris
866 1844 979 1878 perpe-

235 1890 295 1923 tuis
330 1889 529 1933 temporibus
568 1889 807 1928 ol:›servaretur;
852 1898 978 1922 necnon

233 1944 320 1989 quod
340 1943 473 1988 posthac
494 1949 525 1976 et.
544 1954 602 1987 pro
629 1943 743 1976 futuris
776 1942 978 1986 temporibus

233 1998 309 2031 dicti
338 1996 504 2030 feudatarii
527 2002 658 2040 possent
688 1995 853 2029 verificare
880 1996 975 2035 bona,

233 2062 315 2095 quae
335 2051 586 2095 praetendebant
608 2060 676 2083 esse
696 2050 735 2083 de
756 2048 848 2082 dictis
866 2059 978 2082 eorum

234 2104 348 2145 feudis,
372 2110 403 2137 et
432 2103 570 2137 feudalia
599 2103 777 2136 secundum
808 2108 975 2142 tenorem,

235 2157 368 2190 modum
389 2163 420 2190 et
445 2157 582 2190 sormam
614 2156 659 2189 eis
686 2156 916 2200 praescriptam
947 2156 978 2188 in

233 2210 321 2244 brevi
342 2216 491 2243 emanato
512 2221 529 2243 a
547 2210 633 2243 Sixto
663 2209 890 2253 pradecessore
917 2209 978 2241 liu-

234 2264 385 2305 iusmodi,
398 2269 429 2297 et
445 2274 531 2304 casu,
549 2274 613 2307 quo
631 2263 748 2296 vellent
765 2262 882 2304 eligere
896 2261 977 2294 viam

234 2318 466 2362 probatoriam‚
487 2322 674 2350 tenerentur
701 2316 780 2348 illud
815 2316 980 2348 declarare

236 2371 318 2404 infra
346 2378 471 2414 tempus
506 2376 561 2403 aut
579 2369 716 2413 spatium
737 2380 789 2402 sex
821 2369 978 2402 mensium

237 2425 421 2458 immediate
457 2424 672 2468 sequentium,
715 2429 743 2455 et
773 2422 979 2466 postmodum

237 2478 392 2522 perficere
413 2488 525 2511 eorum
547 2476 753 2520 probationes
766 2475 980 2519 etseparatio-

237 2544 293 2566 nes
325 2533 483 2566 dictorum
516 2532 695 2571 bonorum,
720 2530 804 2562 iuxta
843 2530 979 2562 sormam

238 2586 336 2630 ipsius
356 2585 471 2625 brevis,
493 2585 574 2617 infra
595 2584 674 2616 alios
698 2594 751 2616 sex
777 2592 903 2615 menses
924 2592 980 2625 po-

237 2645 304 2672 stea
320 2644 490 2682 sequentes
510 2647 569 2681 pro
589 2636 675 2669 omni
712 2641 741 2668 et
776 2645 981 2678 quacumque

239 2691 406 2732 dilatione,
420 2690 598 2733 eademque
611 2689 660 2722 via
674 2688 784 2729 electa,
801 2687 886 2721 bona
900 2698 981 2731 quae

290 2755 368 2782 Bull.
386 2755 468 2784 Rom.
488 2754 546 2781 Vol.
562 2753 600 2780 lx
798 2751 833 2778 60

1662 278 1726 310 47ῑῖ

1012 349 1076 371 non
1098 338 1312 381 probarentur
1330 347 1386 380 per
1406 346 1459 369 eos
1487 336 1635 375 feudalia,
1661 346 1752 368 com-

1012 397 1202 435 putarentur
1223 390 1404 424 insolidum
1425 389 1506 422 inter
1526 389 1755 422 bonaallodia-

1013 445 1053 477 lia
1075 444 1155 477 intra
1177 455 1273 487 quam
1289 443 1475 476 dilationem
1495 442 1590 475 etiam
1610 442 1756 474 hemines

1013 498 1087 531 dicti
1110 498 1190 531 tertii
1213 504 1311 531 status
1332 503 1458 541 possent
1480 496 1643 529 verificare
1658 496 1753 533 bona,

1012 563 1093 595 quae
1115 552 1365 595 praetendebant
1384 562 1451 584 esse
1465 550 1638 588 allodialia,
1661 550 1686 582 si
1701 550 1756 582 bo-

1012 615 1089 637 num
1111 605 1155 637 eis
1176 605 1347 637 videretur.
1372 604 1528 647 Quodque
1548 603 1572 636 si
1595 603 1670 635 dicti
1690 603 1756 635 seu-

1012 658 1125 691 datarii
1144 659 1264 691 nollent
1287 658 1404 697 eligere
1425 658 1542 689 dictam
1569 656 1650 688 viam
1679 666 1754 699 pro-

1011 712 1180 751 batoriam‚
1205 718 1279 744 tune
1300 711 1465 755 sequentia
1497 716 1599 743 essent
1627 716 1654 742 et
1682 720 1755 742 cen-

1011 771 1158 798 serentur
1189 765 1337 803 feudalia,
1361 764 1528 797 videlicet:
1564 763 1753 799 iurisdictio,

1011 825 1151 852 castrum
1179 818 1385 851 habitationis
1405 828 1477 850 eum
1499 817 1563 849 suis
1588 816 1753 853 aediliciis,

1012 872 1104 905 horto
1123 878 1153 905 et
1173 871 1316 905 curtibus
1337 870 1500 914 possidere
1520 870 1620 903 solitis
1641 876 1669 902 et
1692 869 1756 902 cxi-

1011 926 1166 958 stentibus
1187 925 1269 958 intra
1286 924 1441 968 oppidum
1463 923 1536 961 loci,
1561 924 1591 955 in
1612 933 1676 966 quo
1698 934 1753 955 ca-

1010 985 1111 1012 strum
1132 984 1179 1012 est
1198 978 1306 1019 situm,
1321 978 1361 1010 ad
1382 987 1475 1010 usum
1497 977 1571 1009 dicti
1590 977 1684 1009 castri
1703 977 1756 1009 de-

1010 1033 1133 1065 stinatis
1154 1042 1284 1074 garena,
1308 1030 1454 1074 pedagia,
1478 1030 1595 1069 banna,
1632 1029 1752 1072 leydae,

1010 1085 1221 1129 pulmeragia,
1260 1094 1386 1117 necnon
1416 1093 1550 1115 nemora
1581 1083 1756 1125 (quatenus

1011 1139 1094 1172 dicta
1112 1148 1247 1171 nemora
1272 1138 1377 1170 serent
1407 1135 1583 1179 antiquitus
1612 1145 1756 1178 possessa

1010 1192 1049 1224 ab
1069 1192 1144 1235 ipsis
1163 1190 1372 1232 feudatariis),
1385 1199 1486 1233 aquae
1496 1194 1603 1221 autem
1618 1194 1649 1221 et
1660 1198 1757 1231 aqua-

1010 1256 1081 1278 rum
1100 1245 1253 1278 decursus
1283 1244 1325 1277 ita
1361 1243 1492 1276 demum
1530 1248 1758 1286 reputarentur

1011 1299 1152 1332 feudales
1172 1304 1224 1331 aut
1246 1308 1313 1331 esse
1331 1297 1370 1330 de
1392 1296 1500 1335 feudo,
1516 1295 1541 1328 si
1556 1301 1584 1328 et
1599 1301 1757 1338 quatenus

1011 1353 1185 1396 probarent
1206 1352 1276 1384 illas
1293 1361 1328 1383 ex
1351 1360 1446 1382 causa
1471 1354 1525 1382 aut.
1550 1348 1757 1381 concessione

1011 1406 1116 1439 valida
1134 1412 1163 1439 et
1185 1405 1342 1447 legittima
1361 1403 1577 1447 acquisivisse,
1607 1408 1638 1435 et
1669 1402 1754 1435 obti—

1012 1470 1088 1493 nerc
1110 1460 1188 1493 citra
1210 1458 1442 1502 praeiudicium
1471 1467 1547 1489 usus
1578 1455 1697 1499 publici
1727 1461 1755 1487 et

1013 1514 1090 1547 iuris
1111 1513 1207 1553 tertii,
1230 1512 1255 1545 si
1273 1522 1355 1555 quae
1373 1517 1478 1544 extare
1496 1516 1547 1543 aut
1574 1514 1757 1552 competere

1012 1567 1241 1611 reperirentur.
1258 1565 1369 1604 Quoad
1380 1574 1455 1597 vero
1474 1574 1599 1604 census,
1614 1563 1753 1601 servitia,

1013 1628 1152 1665 tasquas,
1176 1620 1297 1653 directa
1315 1618 1468 1659 domiiiia,
1493 1619 1614 1658 furnos,
1638 1618 1759 1649 banna-

1014 1681 1098 1708 relos
1119 1681 1148 1707 et
1176 1674 1303 1714 similia,
1337 1673 1534 1711 molendina,
1568 1672 1756 1708 bannareta,

1013 1729 1038 1762 si
1059 1739 1141 1772 quae
1162 1733 1266 1761 essent
1286 1737 1431 1771 possessa
1451 1737 1509 1770 per
1529 1726 1630 1759 dictos
1652 1725 1760 1758 feuda-

1016 1782 1123 1823 tarios,
1147 1786 1374 1825 reputarentur
1395 1780 1544 1819 feudalia,
1569 1779 1594 1812 si
1616 1785 1645 1812 et
1678 1788 1757 1821 qua-

1014 1842 1105 1869 tenus
1126 1846 1162 1868 ex
1181 1834 1426 1879 probationibus
1447 1833 1598 1876 legitimis
1612 1838 1643 1865 et.
1659 1843 1677 1864 a
1691 1832 1760 1864 iure

1014 1889 1201 1934 approbatis
1229 1888 1472 1921 verificarentur
1502 1897 1570 1919 esse
1607 1885 1755 1919 feudalia.

1013 1945 1056 1977 De
1077 1943 1209 1986 reliquis
1230 1952 1304 1975 vero
1325 1941 1429 1981 bonis,
1444 1951 1526 1984 quae
1540 1939 1598 1983 ipsi
1618 1940 1760 1972 feudata—

1014 1997 1051 2030 rii
1073 1996 1236 2029 habebant,
1256 2001 1284 2027 et
1318 1994 1470 2027 tenebant
1506 1992 1695 2031 imn‘tobilia,
1730 1998 1759 2024 et

1014 2050 1145 2094 praedia
1169 2050 1233 2083 sive
1265 2049 1382 2082 rustica
1401 2048 1466 2081 sive
1486 2047 1621 2085 urbana,
1646 2045 1756 2078 cuius-

1014 2115 1153 2148 cumque
1174 2108 1279 2135 essent
1298 2108 1443 2139 naturae,
1467 2100 1526 2132 sita
1547 2106 1575 2132 et
1601 2109 1756 2143 possessa,

1014 2164 1089 2191 tunc
1110 2167 1166 2200 per
1187 2156 1288 2189 dictos
1313 2154 1506 2188 feudatarios
1539 2153 1621 2186 intra
1652 2153 1758 2186 locum

1014 2216 1045 2244 et
1066 2209 1261 2243 territorium
1284 2208 1427 2241 eiusdem
1442 2207 1538 2247 feudi,
1552 2206 1760 2249 insequendo

1014 2263 1265 2296 declarationem
1286 2268 1315 2294 et
1337 2260 1574 2293 ordinationem
1595 2270 1691 2302 super
1723 2259 1760 2291 iis

1013 2316 1110 2349 verbo
1132 2316 1248 2348 factam
1276 2325 1332 2358 per
1364 2314 1486 2347 dictum
1514 2313 1756 2355 vice-legatum,

1014 2368 1130 2401 auditis
1151 2368 1295 2412 partibus
1316 2368 1378 2400 iam
1400 2367 1502 2407 dictis,
1538 2366 1611 2399 licet
1645 2366 1757 2399 eadem

1015 2421 1174 2455 ordinatio
1195 2432 1260 2454 non
1282 2421 1364 2454 soret
1388 2421 1517 2453 redacta
1553 2420 1584 2452 in
1620 2419 1757 2462 seriptis,

1015 2480 1154 2508 attamen
1187 2474 1271 2507 iuxta
1303 2474 1390 2506 illam
1421 2479 1526 2517 partes
1562 2472 1757 2516 praedictae,

1015 2527 1201 2561 nominibus
1221 2527 1425 2571 supradictis,
1460 2531 1675 2560 convenerant
1702 2536 1760 2568 pro

1015 2582 1101 2614 bono
1122 2580 1209 2624 pacis
1230 2581 1269 2613 ad
1297 2581 1397 2624 ipsam
1419 2580 1670 2613 controversiam
1697 2585 1760 2610 ter-

1017 2634 1213 2675 minandam,
1238 2634 1325 2677 quod
1356 2644 1420 2666 una
1441 2633 1574 2666 dimidia
1606 2642 1678 2675 pars
1706 2641 1760 2663 co-

1016 2688 1164 2721 rumdem
1187 2688 1348 2721 bonorum
1369 2688 1550 2721 declaretur
1571 2692 1598 2718 et
1621 2690 1699 2718 esset
1714 2684 1760 2717 al-

1774 288 1823 313 An.
1842 288 1869 314 C.
1889 287 1950 313 1501

1771 615 1829 636 Qun«-
1845 614 1897 632 lti=ltt
1914 616 1945 632 teu

1771 640 1825 659 :laiht
1849 643 1886 659 χιιιῐ
1908 647 1955 659 vvir

1888 674 1911 684 't'
1928 673 1937 685 J!

1770 672 1812 685 <ein
1824 673 1842 687 a,
1858 676 1868 691 ιλ

1772 694 1864 712 tertiata„
