2226 3070
38 315 90 343 ΛΠ.
107 313 127 340 C
152 312 221 341 1590

835 339 840 347 Ι
900 311 1003 335 SleUs
1023 311 1041 334 v
1061 311 1108 335 1¹1³.

236 365 395 408 partibus,
426 364 490 398 sive
518 364 602 398 inter
630 364 733 398 dictos
759 364 938 409 capitulum
960 370 989 397 et
1033 364 1200 403 indirecte,
1222 363 1438 396 communiter
1454 363 1500 395 vel
1519 363 1657 402 divisim,
1675 373 1712 395 ae
1733 373 1786 395 eo-

1677 300 1741 334 185
1803 313 1854 340 Λα,
1872 311 1900 339 c.
1920 313 1987 341 1590

237 418 411 452 canonicos
431 418 614 462 praedictos
633 417 681 450 vel
711 428 822 451 eorum
851 417 990 460 quemli—
1033 429 1104 451 rum
1126 418 1300 451 cuiuslibet
1319 416 1604 456 concernentibus,
1628 417 1789 460 rebusque

236 472 301 514 bet,
328 483 364 506 ac
387 472 616 512 beneficiatos,
640 472 776 505 clericos
803 482 858 505 seu
885 472 991 515 capel·
1033 472 1104 504 aliis
1132 472 1163 504 in
1185 472 1263 504 actis
1284 482 1400 504 causae
1421 477 1451 504 et
1481 481 1653 503 causarum
1676 470 1788 502 liuius-

238 526 328 559 lanos
349 526 530 570 praedictos
549 526 595 558 vel
617 536 842 568 quoscumque
863 535 988 564 eorum,

238 590 346 612 coram
367 580 632 623 quibuscumque
654 578 829 617 iudicibus,
861 578 991 611 ordina-

239 633 305 674 riis,
328 633 608 672 extraordinariis,
630 631 860 665 commissaliis
876 636 907 664 et
923 642 992 663 exe-

238 687 426 727 cutoribus,
460 686 555 719 etiam
585 691 714 718 sanctae
743 685 907 718 Romanae
936 685 994 717 Ec-

239 740 355 773 clesiae
380 739 612 779 cardinalibus,
635 749 671 772 ac
696 739 794 771 Rotae
820 744 847 771 et
881 749 993 771 causa-

239 803 312 826 rum
332 793 447 826 Curiae
467 793 620 826 Gamerae
641 792 843 836 Apostolicae
869 792 995 825 audito-

241 847 331 880 ribus
362 853 392 880 et
418 846 699 886 locatenentibus,
733 856 831 889 super
860 846 995 889 quibus-

240 911 382 944 cumque
399 901 508 941 rebus,
524 900 617 933 bonis
629 905 659 933 et
676 900 888 944 pecuniarum
906 910 993 931 sum-

242 954 313 994 mis,
348 954 443 987 etiam
473 954 583 997 vigore
607 953 812 997 obligationis
837 953 870 986 in
891 954 996 986 forma

241 1009 394 1043 Gamerae
415 1009 619 1053 Apostolicae
639 1014 796 1042 vertentes
808 1012 838 1040 et
850 1007 995 1051 penden-

243 1069 288 1096 tes
326 1062 524 1106 respective,
560 1062 705 1095 omnium
731 1068 761 1095 et
793 1061 994 1104 singularum

241 1123 342 1150 status
357 1123 387 1150 et
403 1117 532 1156 merita,
545 1116 744 1159 nominaque
756 1121 786 1149 et
802 1115 995 1159 cognomina

242 1177 272 1204 et
286 1170 470 1214 qualitates,
489 1176 550 1202 tam
573 1169 714 1213 partium
733 1175 764 1202 et
781 1178 994 1212 personarum

243 1224 495 1268 praedictarum,
517 1233 613 1267 quam
638 1223 734 1256 etiarn
760 1233 869 1256 rerum
899 1232 997 1266 super

241 1278 360 1322 quibus
380 1278 532 1322 pendent,
560 1288 620 1321 pro
645 1277 802 1321 expressis
827 1276 995 1316 habentes,

242 1332 280 1365 ad
298 1342 356 1365 nos
376 1342 434 1375 per
451 1337 637 1376 praesentes
656 1336 837 1371 avocantes,
860 1330 997 1374 illasque

242 1387 275 1419 in
291 1391 376 1419 statu
397 1391 429 1418 et
444 1385 591 1419 terminis
607 1386 639 1418 in
653 1385 771 1429 quibus
791 1385 830 1417 ad
846 1395 997 1428 praesens

242 1440 464 1483 reperiuntur,
497 1445 527 1472 et
546 1450 626 1483 quas
646 1439 676 1472 in
709 1440 855 1472 futurum
877 1437 997 1471 moveri

243 1494 282 1526 de
298 1504 381 1527 novo
401 1493 585 1536 contigerit„
610 1499 673 1525 tam
695 1493 795 1525 active
809 1502 905 1536 quam
928 1501 999 1535 pas-

244 1547 320 1587 sive,
342 1547 437 1580 etiam
459 1558 516 1590 per
536 1547 719 1590 praedictos
737 1546 922 1586 canonicos,
951 1556 999 1577 ca-

245 1600 397 1645 pitulum,
416 1600 644 1641 beneficiatos,
668 1599 803 1633 elericos
833 1606 862 1632 et
889 1599 997 1643 capel-

246 1655 347 1695 lanos,
367 1664 423 1687 seu
445 1664 558 1687 eorum
571 1653 761 1697 quemlibet,
777 1659 889 1686 contra
905 1663 999 1696 quas-

245 1719 385 1752 cumque
410 1718 584 1752 personas,
610 1714 807 1746 conventus,
841 1707 997 1749 collegia,

246 1762 397 1806 capitula,
423 1762 659 1801 universitates,
683 1761 862 1801 societates,
889 1761 999 1804 bospi-

247 1816 321 1849 talia
347 1821 378 1848 et
397 1817 468 1849 loca
497 1826 737 1859 quaecumque,
769 1814 948 1848 saecularia
970 1820 1001 1847 et

244 1870 433 1914 quorumvis
447 1869 615 1910 Ordinum,
631 1868 823 1902 militiarum
848 1874 878 1901 et
893 1869 1000 1912 hospi-

247 1923 359 1957 talium
390 1923 565 1966 regularia,
596 1923 797 1968 privilegiata
827 1923 922 1956 etiam
944 1933 1001 1966 per

248 1977 428 2022 praedictos
444 1977 618 2011 canonicos
638 1983 667 2010 et
682 1977 874 2021 capitulum,
888 1982 1001 2009 contra

246 2031 467 2072 beneficiatos,
483 2031 619 2064 clericos
647 2036 678 2064 ct
700 2031 885 2075 capellanos
910 2041 1002 2076 prae-

248 2085 363 2125 dictos,
385 2095 483 2129 super
503 2084 765 2128 quibuscumque
787 2084 1000 2128 pecuniarum

251 2139 395 2179 summis,
411 2138 577 2172 benefieiis
590 2138 828 2179 ecclesiasticis,
842 2137 1002 2178 censibus,

253 2192 430 2225 canonibus
459 2192 570 2233 tritici,
596 2192 706 2235 grani,
732 2192 817 2233 vini,
846 2192 1002 2236 pecunia-

255 2253 324 2277 rum
345 2252 400 2279 aut
423 2245 560 2279 aliarum
584 2256 693 2279 rerum
723 2245 1002 2289 responsionibus,

255 2297 392 2340 praediis
407 2300 570 2343 rebusque
586 2305 615 2332 et
631 2299 725 2332 bonis
748 2299 787 2331 ad
810 2309 1003 2342 quamcum-

253 2361 316 2393 que
343 2353 557 2395 pecuniarum
591 2363 773 2393 summam,
807 2363 1003 2392 numerum,

252 2405 463 2447 quantitatem
484 2412 514 2440 et
528 2406 670 2439 valorem
685 2405 947 2446 ascendentibus,
967 2407 1004 2439 ad

252 2457 369 2490 dictam
384 2458 549 2492 basilicam
560 2465 615 2492 aut
626 2459 671 2491 illi
684 2459 791 2492 unitas
804 2459 852 2492 vel
868 2470 1006 2493 annexas

253 2508 405 2541 ecelesias
421 2514 453 2541 et
473 2508 689 2552 parochiales,
712 2519 768 2542 seu
796 2508 864 2541 eius
885 2508 1005 2552 capitu-

253 2557 331 2597 lum,
357 2557 540 2598 canonicos,
567 2557 787 2597 beneficiatos,
821 2557 956 2590 elericos
977 2563 1005 2590 et

253 2606 428 2647 ministros,
447 2607 543 2639 etiam
566 2607 725 2650 privatim,
746 2618 781 2639 ae
797 2607 923 2639 ratione
939 2607 1005 2639 sin-

252 2655 402 2697 gularum
430 2665 644 2698 personarum
670 2655 914 2699 quomodolibet
937 2666 1006 2699 spe-

253 2704 426 2746 ctantibus,
441 2711 493 2737 aut
507 2715 622 2739 eorum
637 2705 801 2746 interesse,
821 2705 942 2738 directe
958 2706 1006 2738 vel

332 2754 406 2784 Bun.
429 2754 506 2785 Rom.
535 2754 589 2785 Vol.
612 2754 658 2785 IX.
848 2755 886 2785 24

1036 525 1121 558 modi
1140 525 1234 558 latius
1255 525 1401 558 deductis
1422 530 1451 557 et
1472 524 1681 563 deducendis,
1703 529 1733 556 et
1751 524 1789 555 il-

1035 580 1140 612 lorum
1162 580 1344 619 occasione,
1367 589 1440 612 cum
1460 577 1610 611 omnibus
1630 583 1658 610 et
1684 577 1791 619 singu-

1036 633 1073 665 lis
1099 633 1163 665 suis
1194 633 1437 673 incidentibus,
1471 631 1727 675 dependentibus
1762 636 1787 664 et

1036 686 1288 729 emergentibus,
1311 685 1443 719 annexis
1473 691 1502 718 et
1537 684 1701 723 connexis,
1736 684 1790 717 tibi

1036 745 1158 782 tuoque
1176 740 1343 783 praedicto
1358 739 1476 771 vicario
1493 749 1581 771 nunc
1597 743 1628 771 et
1641 748 1699 781 pro
1714 743 1792 771 tem-

1037 803 1115 836 pore
1137 803 1194 836 per
1217 799 1245 825 te
1269 793 1435 836 deputato:

1081 846 1147 890 §3
1170 846 1364 885 Summarie‚
1389 845 1582 889 simpliciter
1607 850 1637 877 et
1661 845 1700 877 de
1726 845 1789 888 pla·
1835 855 1977 880 uunquam..

1039 910 1092 939 no,
1125 899 1193 932 sinc
1219 900 1356 943 strepitu
1387 905 1412 932 et
1444 900 1546 941 ligura
1575 898 1698 939 iudicii,
1726 898 1791 930 sola
1810 889 1843 936 ¹0‘33
1866 892 1981 943 ,ξ’ῗὶνζῖζᾏ

1038 952 1169 986 veritate
1194 953 1267 985 sacti
1296 953 1452 995 inspecta,
1477 958 1503 984 et
1531 959 1691 995 quatenus
1712 962 1794 995 opus
1810 948 1991 1005 2³:2¹1'yf'pfljjz'ug20‘*¹⁴

1037 1007 1088 1047 sit,
1116 1007 1294 1045 executive,
1322 1009 1417 1039 etiam
1437 1016 1535 1038 manu
1554 1005 1654 1048 regia,
1672 1005 1793 1048 absque

1040 1060 1251 1093 terminorum
1293 1058 1555 1091 substantialium
1592 1064 1623 1091 et.
1655 1058 1794 1091 alicuius

1038 1114 1120 1147 telae
1138 1113 1329 1146 iudiciariae
1342 1112 1578 1151 observatione,
1597 1111 1661 1145 sive
1684 1113 1792 1145 conse-

1039 1167 1146 1201 ctionc
1168 1167 1301 1210 regestri
1314 1166 1378 1199 sive
1393 1171 1566 1206 extractus,
1589 1176 1793 1209 quacumque

1039 1221 1258 1265 appellatione
1276 1219 1467 1264 postposita,
1485 1219 1581 1253 etiam
1595 1229 1660 1252 non
1674 1219 1794 1258 frivola,

1039 1275 1229 1314 audiendas,
1251 1273 1504 1317 cognoscendas,
1527 1273 1734 1313 decidendas,
1758 1273 1794 1305 fi-

1039 1339 1146 1372 neque
1182 1328 1289 1361 debito
1322 1327 1542 1361 terminandas
1558 1354 1566 1367 ‚
1602 1327 1795 1360 auctoritate

1039 1382 1230 1427 apostolica,
1246 1388 1358 1415 tenore
1370 1381 1557 1415 earumdem
1576 1381 1795 1425 praesentium

1041 1436 1276 1469 committimus
1301 1441 1331 1469 et
1352 1435 1557 1475 mandamus,
1575 1434 1685 1478 eisque
1705 1444 1797 1478 prae-

1041 1490 1187 1523 sentibus
1208 1488 1375 1534 perpetuis
1395 1488 1599 1532 temporibus
1618 1488 1793 1521 duraturis.

1085 1545 1099 1587 §
1120 1544 1151 1577 4.
1174 1544 1253 1578 Cum
1271 1548 1426 1588 potestate
1443 1543 1544 1575 dictas
1562 1548 1667 1586 partes
1687 1553 1795 1586 respe·
1859 1553 1881 1575 in
1898 1556 1954 1575 mm..
1976 1558 1994 1574 ει

1042 1599 1121 1632 etive
1139 1605 1168 1631 et
1186 1599 1266 1631 alios
1283 1608 1408 1638 omnes,
1423 1608 1505 1641 quos
1521 1607 1605 1641 opus
1617 1596 1726 1636 suerit,
1739 1607 1796 1629 sua
1813 1588 1934 1642 fssssflssge³¹¹¹
1958 1592 1993 1604 “’“’

1042 1653 1260 1686 communiter
1280 1653 1328 1685 vel
1348 1652 1473 1685 divisim
1503 1652 1659 1684 interesse
1679 1656 1796 1694 putan-

1043 1713 1100 1747 tes,
1124 1707 1154 1739 in
1181 1706 1371 1740 executione
1392 1706 1555 1739 citationis
1573 1705 1798 1740 nominandos.

1042 1761 1074 1794 in
1096 1761 1240 1794 Romana
1256 1761 1352 1794 Curia
1370 1766 1399 1793 et
1417 1765 1504 1793 extra
1521 1770 1605 1799 eam,
1628 1759 1724 1792 ctiam
1743 1769 1799 1802 per

1042 1815 1185 1848 edictum
1207 1814 1390 1858 publicum,
1417 1813 1554 1847 constito
1570 1813 1746 1847 summarie
1767 1818 1795 1846 et

1043 1868 1332 1902 extraiudicialiter
1352 1869 1392 1902 de
1413 1878 1478 1902 non
1499 1873 1568 1901 tuto
1589 1877 1736 1907 accessu,
1757 1867 1800 1900 ci-

1045 1923 1145 1955 tandi.

1087 1976 1102 2019 §3
1124 1975 1154 2008 5.
1178 1977 1222 2008 Ac
1243 1975 1395 2008 omnibus
1415 1974 1578 2008 iudicibus
1595 1974 1800 2017 supradictis,
1845 1990 1983 2011 tumemusm

1044 2035 1073 2063 et
1099 2029 1219 2073 quibus
1248 2036 1279 2062 et
1303 2029 1431 2072 quoties
1448 2039 1531 2073 opus
1558 2028 1666 2069 suerit,
1689 2034 1719 2061 et
1739 2024 1997 2074 0111)ζῇξῖζζζξιξζζῃζῗῖζ

1045 2085 1192 2118 censuris
1212 2084 1437 2117 ecclesiasticis
1457 2089 1485 2116 et
1509 2083 1705 2127 pecuniariis
1726 2093 1801 2127 poe·
1815 2085 1971 2106 ‘⁰³⁵‘umefflfi'

1045 2138 1094 2171 nis
1116 2144 1171 2171 tuo
1192 2137 1327 2171 arbitrio
1352 2136 1558 2170 moderandis
1584 2142 1611 2170 et
1634 2137 1801 2180 applican-

1046 2192 1104 2233 dis,
1131 2192 1225 2225 etiam
1253 2202 1310 2235 per
1330 2191 1435 2224 simile
1455 2190 1597 2224 edictum
1618 2190 1798 2226 inhibendi:

1047 2255 1224 2288 causasque
1246 2245 1329 2287 ipsas
1355 2254 1464 2277 coram
1490 2243 1656 2287 quibusvis
1686 2255 1799 2278 eorum

1046 2298 1085 2331 de
1115 2298 1198 2331 sacto
1218 2298 1325 2330 forsan
1349 2297 1547 2330 introductas
1573 2308 1629 2331 seu
1651 2297 1799 2331 introdu-

1048 2351 1177 2391 cendas,
1200 2351 1238 2384 ab
1260 2351 1305 2384 eis
1322 2350 1475 2384 avocandi
1502 2356 1530 2384 et
1554 2351 1798 2391 reassumendi3

1048 2412 1077 2438 et
1103 2405 1134 2438 in
1156 2410 1306 2438 eventum
1328 2415 1392 2438 non
1418 2404 1597 2447 petitionis,
1625 2415 1745 2448 poenas
1771 2410 1797 2437 et

1048 2469 1202 2493 censuras
1231 2459 1412 2502 praedictas
1441 2458 1670 2492 damnabiliter
1694 2459 1802 2491 incur-

1049 2509 1127 2541 risse
1175 2514 1203 2541 et
1240 2508 1388 2541 incidisse
1418 2508 1604 2541 declarandi
1622 2534 1629 2546 ‚
1667 2508 1800 2551 illasque

1049 2557 1143 2590 etiam
1167 2557 1287 2590 iteratis
1306 2556 1429 2589 vicibus
1450 2557 1642 2600 aggravandi
1663 2562 1691 2589 et
1709 2566 1799 2598 reag-

1048 2606 1214 2649 gravandi,
1236 2606 1444 2639 interdictum
1471 2607 1724 2639 ecclesiasticum
1747 2615 1800 2647 ap-

1050 2655 1200 2699 ponendi,
1226 2660 1253 2687 et
1284 2655 1407 2688 brachii
1434 2655 1609 2688 saecularis.
1643 2653 1797 2686 auxilium

1049 2704 1231 2738 invocandi.
