2226 3070
51 297 97 323 An.
119 297 147 323 C.
166 296 232 324 1592

73 723 197 745 Huiusmodi
206 730 227 743 0-

46 751 181 775 bligationem
198 750 228 770 111-

46 776 227 797 ctisthesaurariis

45 804 113 825 inesse
146 808 228 829 semper

46 830 93 851 vutt,

71 1201 153 1222 Dictum
171 1201 227 1222 Mou-

45 1231 86 1249 tem
110 1228 228 1248 meabilem

45 1254 228 1280 loannBapHstae

45 1281 146 1302 Uber-tino
158 1281 229 1301 vendit

44 1314 82 1333 pro
98 1308 167 1333 pretio
182 1314 228 1327 scu·

46 1337 112 1354 turum
123 1334 228 1354 sexdecim

44 1361 130 1381 millium
169 1361 228 1387 quin-

45 1389 160 1413 genten-uni.

860 298 1006 322 CLEMENS

244 354 341 387 super
362 344 540 377 necessaria
563 350 591 376 et
620 349 817 388 opportuna,
839 345 934 378 etiam
957 346 987 378 in

246 398 349 430 l'orrna
370 397 472 430 dictae
492 397 653 435 Gamerae,
669 408 741 430 cum
764 397 944 431 iuramento
958 405 986 431 et

245 450 314 483 aliis
334 450 468 483 vinculis
494 460 530 482 ac
557 450 688 483 cautelis
708 450 809 483 solitis
830 457 859 484 et
880 462 989 485 neces-

244 503 335 536 sariis
358 514 393 536 ac
423 503 508 536 dicto
533 504 728 546 depositario
759 504 915 538 benevisis
945 506 989 537 sa-

244 557 339 597 ciant,
355 558 435 589 etad
454 557 484 590 id
497 557 574 589 iuris
592 562 619 590 et
642 557 713 590 sacti
731 558 881 590 remediis
895 569 987 601 prae-

244 609 306 643 cise
328 610 398 652 cogi
420 615 448 643 et
470 609 620 653 compelli
640 610 772 653 possint.

288 663 303 705 5
320 662 372 695 117.
396 663 552 705 Quodque
573 663 611 695 de
632 668 758 696 caetero
779 663 989 696 thesauraria-

245 726 315 748 rum
338 715 390 748 dd.
415 715 653 758 provinciarum
684 721 711 748 et
740 715 903 748 civitatum
932 726 987 760 ap·

243 769 417 813 paltatorcs
435 774 464 801 et
485 769 698 802 conductores
719 768 749 801 in
771 770 988 802 contractibus

244 833 355 855 corum
376 823 563 866 appaltuum
587 828 617 855 et
637 822 889 856 conductionum
915 834 987 856 cum

243 876 355 909 eaden]
384 875 516 909 Gamera
537 875 737 908 celebrandis
757 886 789 908 se
810 887 842 908 se
869 876 989 919 pariter

243 929 283 962 ad
301 928 401 962 dictas
421 929 612 967 solutiones,
633 934 668 960 ut
688 940 804 972 supra,
830 929 989 962 l'acicndas

244 981 397 1024 obligare,
413 987 443 1015 et
454 982 486 1014 in
501 982 616 1015 tabulis
628 993 682 1015 seu
698 982 813 1016 libellis
827 983 988 1015 rationum

244 1035 344 1068 exitus
357 1035 516 1069 dictorum
531 1037 717 1079 appalttuun
738 1036 874 1069 describi
892 1041 921 1068 ct
934 1047 989 1068 an—

244 1089 348 1122 notari
370 1090 475 1122 facere
496 1094 675 1122 teneantur.

289 1144 305 1184 ξ
327 1141 379 1174 18.
404 1142 442 1175 Ut
470 1147 577 1175 autem
604 1141 771 1185 pecunias,
793 1152 875 1184 quae
897 1140 989 1174 nobis

243 1205 301 1239 pro
323 1195 398 1228 dicti
426 1195 553 1228 Ioannis
573 1195 730 1238 Baptistae
755 1195 986 1235 satisfactione,

244 1249 330 1281 iuxta
356 1248 622 1292 primodictarum
654 1254 836 1281 nostrarum
869 1249 989 1281 littera-

244 1312 315 1335 rum
338 1308 494 1342 tenorem,
511 1301 710 1335 necessariae
727 1307 810 1341 sunt,
828 1312 924 1345 quam
937 1313 988 1335 ce-

244 1355 342 1388 lerius
363 1361 393 1388 et
413 1355 511 1388 unica
537 1355 604 1388 vice
627 1366 878 1398 consequamur:
900 1361 989 1388 motu

243 1408 351 1448 simili,
376 1408 496 1442 dictum
526 1409 664 1441 Montem
694 1408 861 1441 Gharitatis
890 1408 990 1441 illius-

244 1473 306 1506 que
326 1463 396 1495 loca
416 1473 471 1495 seu
495 1462 660 1505 portiones
681 1467 808 1494 centum
828 1462 988 1505 quinqua-

244 1515 330 1558 ginta
351 1526 424 1549 cum
442 1515 592 1548 omnibus
621 1520 649 1547 et
677 1515 809 1557 singulis
834 1515 985 1554 indultis,

245 1568 494 1612 praerogativis,
516 1568 790 1605 inuntmitatilnts,
815 1567 990 1611 exemptio-

244 1622 338 1655 nibus
358 1627 388 1654 et
408 1621 582 1665 privilegiis
603 1621 792 1664 praedictis,
817 1621 933 1654 dilecto
955 1621 990 1653 fi-

244 1677 287 1710 lio
308 1676 418 1709 loanni
438 1675 595 1719 Baptistae
615 1675 781 1716 Ubertino,
811 1675 892 1709 laico
919 1676 990 1708 Flo-

245 1729 386 1770 rentino,
428 1729 637 1773 pecuniarum
674 1729 824 1762 Gamerae
863 1735 990 1762 nostrae

245 1782 446 1826 Apostolicae
477 1781 682 1825 depositario,
706 1793 764 1825 pro
790 1782 894 1825 pretio
918 1794 990 1816 scu-

246 1841 350 1868 torum
382 1834 541 1868 sexdecim
574 1834 710 1867 millium
740 1835 989 1878 quingentorum

245 1894 403 1928 monetae,
418 1887 571 1926 iuliorutn
586 1888 696 1921 decem
714 1898 773 1931 pro
791 1894 892 1928 scuto,
909 1900 991 1932 quae

244 1942 275 1974 in
305 1942 452 1975 manibus
483 1941 650 1985 ipsiusmet
679 1942 807 1975 Ioannis
846 1942 991 1986 {aptistae

243 1995 429 2039 depositarii
454 1995 609 2039 praedicti
632 1996 671 2028 ad
701 1996 858 2029 creditum
887 1996 990 2029 dictae

243 2049 403 2089 Gamerae,
419 2049 459 2081 ad
477 2048 637 2088 effectum,
659 2054 690 2082 ut
713 2049 766 2081 illa
783 2050 990 2092 postmodum

244 2113 317 2135 eum
339 2103 492 2135 mandato
514 2102 665 2135 camerali
685 2113 744 2146 per
775 2102 876 2135 dictos
908 2104 991 2136 llen-

245 2157 346 2189 rictun
369 2162 400 2189 et
419 2156 700 2189 Bartholomaeum
731 2156 986 2193 subscribendo,

244 2210 333 2243 nullo
358 2210 421 2242 alio
449 2221 466 2242 a
496 2210 589 2242 nobis
617 2215 783 2253 expectato
815 2211 986 2245 mandato,

244 2263 328 2297 dicto
348 2263 460 2297 loanni
480 2263 639 2306 Baptistae
653 2263 732 2295 Lilio
753 2263 800 2295 vel
822 2263 889 2296 eius
910 2263 990 2303 legi-

245 2316 322 2349 timo
343 2315 545 2359 procuratori
561 2316 689 2358 (nempe
711 2321 799 2348 scuta
821 2315 989 2348 tresdecim

246 2369 332 2401 mille
353 2369 384 2401 in
402 2368 638 2401 restitutionem
660 2373 688 2400 et
707 2368 900 2401 solutionem
919 2379 990 2411 pre-

246 2422 278 2455 tii
301 2423 376 2456 dicti
397 2423 491 2455 officii
513 2433 571 2466 per
591 2432 649 2455 nos
667 2422 911 2455 extinctieidem
933 2423 990 2455 Ga-

245 2486 352 2508 merae
378 2486 437 2519 pro
464 2475 607 2508 eiusdem
637 2475 732 2508 officii
761 2475 931 2507 collatione
960 2475 990 2507 in

245 2530 313 2563 eius
330 2539 501 2573 personam
534 2539 590 2572 per
617 2528 736 2561 dictum
767 2529 992 2571 praedecesso-

245 2593 312 2616 rem
344 2582 436 2619 facta,
461 2587 495 2614 ut
520 2581 700 2625 praefertur
725 2581 838 2617 soluti·,
870 2587 897 2613 et
930 2581 991 2614 alia

245 2642 334 2669 scuta
353 2636 416 2669 duo
437 2635 535 2675 mille,
553 2646 635 2678 quae
658 2635 685 2667 ei
706 2645 763 2678 per
783 2634 991 2678 primodictas

246 2696 370 2723 nostras
384 2690 504 2723 litteras
518 2689 718 2726 donavimus,
733 2688 861 2721 realiter
872 2693 902 2721 et
918 2700 989 2721 cum
1007 2719 1009 2721 ,

1027 298 1084 322 vin
1105 298 1154 322 1¹1¹.
1671 288 1734 320 547

1023 346 1137 379 effectu
1158 345 1354 389 persolvant:
1376 344 1540 377 residuum
1560 354 1634 377 vero
1647 346 1684 377 ad
1697 356 1765 377 cre-

1023 399 1124 431 ditum
1143 398 1286 431 eiusdem
1307 398 1458 431 Gamerae
1488 399 1673 439 remancat)
1694 409 1767 431 ven-

1023 452 1128 484 dimus
1142 458 1169 485 et
1183 452 1370 491 alienamus,
1387 462 1423 484 ac
1439 461 1539 495 purae
1557 457 1584 483 ct
1609 452 1767 494 perfectae

1023 515 1058 537 ac
1085 505 1324 537 irretractabilis
1353 504 1545 537 venditionis
1572 504 1663 535 titulo
1693 514 1767 536 con-

1023 558 1168 591 cedimus
1185 564 1213 590 et
1235 558 1444 600 assignamus.

1068 612 1082 654 §
1106 611 1151 643 111,
1173 612 1236 644 Nec
1256 622 1321 644 non
1350 612 1499 643 eumdem
1530 612 1681 644 loannem
1709 611 1767 643 Ba-

1023 664 1150 708 ptistam
1182 665 1372 698 l'bertinum
1403 665 1534 708 eiusque
1568 674 1768 697 successores

1024 717 1055 750 in
1076 728 1171 750 omne
1193 718 1260 757 ius,
1285 719 1390 751 locum
1420 724 1450 749 et.
1479 717 1681 761 privilegium
1713 728 1769 749 no-

1023 776 1135 807 strum,
1165 772 1333 814 dictaeque
1357 772 1508 805 Gamerae
1536 773 1642 815 quoad
1665 772 1768 815 ipsum

1023 823 1159 856 Mentem
1179 824 1345 857 Gltaritatis
1366 830 1396 857 et
1418 824 1501 857 illius
1523 825 1613 861 iura,
1639 825 1770 858 montis-

1024 887 1085 919 que
1107 877 1251 909 locorum
1273 883 1303 909 et
1332 877 1449 910 iurium
1483 878 1667 910 huiusmodi
1698 888 1769 921 pos-

1024 930 1199 962 sessionem
1218 942 1253 963 cx
1271 940 1356 962 nunc
1368 930 1602 967 substituimus,
1618 931 1769 973 ponimus

1024 987 1054 1014 et
1078 993 1304 1025 surroganms:
1335 983 1458 1026 ipsique
1480 983 1590 1016 loanni
1613 984 1770 1026 Baptistae

1024 1035 1193 1075 Uberssno,
1217 1041 1249 1067 ut
1280 1042 1409 1069 centum
1438 1036 1671 1079 quinquaginta
1701 1037 1770 1069 loca

1024 1098 1079 1120 seu
1110 1088 1275 1130 portiones
1307 1089 1420 1121 Montis
1452 1089 1606 1132 praedicti
1640 1089 1770 1132 quibus-

1025 1151 1162 1183 cumque
1180 1141 1326 1184 personis
1347 1141 1378 1173 in
1396 1152 1459 1173 una
1474 1142 1519 1174 vel
1535 1142 1680 1185 pluribus
1698 1142 1771 1174 vici-

1024 1194 1083 1226 bus
1108 1200 1136 1226 et
1158 1194 1293 1237 partitis,
1319 1200 1348 1227 et
1368 1205 1427 1238 pro
1441 1205 1647 1239 (11101-1111111110
1668 1195 1770 1239 pretio

1025 1248 1159 1286 maiori,
1183 1249 1223 1281 ad
1249 1260 1339 1282 suam
1369 1250 1537 1282 utilitatem
1559 1256 1586 1283 et
1616 1251 1770 1283 damnum

1025 1302 1209 1345 respective,
1226 1302 1348 1345 absque
1368 1303 1429 1335 alia
1450 1309 1559 1335 nostra
1581 1309 1609 1336 ct
1628 1303 1717 1337 Sedis
1735 1314 1772 1337 ac

1023 1356 1173 1389 Gamerae
1194 1356 1411 1399 predictarum
1433 1357 1481 1389 vel
1508 1357 1637 1389 alterius
1666 1357 1772 1400 requi-

1024 1408 1082 1441 sita
1103 1414 1130 1440 et
1151 1409 1283 1442 obtenta
1299 1409 1441 1447 licentia,
1465 1416 1494 1442 et
1512 1410 1579 1442 sinc
1598 1410 1706 1453 aliqua
1722 1420 1772 1443 so-

1024 1462 1145 1494 lutione
1163 1462 1297 1494 alicuius
1319 1462 1561 1505 compositionis
1582 1469 1612 1495 et
1629 1463 1769 1505 regalio-

1024 1526 1096 1547 rum
1115 1515 1270 1553 facienda,
1287 1516 1435 1553 vendere.
1451 1516 1592 1549 alienare
1616 1522 1643 1549 et
1664 1517 1772 1560 dispo-

1024 1580 1100 1601 nere
1110 1569 1209 1601 libere
1220 1570 1320 1602 valeat
1334 1569 1552 1609 indulgemus:
1570 1569 1663 1612 eique
1677 1580 1773 1602 omne

1025 1623 1103 1655 illud
1122 1623 1203 1665 plus,
1228 1623 1315 1665 quod
1344 1622 1429 1655 dicta
1454 1628 1582 1655 centum
1613 1623 1771 1666 quinqua-

1025 1675 1113 1717 ginta
1139 1675 1209 1707 loca
1239 1686 1294 1707 seu
1323 1675 1488 1718 portiones
1519 1675 1631 1707 Montis
1660 1675 1771 1708 liuius-

1026 1729 1113 1761 1110111
1144 1730 1257 1761 eodem
1285 1729 1388 1772 pretio
1420 1734 1584 1761 scutorum
1614 1729 1773 1762 sexdecim

1026 1782 1161 1814 millium
1181 1782 1415 1825 quinquaginta
1433 1782 1548 1821 valent,
1566 1782 1704 1814 valerent
1721 1788 1775 1815 aut

1025 1835 1129 1867 valere
1149 1841 1289 1878 possent,
1315 1834 1568 1867 irrevocabiliter
1598 1835 1773 1868 donatione

1026 1900 1116 1932 pura,
1132 1900 1220 1921 mera
1236 1894 1263 1922 et
1287 1888 1500 1927 irrevocabili,
1522 1900 1556 1921 ex
1579 1888 1774 1931 apostolicae

1026 1942 1223 1975 liberalitatis
1237 1942 1348 1985 gratia,
1363 1943 1520 1975 donamus
1539 1948 1566 1974 et
1585 1942 1769 1983 elargimur.

1026 1995 1212 2038 dit-tumque
1233 1996 1385 2028 Ioannem
1398 1995 1570 2038 Baptistam
1583 1995 1773 2028 uberrimum

1026 2047 1102 2080 ‹lit-ti
1132 2048 1245 2081 Montis
1266 2048 1498 2091 depositarium
1529 2048 1673 2085 facimus,
1696 2059 1773 2081 con-

1025 2101 1188 2134 stituimus
1206 2108 1233 2135 et
1254 2103 1457 2145 deputamus,
1475 2103 1580 2145 quoad
1596 2102 1662 2145 ipse
1680 2103 1773 2135 loan-

1026 2167 1081 2188 nes
1102 2155 1243 2199 Baptista
1265 2155 1389 2193 vixerit,
1414 2156 1489 2187 dum
1515 2161 1619 2187 tamen
1641 2166 1697 2199 per
1717 2156 1772 2189 de—

1026 2209 1175 2241 cennium
1198 2208 1329 2241 minime
1350 2214 1448 2241 vacet.

1070 2263 1084 2303 ξ
1105 2261 1157 2294 20.
1182 2262 1433 2304 praesentesque
1455 2266 1579 2294 nostras
1601 2261 1719 2294 litteras
1734 2262 1772 2294 ‹le

1025 2316 1240 2359 subreptionis
1266 2316 1314 2348 vel
1335 2315 1534 2358 obreptionis
1561 2327 1615 2348 seu
1646 2316 1773 2349 nullita-

1027 2369 1063 2401 tis
1085 2369 1160 2401 vitio
1194 2374 1243 2400 aut
1280 2368 1464 2401 intentionis
1485 2374 1612 2401 nostrat·
1633 2370 1680 2401 vel
1709 2370 1772 2403 alio

1026 2422 1137 2465 quovis
1156 2422 1281 2455 defectu
1302 2423 1418 2459 notari„
1440 2423 1542 2463 argui,
1568 2423 1768 2466 impugnari,

1026 2475 1180 2513 revocari,
1196 2475 1345 2517 restringi
1370 2476 1417 2508 vel
1439 2476 1568 2508 limitari
1590 2477 1772 2509 nullatcnus

1026 2540 1134 2572 posse,
1155 2534 1182 2561 et
1205 2529 1229 2561 si
1250 2539 1341 2561 secus
1369 2528 1439 2567 fiat,
1461 2529 1587 2572 quoties
1608 2529 1638 2561 id
1660 2540 1771 2561 evene-

1027 2582 1076 2621 rit,
1102 2582 1193 2615 toties
1215 2582 1283 2614 illas
1304 2582 1336 2614 in
1354 2582 1524 2625 pristinum
1546 2588 1662 2615 statum
1682 2583 1771 2614 resti-

1028 2640 1108 2667 tutas
1129 2640 1155 2667 ct
1176 2635 1319 2678 plenarie
1340 2635 1565 2677 reintegratas,
1588 2635 1771 2677 validasque

1027 2694 1051 2719 ct
1083 2687 1239 2728 efficaces,
1265 2688 1398 2732 perinde
1428 2699 1463 2721 ac
1493 2688 1517 2721 si
1544 2687 1771 2721 consistoriali-

1782 297 1828 323 Λ11.
1851 297 1879 323 C.
1900 297 1967 324 ¹592

1811 622 1863 642 Data
1876 630 1894 642 1-1
1905 623 1967 643 sarul-

1784 651 1827 668 tate
1861 652 1967 674 portiones

1786 676 1888 695 icti-leudi
1905 678 1968 695 ettam

1785 708 1859 721 uiatori
1876 704 1951 727 pretim.

1809 2268 1920 2289 Clausulac
1936 2274 1973 2294 pro

1789 2297 1891 2319 perpetua
1912 2301 1972 2319 111·Δο-

1789 2323 1878 2341 sentium
1894 2322 1972 2341 littera-

1788 2353 1832 2367 rum
1848 2348 1952 2368 tirmttatev
