2226 3070
186 299 239 329 An.
252 301 282 330 C.
301 299 367 329 1587

249 503 299 524 inde
316 509 366 524 vero

183 535 266 561 plurInii
290 535 366 555 abusus

184 573 202 585 ιιι
215 566 278 585 «lictis
296 571 366 585 mona-

182 598 255 616 stertis
265 602 304 616 unu
318 598 367 616 ιιιιι-

183 627 366 654 tisprosstuerunh

206 1361 314 1388 Philippus
326 1367 362 1383 ιθ(

180 1392 208 1413 Ιίι
225 1395 363 1415 constitutio-

179 1430 226 1445 nem
244 1426 362 1446 consti-mari

179 1457 240 1482 petit.

247 2097 359 2117 Continuat

176 2128 252 2150 Sinus.

426 290 490 325 306

384 353 544 395 regimine
564 358 593 385 et
612 351 894 385 administratione
913 350 1066 382 ahbatum
1082 360 1138 382 seu

383 405 736 439 commendatariorum
766 409 1002 447 perpetuorum
1032 402 1138 434 adhue

381 459 610 498 remanserint,
625 459 750 501 ipsique
763 457 895 489 abbates
904 467 961 488 seu
973 466 1139 490 commen-

382 512 498 544 datarii
518 512 669 555 perpetui
700 511 837 547 fruetus,
866 509 990 541 reditus
1011 514 1041 541 et
1060 518 1138 551 pro-

381 569 685 597 ventusmensarum
695 561 905 595 alihatialinm
915 561 1060 605 ipsorum
1071 572 1139 593 tno-
1158 578 1159 591 2

382 618 599 650 nasteriorum
616 626 676 659 pro
694 626 807 648 eorum
822 615 914 648 liliito
929 620 1134 650 consument,

381 676 410 703 et
438 670 598 712 religiosis
615 669 647 701 iu
665 669 712 701 eis
733 668 928 711 degentibus
955 668 1137 700 necessaria

381 723 419 755 ad
442 733 650 756 communem
675 722 773 755 vitam
799 721 831 754 in
856 721 997 764 regulari
1024 722 1135 754 obser-

380 776 487 808 vantia
503 776 684 809 ducendam
704 785 768 808 non
785 776 890 808 solum
909 774 1044 807 minime
1063 774 1137 807 sub-

380 829 576 870 ministrare,
592 829 772 868 sedetiam,
788 829 875 872 quod
886 828 1060 861 dolendum
1075 834 1134 865 est,

380 883 528 916 aedilicia
562 883 836 916 monasteriorum
865 883 1055 915 eorumdem
1085 893 1135 914 re-

380 942 539 977 staurare,
552 948 589 969 ae
602 942 795 969 ornamenta
806 935 1023 969 ecclesiastica
1036 936 1073 968 ad
1087 936 1136 968 di-

381 989 491 1022 vinum
514 991 637 1023 cultum
661 990 854 1029 necessaria,
876 995 973 1032 prout,
991 989 1133 1024 decoret,

380 1044 457 1075 dare
475 1044 653 1087 negligant,
670 1054 735 1087 quo
750 1044 783 1075 lit
803 1049 836 1075 ut
861 1043 893 1076 in
916 1043 1052 1085 reliquis
1069 1053 1136 1075 mo-

380 1096 530 1129 nasteriis
548 1097 735 1129 huiusmodi
755 1097 914 1139 regularis
931 1096 1136 1129 observantia

379 1150 550 1183 commode
582 1150 745 1182 introituri
778 1156 832 1182 aut
864 1150 1048 1183 conservari
1079 1160 1134 1182 ne-

379 1209 488 1246 queat,
511 1203 542 1236 in
555 1203 830 1236 monasteriorum
843 1209 872 1235 et
884 1203 1013 1236 Ordinis
1024 1203 1137 1237 liuius-

379 1256 467 1289 modi
488 1267 553 1290 non
575 1257 740 1290 modicum
760 1257 1005 1290 detrimentum.

422 1310 436 1352 ξ
457 1310 488 1343 3.
509 1310 625 1350 Quare,
650 1317 682 1343 ut
715 1310 924 1343 incommodo
947 1310 1134 1343 huiusmodi

378 1369 406 1396 et
430 1363 502 1396 aliis
522 1363 708 1407 praemissis
731 1364 856 1395 sat-ilius
873 1364 1001 1397 oeeurri
1019 1364 1132 1407 possit,

378 1415 484 1449 dietus
497 1416 670 1460 Philippus
689 1427 753 1456 rex,
766 1417 957 1449 eorumdem
972 1423 1133 1449 monaste-

378 1469 500 1502 riorum
523 1475 692 1513 patronus,
725 1470 855 1503 illorum
885 1481 1078 1514 prosperum
1105 1476 1133 1503 et

377 1523 539 1556 salubrem
559 1529 691 1559 statum.
715 1535 751 1556 ae
773 1524 805 1556 in
826 1523 890 1556 illis
907 1524 1064 1563 regularis
1079 1524 1135 1556 ob-

376 1577 556 1609 servantiae
581 1583 795 1619 angmentum
827 1577 983 1620 singulari
1015 1577 1132 1610 affeetu

377 1629 576 1670 desiderans,
600 1630 694 1663 nobis
713 1630 883 1663 humiliter
897 1630 1073 1674 supplicari
1092 1631 1135 1663 l'e-

377 1682 421 1715 eit
441 1688 603 1725 quatenus
620 1684 783 1716 dictorum
799 1684 1071 1716 monasteriorum
1088 1684 1134 1716 in-

376 1736 607 1769 demnitatibus
625 1737 808 1775 consutae,
832 1748 867 1770 ao
891 1737 1008 1770 ultimo
1034 1737 1134 1770 dietas

376 1789 420 1821 Pii
440 1790 698 1833 praedecessoris
727 1791 860 1829 litteras,
882 1801 955 1823 eum
983 1791 1134 1823 omnibus

375 1848 407 1874 et
427 1843 564 1885 singulis
577 1843 607 1875 in
626 1843 672 1876 eis
688 1844 861 1882 contentis,
881 1844 920 1876 ab
933 1855 1044 1877 earum
1062 1845 1132 1877 data

377 1896 571 1929 confirmare
586 1902 615 1929 et
631 1897 824 1940 approbare,
839 1897 983 1940 aliasque
996 1897 1027 1929 in
1042 1909 1133 1941 prae-

378 1949 485 1981 missis
497 1956 683 1993 opportune
700 1950 871 1992 providero
884 1951 921 1983 de
933 1950 1132 1993 benignitate

377 2002 557 2045 apostolica
577 2003 800 2046 dignaremur⁸

421 2056 435 2098 ξ
455 2055 486 2088 εἰ.
507 2057 569 2089 Nos
588 2057 699 2100 igitur,
728 2058 783 2101 qui
810 2058 933 2090 dudum
964 2058 1047 2091 inter
1071 2059 1133 2091 alia

379 2110 539 2142 voluimus
562 2111 650 2153 quod
673 2116 821 2154 petentes
846 2111 1003 2144 beneficia
1028 2112 1132 2144 eei-le-

377 2163 506 2196 siastiea
525 2165 598 2197 aliis
618 2165 717 2204 uniri,
742 2170 931 2197 tenerentur
950 2166 1131 2209 exprimere

376 2227 487 2249 verum
505 2228 650 2250 annuum
670 2218 826 2257 valorem,
849 2219 1027 2251 seeundum
1045 2229 1131 2252 eom-

377 2280 508 2303 munem
530 2271 784 2309 extimationem,
801 2272 898 2304 etiam
915 2272 1064 2305 beneficii
1078 2272 1130 2305 eui

376 2323 466 2357 aliud
487 2324 572 2356 uniri
599 2330 777 2367 peteretur,
798 2325 945 2368 alioquin
967 2326 1045 2358 unio
1066 2336 1129 2358 non

376 2378 507 2417 valeret,
531 2382 561 2410 et
580 2388 709 2421 semper
726 2378 758 2410 in
779 2378 957 2410 unionibus
977 2379 1129 2411 ‹commis-

375 2430 422 2463 sio
437 2430 529 2463 tieret
547 2431 586 2462 ad
606 2436 724 2473 partes,
744 2431 864 2463 voeatis
889 2442 1029 2474 quorum
1053 2432 1131 2464 inte-

375 2485 488 2520 resset,
510 2480 660 2512 eumdem
682 2480 869 2523 Philippum
891 2491 999 2522 regem
1021 2492 1038 2514 a
1059 2482 1129 2524 qui—

375 2528 484 2561 busvis
514 2529 877 2566 exemimiunirationis·,
907 2530 1129 2573 suspensionis

375 2582 402 2608 et
424 2577 586 2609 interdicti
608 2576 982 2619 aliisqueecelesiasticis
1002 2585 1129 2611 senteu-

375 2626 441 2665 tiis,
464 2625 611 2658 censuris
632 2631 659 2658 et
683 2626 808 2668 poenis,
829 2638 844 2657 a
860 2627 928 2659 iure
950 2628 996 2659 rel
1015 2627 1053 2659 al]
1069 2627 1128 2659 lio-

375 2675 474 2715 mine,
496 2674 606 2718 quavis
626 2675 797 2708 occasione
819 2676 865 2708 vel
888 2686 982 2709 eausa
1004 2677 1084 2717 latis,
1102 2676 1127 2708 si

979 298 1159 322 BrLLmIUM
1183 297 1335 321 ROMANUM

1183 349 1303 391 quibus
1323 347 1569 391 quomodelibet,
1579 348 1752 382 innodatus
1762 349 1880 389 existit,
1896 349 1935 381 ad

1182 401 1334 434 effectum
1372 401 1590 444 praesentium
1622 402 1786 434 dumtaxat
1821 413 1935 436 eonse-

1180 455 1360 498 queudum,
1385 454 1500 487 harum
1515 455 1598 488 serie
1616 454 1818 488 absolventes
1833 462 1864 488 et
1883 456 1937 488 ab·

1181 508 1323 541 solutum
1344 509 1412 541 sore
1439 514 1619 547 censentes,
1650 518 1709 541 nee
1738 518 1804 541 non
1824 519 1935 541 verum

1180 566 1207 593 et
1241 561 1392 594 ultimum
1425 562 1629 604 singulorum
1663 561 1934 594 monasteriorum

1180 614 1423 656 praedictorum
1445 615 1621 648 vacationis
1643 615 1789 655 modum,
1809 615 1934 647 etiamsi

1180 678 1214 700 ex
1233 667 1288 700 illo
1309 668 1438 712 (puteris
1452 668 1612 711 generalis
1632 668 1818 708 reservatio,
1839 667 1934 700 etiam

1182 721 1213 752 iu
1232 731 1369 764 corpore
1390 721 1468 755 iuris
1489 722 1610 759 clausa,
1629 722 1773 761 resultet,
1793 720 1937 753 illorum-

1179 785 1241 817 que
1260 774 1462 815 situationes,
1486 775 1780 815 denominationes,
1805 774 1935 807 invoca-

1182 827 1286 860 tiones
1307 834 1336 860 et
1352 828 1538 861 dioecesum
1556 839 1735 871 eorumque
1757 828 1935 866 fructuum,

1181 881 1342 913 redituum
1377 886 1407 914 et
1444 887 1658 925 proventuum
1688 892 1780 914 veros
1809 891 1936 914 annuos

1179 934 1314 973 valeres,
1335 935 1431 967 etiam
1454 935 1542 968 iuxta
1559 935 1690 968 illorum
1709 935 1740 967 in
1766 934 1857 968 libris
1878 935 1935 968 Ca—

1180 998 1288 1020 merae
1320 988 1523 1032 Apostolieae
1552 988 1761 1029 taxationem,
1784 999 1844 1021 nee
1869 998 1934 1021 non

1179 1041 1382 1082 singularum
1410 1042 1593 1075 litterarum
1626 1042 1866 1083 praedictarum
1898 1052 1933 1074 ae

1181 1095 1254 1127 inde
1284 1100 1470 1127 seeutorum
1492 1105 1777 1138 quorumcumque
1808 1100 1937 1128 tenores

1180 1148 1406 1191 praesentibus
1429 1159 1486 1191 pro
1507 1149 1665 1192 expressis
1682 1148 1850 1189 habentes,
1873 1148 1936 1181 liu-

1181 1202 1318 1234 iusniodi
1350 1202 1646 1245 supplicationibus
1671 1201 1829 1242 inclinati,
1858 1202 1934 1235 ulti-

1180 1255 1338 1287 medietas
1359 1255 1405 1287 Pii
1427 1256 1687 1299 praedecessoris
1706 1255 1839 1295 litteras,
1860 1266 1932 1288 cum

1178 1313 1308 1345 statuto,
1324 1309 1538 1349 ordinatione,
1559 1309 1801 1352 suppressione,
1829 1309 1933 1342 extin-

1179 1361 1298 1399 ctione,
1318 1361 1518 1400 reductione,
1537 1362 1672 1394 indultis
1697 1367 1724 1394 et
1748 1362 1932 1395 eoncessio-

1178 1415 1272 1448 nilJus
1289 1421 1317 1448 et
1332 1416 1484 1448 omnihus
1500 1422 1528 1449 et
1547 1416 1684 1459 singulis
1696 1416 1727 1448 in
1743 1416 1788 1449 eis
1801 1422 1933 1450 eonten-

1178 1469 1217 1501 tis
1238 1469 1404 1509 clausulis,
1425 1469 1564 1502 decretis
1594 1475 1624 1502 et
1653 1469 1930 1512 derogationibus,

1178 1533 1237 1555 nerv
1257 1532 1323 1555 non
1343 1533 1512 1565 processus
1537 1522 1664 1556 habitos
1689 1523 1736 1555 vel
1766 1523 1932 1556 habendos

1177 1587 1236 1619 per
1257 1576 1398 1616 easdem,
1422 1582 1454 1608 et
1475 1575 1548 1608 inde
1563 1581 1672 1608 secuta
1693 1586 1931 1619 quaecumque,

1177 1629 1216 1661 ab
1237 1630 1426 1662 earuimlem
1445 1630 1535 1665 data:
1558 1640 1595 1662 ae
1615 1629 1734 1662 dietam
1753 1640 1931 1673 congrega-

1178 1682 1296 1715 tionem
1316 1682 1467 1726 illiusque
1489 1683 1674 1725 generalem
1692 1688 1722 1715 et
1742 1682 1820 1716 alios
1835 1683 1932 1716 abba-

1178 1742 1234 1773 tes,
1258 1736 1461 1772 diffinitores,
1487 1737 1666 1770 visitatores
1694 1743 1722 1769 et
1756 1737 1833 1770 alias
1858 1747 1931 1780 per-

1176 1800 1270 1823 sonas
1290 1790 1483 1833 praedictus,
1507 1791 1613 1833 quoad
1635 1790 1779 1833 ipsarum
1806 1790 1930 1823 littera-

1177 1854 1248 1875 rum
1281 1844 1431 1876 ιζ’[Υυι-ιιιιιι
1463 1844 1746 1887 consequendum,
1779 1844 1931 1876 adversus·

1177 1897 1357 1939 praedictas
1379 1903 1408 1930 et
1429 1907 1652 1940 quascumque
1673 1897 1752 1929 alias
1772 1897 1930 1930 eonstitu-

1177 1950 1279 1983 tiones
1300 1950 1428 1983 illarum
1449 1950 1662 1983 revocatorias
1681 1961 1735 1983 seu
1751 1951 1929 1983 moderato-

1176 2003 1248 2043 rias,
1262 2003 1293 2035 iu
1305 2003 1481 2047 pristinum
1495 2009 1525 2036 et
1537 2015 1623 2044 eum,
1640 2004 1745 2047 inquo
1757 2009 1928 2047 antequam

1176 2057 1421 2090 eemstitutiones
1437 2068 1472 2089 ae
1494 2058 1617 2090 litterae
1639 2057 1821 2101 praedictae
1842 2068 1929 2090 ema-

1176 2118 1303 2149 narent,
1318 2117 1345 2143 et
1367 2111 1502 2154 perinde
1520 2122 1557 2143 ao
1568 2111 1592 2143 si
1607 2121 1774 2154 nunquam
1786 2121 1930 2145 emanas—

1174 2170 1256 2200 sent,
1277 2164 1524 2207 quomodolibet
1542 2170 1633 2197 erant
1650 2169 1779 2203 statum,
1802 2164 1834 2197 in
1859 2176 1929 2198 om-

1175 2218 1270 2250 nibus
1291 2224 1321 2250 et
1336 2229 1394 2261 per
1412 2217 1530 2257 omnia,
1549 2228 1586 2250 ex
1604 2222 1690 2250 certa
1704 2223 1814 2251 nostra
1827 2219 1931 2252 seien-

1175 2272 1227 2312 tia,
1242 2271 1419 2315 apostoliea
1435 2271 1639 2311 auctoritate,
1653 2276 1765 2304 tenore
1780 2282 1929 2315 praesen-

1176 2325 1269 2365 tium,
1289 2324 1501 2363 restituimus,
1528 2324 1717 2367 reponimus
1734 2335 1769 2357 ac
1785 2324 1928 2368 plenarie

1174 2384 1205 2410 et.
1226 2378 1411 2421 plenissime
1437 2377 1686 2421 reintegramus.

1217 2432 1231 2471 ,ξ
1249 2430 1560 2463 T».Einit=ilomi11us
1575 2441 1714 2463 exnunc
1732 2435 1795 2463 tam
1814 2431 1928 2464 Beatae

1954 297 2006 324 An.
2019 295 2048 324 C.
2068 294 2136 324 1587

1968 2444 2070 2465 Ennius-iat
2082 2451 2126 2466 mo·

1173 2480 1290 2512 Mariae
1305 2480 1343 2511 ile
1365 2479 1550 2521 Pomlieiro,
1564 2486 1594 2513 et
1613 2479 1720 2512 Sancti
1734 2479 1862 2512 Ioannis
1875 2480 1926 2512 dal
1941 2476 2034 2510 !¹³*''⁹¹¹“
2071 2482 2123 2503 ΨΜ

1941 2513 1960 2527 ιιι
1977 2509 2125 2533 congregauo-

1172 2529 1371 2565 Pendoratla,
1395 2539 1431 2561 ae
1447 2528 1554 2561 Saneti
1566 2529 1740 2561 Salvatoris
1752 2529 1791 2562 de
1804 2529 1923 2570 Palme,
1940 2543 1988 2558 nem
2009 2539 2063 2559 uniri
2085 2539 2125 2558 de>

1173 2590 1229 2611 nee
1252 2588 1315 2611 non
1337 2578 1375 2609 ile
1396 2578 1520 2618 (lausei,
1539 2578 1578 2611 ad
1600 2589 1752 2622 praesens
1772 2578 1924 2610 abbatum

1172 2627 1329 2669 regimine
1350 2627 1513 2667 destituta,
1536 2638 1632 2671 quam
1654 2627 1761 2660 Sancti
1783 2626 1862 2659 Tirsi
1885 2627 1924 2659 de

1172 2676 1344 2716 ilibadave,
1378 2675 1514 2710 Sanctae
1546 2676 1661 2710 Mariae
1693 2676 1732 2709 (le
1765 2676 1923 2718 Bustello,

1939 2569 1995 2589 luent,
