2226 3070
869 295 967 320 ism-:x
983 294 1091 320 nizam(
1650 281 1713 314 653

974 410 996 443 B

207 518 427 552 Bandositates
447 519 525 562 quid
545 519 618 557 siut,
643 517 707 551 262
727 529 755 551 a.

206 571 312 604 Bai-uti
332 581 389 604 seu
410 572 448 604 de
469 572 607 605 Barlctta
627 571 787 615 prioratus
809 571 936 604 collatio
958 569 1031 603 Sedi
1050 569 1251 613 Apostolicae
1273 574 1442 607 reservata,
1469 566 1531 599 517
1551 577 1580 599 a.
1605 566 1758 599 Prohibe-

298 631 348 657 tur
369 635 486 667 magno
508 624 662 667 magistro
682 624 808 658 Ordinis
826 625 855 657 Si
878 623 1005 657 loannis
1025 621 1305 666 Hierosolyinitani
1327 621 1500 665 quonimus
1521 620 1551 652 in
1575 619 1759 652 huiusmodi

296 678 467 711 collatione
489 689 521 711 se
539 678 674 720 ingerat,
697 678 772 710 ibid.
798 678 822 710 b.

208 731 311 764 Basilii
331 732 392 768 (S.)
411 732 587 764 monachos
603 731 774 771 Gregorius
794 732 857 764 Xlll
881 731 909 763 iu
934 741 1029 763 unam
1051 729 1337 771 Congregassonem
1365 729 1504 763 reduxit.
1526 729 1584 760 sub
1606 726 1761 769 regimine

296 784 391 817 unius
411 784 545 819 abbatis.
561 785 664 818 02:311,
687 785 831 817 tllemens
852 783 1072 817 reductionem
1093 783 1280 827 approbavit
1302 793 1374 815 cum
1389 781 1624 815 omnibusinde
1646 790 1762 824 sequu-

296 836 344 872 tis,
365 837 500 870 ttss'raet
514 838 540 870 b.
565 838 781 871 Prote-ctorem
796 837 922 871 ‹sti-dinis
944 836 1115 870 declaravit
1130 836 1380 879 praemissormn
1395 840 1636 878 exequutorem,
1653 833 1758 866 62:30.

296 890 437 924 Novitios
458 897 545 924 certo
565 892 660 924 modo
682 892 779 935 recipi
803 891 944 930 indulsit,
967 901 1031 923 non
1054 891 1199 923 obstante
1218 889 1445 922 constitutione
1465 888 1600 925 Sixtina,
1627 887 1702 920 ibid.

208 943 322 976 Beatae
340 944 455 977 Mariae
476 945 612 987 Virginis
634 946 672 977 de
693 945 878 978 Solitudiue
899 944 1014 977 ‹lmnus
1025 943 1172 987 Neapolis
1195 948 1300 975 erecta
1313 952 1371 986 pro
1393 941 1519 974 filiabus
1534 941 1760 985 Hispanorum.

296 997 470 1041 praecipue
488 999 718 1043 orpliauarum,
742 998 806 1031 :3:38
823 998 849 1031 b.

209 1050 371 1084 Benedicti
393 1052 452 1094 (S.)
473 1052 600 1085 Ordinis
614 1052 825 1094 tlongregatio
840 1052 871 1084 in
893 1062 992 1093 regno
1013 1051 1228 1094 Portugalliae
1249 1050 1392 1092 erigitur,
1408 1048 1472 1082 :303
1485 1061 1502 1081 (ι
1524 1055 1553 1081 et
1567 1060 1631 1091 seq.
1656 1048 1728 1081 Pius
1742 1048 1763 1078 Y

299 1105 494 1138 monasteria
514 1106 623 1139 liuisee.
645 1106 772 1139 Ordinis
794 1106 824 1137 iu
845 1105 1061 1147 Portugalliae
1082 1115 1181 1147 regno
1214 1104 1245 1136 in
1270 1103 1557 1146 Congregatiouem
1590 1102 1669 1144 erigi
1695 1102 1761 1134 ius-

298 1164 392 1194 serat,
416 1159 474 1191 sul)
495 1158 651 1201 regimine
673 1158 796 1191 abbatis
814 1158 972 1201 generalis
993 1164 1021 1191 et
1043 1157 1188 1201 priorum
1211 1157 1428 1194 triennalium,
1445 1156 1520 1189 ibid.
1539 1167 1556 1187 tl
1579 1162 1608 1188 et
1629 1155 1654 1187 b.
1680 1156 1765 1188 Non-

298 1211 384 1243 nulla
405 1218 511 1244 autem
535 1212 738 1251 monasteria,
754 1212 783 1244 in
799 1211 915 1255 quihus
933 1211 977 1244 Pii
991 1210 1177 1244 constitutio
1191 1209 1397 1254 exequutioni
1413 1209 1606 1242 demandata
1620 1209 1763 1242 nondum

298 1265 410 1302 fuerat,
434 1265 498 1298 suis
520 1266 682 1309 perpetuis
710 1265 930 1310 superioribus
951 1265 1093 1298 subiecta
1115 1270 1335 1298 remanserant
1357 1264 1466 1306 vigore
1488 1263 1666 1296 litterarum
1687 1263 1765 1296 Gre-

299 1318 379 1359 gorii
402 1319 466 1352 xltl
488 1325 516 1352 et
538 1319 613 1353 Sixti
635 1320 657 1351 V
678 1330 775 1363 super
794 1319 994 1352 restitutione
1016 1319 1047 1351 in
1069 1318 1229 1361 integrum
1260 1318 1492 1351 beneficiorum
1519 1317 1663 1350 nondum
1696 1316 1766 1349 uni-

300 1376 416 1407 torum.
433 1371 497 1404 :305
511 1373 537 1406 b.
554 1374 630 1406 Inde
651 1374 768 1406 abusus
788 1373 919 1417 plurimi
941 1373 971 1405 in
995 1372 1197 1406 monasteriis
1218 1382 1282 1405 non
1296 1371 1394 1404 unitis
1408 1371 1640 1415 profluxerunt,
1658 1368 1761 1403 3060.

300 1424 466 1469 Philippus
495 1436 547 1458 rex
568 1426 613 1458 Pii
636 1426 898 1459 constitutionem
920 1425 1104 1459 confirmari
1126 1425 1214 1469 petit.
1236 1436 1332 1468 quam
1355 1425 1458 1458 Sixtus
1480 1423 1661 1458 confirmat,
1687 1423 1762 1455 ibid.

300 1483 328 1509 et
350 1477 376 1509 b.
402 1478 592 1511 Monastcria
621 1484 786 1512 enumerat
809 1489 890 1522 quae
920 1479 1004 1511 uniri
1027 1478 1155 1518 debent,
1180 1478 1256 1511 ibid.
1281 1478 1314 1515 b‚·
1338 1477 1451 1521 iusque
1483 1476 1628 1509 concedit
1660 1476 1767 1509 abbati

301 1530 444 1572 generali
476 1531 636 1564 dictorum
667 1531 940 1564 monasteriorum
972 1531 1206 1575 possessionem
1240 1530 1404 1574 capiendi.
1429 1528 1492 1561 :307
1513 1541 1550 1565 a:
1573 1539 1674 1573 eaque
1705 1528 1767 1561 alio

301 1584 522 1622 transferendi,
544 1585 752 1630 redditusque
772 1585 1019 1629 pauperioribus
1049 1585 1251 1618 monasteriis
1272 1584 1466 1628 applicandi,
1489 1583 1564 1615 ibid.
1590 1583 1615 1615 b.
1648 1584 1680 1616 ln
1702 1583 1767 1615 sin-

302 1637 384 1680 gulis
407 1644 511 1672 tamen
533 1639 714 1672 animarum
733 1650 810 1673 cura
830 1650 894 1673 non
915 1639 1122 1682 negligenda,
1148 1639 1223 1671 ibid.
1256 1639 1459 1672 Caeterarum
1477 1636 1768 1680 Congregationum

301 1692 467 1736 privilegia
482 1693 555 1726 huic
574 1694 866 1728 comnumicantur.
881 1692 944 1726 :308
956 1704 985 1726 a.
1002 1693 1108 1727 Solitis
1126 1692 1276 1726 clausulis
1291 1692 1456 1736 appositis,
1470 1697 1681 1735 exequutores
1694 1701 1768 1723 con-

302 1745 476 1778 stitutionis
494 1746 713 1788 designantur,
738 1745 801 1778 300
822 1757 851 1778 a.
877 1746 1001 1779 Abusus
1022 1746 1053 1778 in
1075 1746 1157 1778 hanc
1171 1745 1459 1787 Cougregationem
1481 1744 1595 1777 invecti
1617 1755 1635 1776 a
1655 1755 1768 1788 perpe-

304 1797 413 1831 tuitate
435 1798 575 1831 exercitii
597 1798 790 1842 parochialis
811 1810 869 1843 per
890 1798 1076 1834 monachos,
1101 1798 1164 1830 :317
1183 1809 1211 1830 a.
1230 1798 1368 1831 Alil‘iates
1390 1803 1500 1841 petunt
1520 1797 1653 1841 praefici
1674 1808 1768 1841 paro-

302 1850 381 1883 chiis
401 1851 564 1893 regulares
577 1862 632 1884 seu
650 1852 831 1884 saeculares
844 1851 1048 1895 presbyteros
1061 1850 1259 1891 amovihites,
1282 1850 1358 1883 ibid.
1375 1850 1404 1885 b:
1419 1850 1506 1893 quod
1520 1849 1676 1893 permittit
1690 1860 1770 1894 pon-

303 1903 388 1941 tifex,
412 1903 476 1937 318
497 1915 526 1937 a.
556 1904 705 1938 Eiusdem
737 1904 865 1938 Ordinis
887 1911 915 1938 et
934 1904 1199 1948 Congregatiouis
1220 1904 1251 1936 in
1275 1903 1478 1937 monasteriis
1507 1903 1704 1943 vacantibus,
1738 1904 1768 1936 in

300 1957 484 2001 principatu
496 1957 696 1995 Rossilionis,
711 1958 827 1991 amotis
841 1958 1159 1991 administratoribus
1172 1969 1189 1990 a
1207 1958 1287 1991 laica
1301 1963 1458 2001 potestate
1474 1957 1644 2001 deputatis,
1660 1956 1723 1989 :356
1737 1968 1769 1993 a:

301 2011 386 2044 unde
407 2022 472 2044 non
493 2011 620 2045 modica
641 2012 758 2044 damna
776 2012 1030 2051 dimanaverant,
1054 2012 1152 2051 ibid.;
1179 2012 1283 2045 Sixtus
1304 2012 1444 2044 declarat
1470 2021 1667 2044 oeconomos
1686 2010 1770 2054 ipsos

302 2065 523 2108 praesidentes
543 2065 723 2098 vacantium
746 2066 1030 2102 monasteriorum,
1056 2065 1132 2098 ibid.
1162 2066 1176 2098 b
1186 2078 1194 2100 ‚⁴
1217 2065 1325 2097 addita
1344 2064 1535 2097 auctoritate
1556 2064 1765 2098 administra-

305 2124 389 2151 tores
420 2118 602 2162 praedictos
634 2119 849 2163 compellendi
871 2119 910 2152 ad
943 2119 1142 2152 reddendam
1172 2118 1329 2151 rationem
1363 2117 1652 2151 administrationis
1676 2129 1770 2162 pera—

306 2177 385 2212 ctae,
410 2171 487 2205 ibid.
512 2172 742 2205 Monacliorum
766 2172 893 2206 Ordinis
911 2172 1016 2205 Sancti
1039 2172 1201 2205 Benedicti
1224 2171 1410 2205 monasterii
1432 2171 1603 2205 Yallisoleti
1626 2171 1772 2216 capitulis

305 2232 368 2258 tam
383 2225 588 2268 generalibus
602 2236 698 2270 quam
720 2225 969 2270 provimialibus
982 2226 1123 2259 Nuneius
1137 2225 1339 2270 Apostolicus
1360 2226 1445 2269 apud
1467 2236 1576 2268 regem
1596 2225 1767 2269 Hispania-

306 2290 376 2312 rum
399 2289 458 2322 per
482 2290 513 2312 se
535 2285 586 2312 aut
615 2290 673 2323 per
693 2279 791 2312 alium
818 2279 951 2316 intersit,
977 2278 1041 2311 525
1062 2280 1089 2311 b.
1113 2278 1341 2322 Quaecumque
1363 2279 1401 2311 ad
1423 2274 1566 2311 divinum
1589 2279 1711 2312 cultum
1742 2285 1769 2312 et

306 2333 466 2366 salubrem
489 2332 698 2365 directionem
727 2332 826 2377 ipsius
851 2332 977 2365 Ordinis
998 2332 1147 2376 expedire
1169 2332 1378 2373 videbuntur,
1395 2332 1585 2365 auctoritate
1607 2332 1772 2376 pontificia

307 2386 402 2419 saciat
430 2392 457 2419 et
480 2391 666 2429 exequatur.
691 2385 754 2418 :526
775 2397 804 2418 a.

216 2439 378 2473 Beneficia
399 2439 614 2472 ecclesiastica
634 2439 814 2472 obtinentes
835 2439 984 2472 incedere
1005 2439 1122 2472 debent
1144 2439 1173 2472 in
1195 2439 1306 2472 habitu
1328 2444 1357 2472 et
1379 2445 1522 2477 tonsura,
1547 2438 1587 2471 67
1608 2450 1628 2472 a
1648 2445 1676 2472 et
1700 2440 1727 2472 b.

219 2492 453 2527 Beneficiorum
473 2493 594 2526 fructus
614 2492 645 2525 in
667 2503 766 2535 regno
787 2493 1008 2537 Neapolitano,
1036 2498 1181 2537 tempore
1201 2492 1307 2526 obitus
1327 2492 1591 2526 beneficiatorum
1612 2492 1679 2536 (qui
1698 2503 1769 2526 cum

307 2546 437 2580 Camera
459 2547 566 2589 Apost.
596 2557 692 2590 super
713 2546 823 2590 spoliis
843 2558 875 2579 se
897 2546 1168 2585 concordarunt),
1192 2547 1369 2591 pendentes
1398 2547 1445 2580 vel
1475 2557 1541 2579 non
1561 2546 1678 2586 exacti,
1706 2556 1771 2579 non

307 2600 347 2633 ad
367 2609 480 2633 eorum
502 2599 667 2639 haeredes,
696 2599 871 2643 capitulum
899 2600 946 2632 vel
973 2600 1114 2640 elerum,
1137 2600 1193 2633 sed
1221 2601 1262 2633 ad
1292 2600 1457 2634 Cameram
1481 2600 1582 2644 ipsam
1613 2605 1768 2643 spectant,

309 2653 351 2687 6⁶2
371 2665 389 2687 a
411 2660 442 2687 et
459 2664 540 2698 seq.;
556 2659 651 2698 atque
676 2664 693 2687 a
710 2653 878 2687 Pontificio
899 2654 1021 2688 Nuncio
1048 2653 1168 2698 percipi
1190 2653 1318 2695 debent,
1334 2654 1410 2688 ibid.
1428 2654 1543 2689 Causas
1563 2664 1658 2698 super
1677 2664 1771 2698 prae-

309 2707 414 2742 missis
434 2708 474 2742 ad
495 2718 528 2742 se
547 2713 659 2742 avocat
678 2706 831 2747 Pontifex,
855 2706 897 2740 63
916 2718 945 2740 a,
