2226 3070
184 238 237 266 An.
256 238 285 266 C.
300 239 369 267 1589

205 1864 284 1884 Causae
301 1865 365 1885 eden·

179 1897 216 1916 dne
229 1897 364 1916 constitutio-

383 290 602 324 stitutionibus
622 296 653 324 et
665 290 924 324 ordinationibus
935 289 1131 333 apostolicis,

382 355 509 377 necnon
530 343 684 377 ecclesiae
709 355 746 377 ac
774 343 901 377 Ordinis
932 342 1130 383 huiusmodi,

384 397 579 439 iuramento,
607 397 856 431 confirmatione
881 396 1059 439 apostolica
1084 396 1133 429 vel

382 451 495 494 quavis
520 451 671 484 firmitate
692 451 753 483 alia
771 450 942 490 roboratis,
965 449 1092 483 statutis
1103 455 1133 483 et

381 504 683 543 consuetudinibuss
714 503 888 547 privilegiis
909 514 1050 547 quoque,
1084 503 1132 536 in-

381 558 479 591 dultis
499 563 528 590 et
547 557 660 590 litteris
677 556 863 600 apostolicis
883 556 915 588 in
934 556 1131 589 contrarium

380 610 625 654 quomodolibet
663 609 836 649 concessis,
869 610 1056 653 approbatis
1103 615 1133 643 et

380 664 549 696 innovatis.
581 663 702 702 Quibus
725 663 888 702 omnibus,
915 662 1045 696 illorum
1086 669 1132 696 te-

380 727 475 749 nores
496 715 720 759 praesentibus
741 726 800 759 pro
821 716 980 759 expressis
1010 716 1132 749 liaben-

380 775 437 809 tes,
462 769 524 801 illis
543 769 621 802 alias
638 769 670 802 in
692 780 750 803 suo
764 769 883 803 robore
896 770 1130 814 permansuris,

379 822 439 855 hac
459 822 527 855 vice
548 823 714 855 dumtaxat
733 823 918 867 specialiter
935 829 965 856 et
985 834 1133 867 expresse

379 875 584 918 derogamus,
608 876 789 920 ceterisque
809 877 982 910 contrariis
1001 877 1134 920 quibus-

380 939 532 972 cumque.

422 981 537 1015 Datum
559 983 679 1016 Romae
700 984 786 1027 apud
812 983 965 1016 Sanctum
986 984 1131 1024 Petrum,

378 1035 437 1067 sub
457 1036 579 1068 annulo
609 1036 794 1077 piscatoris,
816 1036 867 1070 die
888 1042 997 1070 octava
1022 1037 1134 1081 aprilis

378 1099 549 1129 Manxxlx,
573 1090 780 1133 pontificatus
799 1091 901 1124 nostri
921 1101 1006 1124 anno
1027 1101 1068 1124 1v.

432 1146 494 1176 Dat.
510 1147 556 1177 die
568 1147 585 1177 8
598 1148 701 1187 aprilis
716 1148 802 1186 1589,
818 1149 923 1188 pontis.
941 1159 1018 1179 anno
1031 1158 1071 1179 1v.

687 1346 824 1379 CXLVII.

381 1439 420 1472 Ue
441 1439 548 1472 electio
569 1441 786 1482 provincialis
805 1445 833 1473 et
855 1441 995 1473 aliorum
1016 1442 1133 1484 officia-

423 1493 503 1525 lium.
534 1491 670 1525 Ordinis
689 1494 830 1535 fratrum
846 1494 1130 1533 Praedicatorum,

423 1547 458 1578 in
483 1547 655 1589 provincia
675 1547 726 1579 del
753 1547 835 1579 Peru
857 1547 1046 1588 bestiarum,
1073 1549 1132 1591 fiat

423 1600 518 1632 infla
535 1600 666 1632 concilii
688 1600 875 1633 Tridentini
895 1602 1019 1634 decreta
1043 1602 1066 1633 ¹.

422 1702 517 1731 Sixtus
527 1703 596 1738 Papa
607 1703 635 1735 V.
652 1703 686 1731 ad
693 1704 855 1739 perpetuam
869 1705 909 1733 rei
920 1705 1088 1733 memoriam.

424 1796 438 1838 ἓ
459 1796 491 1828 1.
514 1796 637 1839 Exponi
658 1797 749 1829 nobis
770 1808 875 1841 nuper
901 1798 975 1831 fecit
995 1799 1132 1832 dilectus

379 1848 465 1881 filius
478 1849 589 1882 Petrus
601 1850 685 1884 della
705 1851 823 1888 Lerna,
846 1851 975 1885 Ordinis
996 1853 1130 1886 fratrum

378 1902 643 1936 Praedicatorum
663 1904 846 1947 provinciae
875 1905 983 1938 Sancti
1004 1906 1131 1939 Ioannis

378 1955 537 1999 Baptistae
558 1956 607 1989 ἀεὶ
627 1957 714 1990 Pera
732 1958 896 1991 Indiarum
918 1958 1132 1992 Occidentali-

378 2020 432 2041 um
454 2016 648 2053 procurator
665 2012 837 2053 generalis,
860 2013 946 2055 quod
963 2023 1063 2046 novae
1084 2014 1131 2046 iu-

378 2068 428 2094 xta
458 2062 594 2096 formam
616 2064 822 2098 decretorum
844 2066 973 2099 concilii
995 2067 1129 2100 Triden-

379 2115 435 2147 tini
466 2116 638 2150 electiones
659 2119 864 2161 superiorum
887 2130 960 2152 cum
982 2120 1130 2153 libertate

378 2168 447 2201 tieri
473 2169 622 2209 debeant;
649 2171 864 2205 nihilominus
884 2173 1020 2206 dilectus
1045 2173 1130 2206 fitius

378 2222 537 2263 generalis
558 2223 633 2255 dieti
654 2223 781 2257 Ordinis
802 2226 888 2259 misit
905 2227 1062 2269 quasdam
1080 2227 1131 2260 lit-

380 2280 462 2307 teras
483 2276 522 2308 ad
543 2276 660 2309 dictam
683 2278 898 2320 provinciam,
920 2280 959 2312 ad
979 2280 1128 2313 effectum

379 2333 414 2359 ut
434 2329 548 2361 electio
570 2330 668 2362 futuri
697 2332 904 2374 provincialis
923 2333 979 2366 fiat
999 2334 1128 2376 signan-

380 2386 427 2413 ter
447 2381 479 2413 in
500 2381 640 2415 favorem
666 2383 763 2416 unius
784 2385 936 2428 religiosi,
959 2397 975 2418 a
996 2398 1059 2431 qua
1076 2398 1129 2419 ex-

959 237 1139 261 BULLARIUM
1164 236 1315 260 ROMANUM

1946 238 2000 267 An.
2012 238 2039 267 C.
2063 233 2131 267 1589

1176 295 1207 321 ct
1226 289 1475 330 benemeritam,
1487 282 1531 321 ‘in
1553 289 1729 323 maximum
1742 290 1845 324 dictae
1856 301 1931 335 pro-

1175 342 1301 376 vinciae
1323 343 1554 377 detrimentum
1576 348 1607 376 et
1627 343 1792 376 notorium
1819 354 1929 387 grava-

1176 406 1262 428 men.

1220 454 1279 497 52.
1298 454 1360 488 Nos
1377 454 1497 497 itaque,
1516 453 1703 487 huiusmodi
1716 453 1932 488 incommodis
1973 467 2130 503 vetretum-110

1177 523 1235 556 pro
1256 513 1364 546 debito
1386 513 1554 557 pastoralis
1575 512 1673 546 officii
1689 523 1862 546 occurrere
1879 525 1932 546 cu-
1945 506 1986 527 ‘³²¹⁰
2003 506 2022 520 '¹¹
2039 499 2129 519 'mm‘

1176 570 1311 613 pientes,
1329 570 1536 604 decernimus
1552 571 1584 604 in
1601 570 1787 614 supradicta
1806 571 1934 612 provin-

1176 629 1225 661 cia
1245 629 1352 662 Sancti
1372 629 1501 662 Ioannis
1521 629 1681 673 Baptistae
1702 629 1752 662 del
1777 629 1876 670 Perit,
1898 630 1931 663 in

1176 687 1391 720 electionibus
1412 688 1560 732 priorum
1582 693 1646 720 tam
1668 687 1931 721 conventualium

1175 756 1273 787 quam
1294 745 1543 789 provincialium
1564 751 1594 779 et
1613 745 1753 778 aliorum
1774 746 1933 789 praelato-

1176 814 1248 835 rum
1270 808 1300 836 et
1320 804 1527 847 superiorum
1547 803 1623 836 dicti
1645 803 1784 845 Ordinis,
1803 804 1932 837 decreta

1176 860 1305 893 concilii
1327 861 1506 894 Tridentini
1521 860 1752 894 inviolabiliter
1771 861 1932 895 observari

1175 918 1306 959 debere,
1329 930 1365 952 ac
1395 924 1568 963 propterea
1593 930 1820 964 quaecumque
1840 930 1933 954 secus

1177 977 1259 1010 facta
1281 988 1298 1010 a
1317 978 1430 1022 quovis
1450 978 1629 1021 superiore,
1653 978 1751 1011 etiam
1778 977 1931 1021 generali,

1176 1046 1231 1068 seu
1262 1035 1401 1077 vicario,
1430 1036 1593 1070 visitatore
1617 1041 1672 1069 aut
1698 1035 1775 1069 dicti
1805 1035 1933 1070 Ordinis

1175 1094 1295 1127 vicario
1317 1095 1349 1127 in
1371 1095 1510 1128 favorem
1532 1094 1752 1139 provincialis,
1775 1094 1931 1128 nominati

1176 1153 1223 1185 vel
1245 1152 1447 1193 nominandi,
1470 1153 1519 1186 vel
1534 1153 1747 1197 inposterum
1770 1152 1930 1191 facienda,

1176 1211 1238 1244 sint
1259 1211 1349 1244 irrita
1371 1216 1401 1244 et
1421 1211 1541 1249 inania,
1565 1216 1596 1244 et
1615 1211 1670 1254 qui
1691 1211 1730 1243 ad
1749 1211 1836 1244 hunc
1857 1211 1931 1244 effe-

1176 1275 1265 1302 ctum
1296 1274 1409 1302 contra
1438 1273 1584 1302 tenorem
1612 1269 1819 1302 decretorum
1846 1268 1931 1302 eius-

1176 1327 1248 1360 dem
1281 1327 1409 1360 eoncilii
1444 1338 1476 1360 se
1507 1327 1539 1360 in
1566 1326 1798 1370 provincialem
1828 1327 1930 1360 creari

1176 1384 1370 1427 permiserit,
1400 1391 1565 1429 tamquam
1596 1395 1662 1418 non
1691 1385 1837 1428 legitime
1866 1385 1931 1418 ele-

1175 1448 1263 1476 ctum
1285 1444 1503 1483 declaramus,
1525 1454 1561 1476 ac
1582 1443 1758 1476 electiones
1780 1449 1842 1476 tam
1858 1453 1933 1487 pro-

1175 1501 1319 1533 vincialis
1348 1512 1445 1545 quam
1467 1501 1608 1534 aliorum
1629 1501 1852 1545 praelatorum
1872 1512 1932 1546 pro

1177 1564 1321 1603 tempore
1340 1559 1515 1599 faciendas,
1538 1559 1658 1592 liberas
1672 1570 1740 1593 esse
1754 1559 1873 1593 debere
1885 1559 1933 1593 iu-

1175 1622 1226 1650 xta
1243 1617 1318 1650 dicti
1340 1618 1469 1650 concilii
1491 1618 1632 1660 decreta,
1649 1619 1800 1652 volumus
1818 1623 1850 1651 et
1866 1624 1930 1652 sta-

1176 1675 1309 1708 luimus.

1218 1734 1233 1777 §
1253 1733 1283 1767 3.
1308 1735 1376 1767 Non
1398 1735 1601 1768 obstantibus
1631 1735 1726 1768 dictis
1752 1735 1870 1768 litteris
1892 1746 1929 1768 ac

1174 1791 1245 1824 aliis
1276 1792 1540 1836 quibuscumque
1575 1793 1606 1825 in
1647 1793 1848 1826 contrarium
1883 1793 1930 1825 fa-

1175 1848 1308 1882 ciendis.

1218 1908 1232 1950 ξ
1258 1908 1289 1940 4.
1327 1908 1482 1941 Volumus
1516 1914 1624 1941 autem
1651 1908 1740 1952 quod
1774 1918 1928 1952 praesen-

1176 1965 1254 1998 tium
1291 1966 1515 2009 transumptis,
1545 1970 1617 2005 etc„
1640 1966 1737 1999 etiam
1764 1966 1929 2010 impressis

1970 1744 2066 1764 Clausum
2090 1743 2129 1764 ‹le-

1946 1776 2062 1801 rogatorta.

1959 1912 2127 1933 Fidestransum-

1945 1945 1985 1972 ptis
2000 1944 2075 1964 danda.

1174 2034 1271 2065 manu
1293 2024 1429 2057 alicuius
1450 2025 1567 2058 notarii
1594 2025 1716 2068 publici
1739 2024 1928 2068 subscriptis

1173 2086 1203 2113 et
1241 2081 1345 2124 sigillo
1382 2082 1519 2115 alicuius
1556 2093 1713 2126 personae
1748 2083 1780 2115 in
1822 2083 1926 2126 digni-

1175 2144 1238 2171 tate
1260 2139 1479 2172 ecclesiastica
1500 2141 1694 2173 constitutae
1706 2141 1850 2183 munitis,
1873 2151 1926 2174 ea-

1173 2197 1246 2229 dem
1268 2207 1401 2240 prorsus
1422 2198 1502 2231 fides
1522 2198 1736 2240 adhibeatur,
1759 2210 1841 2242 quae
1867 2199 1927 2232 eis-

1173 2254 1245 2287 dem
1266 2256 1492 2298 praesentibus
1512 2256 1737 2297 adhiberetur,
1769 2258 1793 2290 si
1821 2257 1926 2291 forent

1173 2311 1333 2345 exhibitae
1355 2314 1402 2346 vel
1423 2318 1581 2346 ostensae.
1918 2323 1919 2326 ’

1148 2338 1150 2361 t

1148 2365 1150 2415 l
1216 2370 1329 2403 Datum
1351 2371 1472 2404 Romae
1490 2373 1576 2415 apud
1592 2372 1623 2405 S.
1646 2372 1787 2413 Petrum,
1800 2373 1859 2406 sub
1871 2383 1925 2406 an-

1149 2417 1151 2440 t

379 2434 551 2467 cludentur
580 2436 690 2476 ceteri,
728 2443 758 2470 et
788 2439 911 2471 tollitur
935 2440 1151 2473 electoribus?
1173 2428 1251 2460 ΠΠῙΟ
1278 2428 1463 2469 ΡῙΞΟἎῙΟΓῙΒ,
1493 2429 1544 2462 die
1565 2440 1603 2463 XV
1624 2430 1734 2474 apsilis
1754 2440 1923 2471 MDLxxxtx,

378 2483 512 2526 capituli
534 2485 740 2528 provincialis
761 2487 863 2521 dictae
885 2489 1070 2531 provinciae
1084 2490 1129 2522 sa·
1173 2487 1380 2529 pontificatus
1400 2489 1501 2520 nostri
1524 2499 1608 2521 anno
1629 2499 1670 2521 IV-

378 2532 481 2566 cultas
502 2533 639 2576 eligendi
665 2545 836 2578 personam
861 2538 901 2570 ad
927 2538 957 2570 id
979 2539 1129 2572 idoneam

414 2624 424 2648 l
447 2622 490 2651 Ex
509 2622 621 2658 Regest.
638 2623 667 2652 in
682 2624 787 2653 Secret.
806 2625 949 2654 Brevium.

1194 2543 1256 2573 Dat.
1275 2545 1321 2574 die
1345 2545 1381 2574 15
1404 2546 1506 2584 aprilis
1529 2546 1618 2584 1589,
1646 2547 1750 2586 pontis.
1770 2556 1846 2576 anno
1865 2556 1906 2577 1v.
