2226 3070
28 306 76 332 An.
94 304 122 331 C.
147 303 214 330 1599.

47 1543 98 1563 Illuc
112 1543 213 1569 reliquias

28 1571 47 1589 et
57 1571 132 1590 mealia
142 1576 213 1590 mana-

28 1597 87 1616 sterii
103 1597 125 1617 S.
142 1596 212 1616 Victo-

41 1623 56 1642 i;
92 1623 212 1643 imminente

27 1650 99 1675 aliquo
119 1650 213 1675 perit-11:11

29 1676 136 1696 transferri
149 1676 213 1696 iubet.

82 1913 213 1934 Prior-atibus

115 1947 152 1966 prr
167 1947 212 1966 μψ-

149 1968 153 1987 t
176 1967 212 2002 abs
229 1973 290 2003 res,
304 1962 343 1994 ab
356 1962 470 1995 eodem
484 1961 653 1995 Ordinario
671 1963 909 2006 approbandos,
924 1964 971 1995 vel

29 1943 92 1961 unitis

27 1967 99 1993 sbyier

29 1994 78 2014 bale
93 2000 102 2012 S
148 2000 158 2013 ι’,
190 2001 213 2013 tis

29 2020 126 2040 insertiri
152 2026 213 2046 prae<

28 2047 86 2073 cipit.

71 2393 214 2414 l’raesentium

31 2421 146 2449 litterarum
182 2421 214 2441 tir-

31 2449 100 2467 mnas.

852 308 997 331 CLEMENS
1015 309 1071 331 Vll!
1092 309 1140 331 Pt‘.

227 353 354 391 mentis,
376 354 578 397 pertinentiis
596 361 623 387 et
647 355 740 388 bonis
759 355 970 398 ‹puluisculu—

227 417 300 449 que,
329 407 425 439 etiam
458 419 493 440 ex
523 419 618 448 nunc,
653 420 778 442 necnon
810 410 971 453 prioratus

226 461 420 503 praedictos,
445 473 517 494 cum
539 463 679 506 prinmm
704 475 760 506 per
778 475 901 497 cessum
923 464 970 496 vel

227 515 393 547 decessum
414 526 469 548 seu
482 527 592 559 quam·¹
603 517 626 548 is
640 517 735 549 aliam
748 517 969 550 dimissionem

228 568 355 600 illorum
377 569 416 601 ad
438 580 589 612 praesens
601 570 816 603 obtinentium
829 570 971 603 autalias

227 622 418 659 vacaverint,
444 634 573 656 mensae
593 624 796 656 conventuali
812 630 971 657 monaste·

226 675 264 706 rii
285 675 315 708 S.
340 675 474 709 Victoris
496 677 693 715 huiusmodi,
719 678 839 710 eisdem
862 683 972 710 aucto-

228 727 320 761 ritate
343 734 373 761 et
394 735 514 768 tenore,
538 729 686 762 similiter
715 736 871 774 perpetuo
899 730 971 763 uni-

227 792 308 818 mus,
341 781 542 814 annectimus
574 788 602 814 et
637 783 894 826 incorporamus,
931 783 971 815 ita

227 834 314 877 quod
341 833 435 867 liceat
463 835 627 878 praedicto
649 836 819 868 conventui
841 836 970 868 illorum

227 887 373 920 omnium
388 889 602 932 corporalem,
621 890 740 923 realem
762 896 790 923 et
812 890 970 923 actualem

227 941 463 985 possessionem
482 953 541 985 per
558 953 591 975 se
611 943 658 975 vel
680 943 778 976 alium
806 954 861 976 seu
893 943 971 977 alios

227 1005 351 1034 eorum,
376 1001 405 1028 et
423 995 526 1028 dictae
540 1007 668 1029 mensae
682 997 902 1030 conventualis
915 1008 971 1030 no—
989 1010 990 1015 ¹

228 1048 378 1085 minibus,
412 1049 543 1093 propria
572 1050 763 1083 auctoritato
792 1051 891 1084 libere
916 1063 971 1095 ap-

227 1103 429 1146 prehendere
451 1109 481 1136 et
501 1103 621 1147 pariter
638 1109 794 1147 perpetuo
818 1104 967 1144 retinere,

228 1167 353 1190 necnon
367 1158 498 1197 fructus,
513 1158 669 1197 redditus,
686 1164 870 1201 proventus,
886 1159 967 1199 iura,

228 1210 447 1247 obventiones,
472 1210 702 1249 emolumenta,
726 1211 921 1254 pertinentia
941 1218 969 1245 et
988 1231 989 1240 ι

228 1263 313 1296 bona
332 1274 369 1296 ae
389 1263 451 1296 alia
470 1264 655 1307 supradicta
675 1264 706 1296 in
728 1264 826 1308 ipsIus
844 1265 971 1308 collegii
988 1271 989 1293 t

228 1317 377 1361 illiusque
404 1317 633 1359 magistrorum
651 1324 680 1350 et
703 1318 838 1351 aliarum
860 1330 970 1362 perso-

228 1381 343 1403 narum
361 1371 438 1403 inibi
451 1382 510 1415 pro
525 1377 669 1415 tempore
683 1372 867 1414 degentium
881 1384 968 1413 usus,

228 1424 396 1457 utilitatem
415 1431 445 1458 et
465 1425 669 1458 necessitates
690 1432 889 1459 convertere.

273 1480 289 1520 ξ
318 1478 347 1511 7.
380 1479 511 1512 Necnon
539 1478 639 1522 ipsius
659 1480 846 1512 monasterii
867 1482 896 1513 S.
922 1481 972 1513 Yi—

229 1532 325 1565 ctoris
345 1531 497 1575 reliquias
515 1543 552 1565 ae
572 1532 708 1572 iocalia,
732 1539 922 1566 ornamenta
942 1540 971 1567 et

229 1591 432 1629 paramenta,
468 1586 598 1629 quando
628 1592 657 1618 et
689 1586 813 1629 quoties
843 1587 990 1631 evidens}

228 1639 408 1682 periculum
430 1644 483 1671 aut
503 1638 674 1672 necessitas
695 1639 739 1671 ita
749 1640 967 1682 postulaverit,
989 1635 990 1653 ³

229 1692 262 1724 in
283 1693 357 1725 dicti
379 1693 541 1736 suppressi
561 1693 747 1725 monasterii
769 1693 798 1726 S.
823 1694 968 1726 Salvato-

230 1746 272 1779 ris
293 1745 460 1779 ecclesiam
478 1746 648 1779 transferre
669 1757 705 1779 ac
725 1745 844 1779 ibidem
856 1757 971 1779 recon-

989 1535 1045 1567 :de
1075 1544 1158 1567 ΠΟΥΟ
1187 1544 1364 1573 ΟΟΠΟΘΞΞΞῙΞ,

230 1801 316 1833 dere·
328 1806 357 1833 et
378 1811 577 1833 conservare.

274 1857 290 1897 ξ
309 1854 339 1887 8.
361 1855 503 1894 Necnon,
518 1860 582 1887 tam
596 1854 749 1887 ecelesiae
771 1865 867 1898 quam
886 1855 972 1898 prio-

229 1908 350 1941 ratibus
371 1919 428 1951 per
448 1907 569 1951 aliquot
597 1908 800 1952 presbyteros
828 1908 972 1941 saecula·
989 1910 991 1950 ᾗ

229 2017 268 2049 de
288 2015 491 2059 superiorum
513 2026 646 2049 suorum
660 2015 799 2053 licentia,
811 2027 867 2060 per
881 2027 972 2059 prae-

199 2106 202 2107 7
229 2069 305 2102 dicti
338 2070 383 2102 rel
416 2069 554 2102 cuiusvis
575 2068 706 2101 alterius
723 2069 850 2102 Ordinis
870 2080 968 2109 regu-

229 2125 322 2163 lares,
343 2123 383 2155 ad
401 2133 512 2156 eorum
534 2128 647 2155 nutum
661 2123 829 2166 ponendos
843 2129 972 2155 elamo-

229 2177 360 2215 vendos.
381 2176 413 2208 in
435 2175 550 2208 divinis
568 2175 720 2218 deserviri
742 2176 855 2213 facere,
881 2187 990 2219 prae-¹

230 2230 304 2263 dicti
325 2229 485 2263 Ordinarii
506 2229 554 2261 rel
573 2228 710 2261 cuiusvis
724 2229 854 2261 alterius
873 2229 971 2262 licen·
989 2243 991 2257 s

231 2284 272 2317 tia
292 2284 431 2327 desuper
449 2283 583 2315 minime
604 2282 767 2326 requisita.

275 2340 291 2380 ξ
313 2338 343 2371 9.
363 2338 577 2371 Decernentes
597 2343 780 2380 praesentes
794 2337 926 2377 litteras,
939 2350 971 2370 e-
990 2338 991 2341 ’

233 2393 308 2425 tiam
330 2402 364 2424 ex
388 2402 425 2424 eo
446 2391 533 2434 quod
563 2390 716 2423 interesse
742 2390 897 2423 habentes
918 2402 972 2423 seu
990 2402 991 2417 1

231 2445 479 2490 praetendentes
500 2444 539 2477 ad
560 2444 639 2477 baec
666 2443 789 2484 vocati,
820 2450 849 2476 ‹·t
880 2455 992 2498 υειιιςειγ

230 2499 278 2532 vel
300 2509 426 2538 causae,
450 2504 583 2541 propter
603 2508 699 2540 quam
717 2508 772 2530 seu
791 2508 869 2540 quas
883 2508 974 2541 prae·
991 2511 992 2535 ς

231 2553 327 2585 missa
343 2557 545 2589 emanarunt,
563 2551 659 2584 etiam
673 2562 781 2584 coram
794 2551 973 2585 eodeniOr-
991 2537 992 2583 i

232 2606 369 2646 dinario,
391 2605 488 2638 etiam
510 2611 672 2648 tamquam
695 2617 711 2637 a
738 2605 817 2638 Sede
839 2602 992 2648 Aposto-i

231 2659 294 2692 lica
313 2659 471 2701 delegato,
484 2664 536 2691 aut
552 2659 631 2691 alias
644 2658 887 2702 quomodolibet
901 2668 974 2692 exa-

233 2713 371 2746 minatae
391 2718 423 2746 et
453 2712 642 2746 iustificatae
671 2722 736 2745 non
763 2712 904 2752 suerunt,
937 2712 994 2751 de,

1649 299 1706 331 571

1005 356 1221 400 subreptionis
1239 357 1286 389 vel
1309 357 1507 400 obreptionis
1528 363 1578 389 :mt
1596 358 1748 390 nullitatis

1005 410 1092 448 vitio,
1117 421 1173 443 seu
1194 410 1379 443 intentionis
1408 416 1535 443 nostrae
1568 411 1615 443 vel
1637 412 1748 454 quovis

1005 463 1068 495 alio
1089 464 1215 496 defectu
1237 463 1352 501 notari,
1376 463 1571 507 impugnari,
1590 465 1744 501 revocari,

1005 516 1168 559 suspendi,
1204 516 1364 557 restringi,
1398 516 1539 555 limitari,
1569 518 1746 549 modilicari

1005 575 1059 602 aut
1080 570 1125 602 eis
1143 570 1174 602 in
1196 570 1304 613 aliquo
1328 570 1475 613 derogari
1498 581 1560 603 non
1588 582 1696 613 posse,
1720 577 1746 603 et

1006 623 1216 655 nihilominus
1236 624 1294 655 sub
1317 623 1481 666 quibusvis
1502 623 1627 656 illarum
1644 629 1694 656 aut
1710 624 1749 656 si-

1007 676 1131 709 milium
1153 678 1199 709 rel
1230 677 1434 710 dissimilium
1457 678 1631 719 gratiarum
1653 688 1746 710 revo-

1006 730 1196 769 cationibus,
1230 731 1516 774 suspensionibus,
1540 731 1745 764 limitationi-

1007 783 1076 821 bus,
1093 784 1359 823 restrictionibus,
1377 785 1682 823 modilicationiims,
1696 785 1750 817 de-

1006 837 1228 879 rogationibus
1245 837 1293 870 vel
1322 838 1392 870 aliis
1423 838 1591 871 contrariis
1613 838 1748 882 disposi-

1007 890 1158 927 tionibus,
1184 891 1277 923 etiam
1296 901 1355 935 per
1384 902 1443 925 nos
1469 893 1517 924 vel
1548 903 1749 925 suecessorss

1006 949 1132 977 nostros
1152 945 1313 977 Romanos
1334 945 1504 978 Pontifices
1525 956 1583 989 pro
1605 951 1749 989 tempore

1006 997 1174 1030 existentes
1193 1004 1245 1030 aut
1257 998 1371 1031 Sedem
1386 999 1584 1041 praedictam
1598 1010 1657 1042 pro
1672 1005 1750 1031 tem-

1006 1062 1084 1094 pore
1104 1051 1348 1094 quomodolibet
1378 1051 1478 1089 l'actis‚
1507 1058 1536 1084 et
1567 1052 1662 1084 etlam
1693 1064 1750 1095 per

1005 1104 1182 1148 quemlibet
1202 1105 1384 1137 Romanum
1412 1105 1601 1137 Pontificem
1624 1117 1750 1138 succes-

1005 1167 1112 1190 sorem
1147 1163 1294 1190 nostrum
1330 1157 1362 1189 in
1396 1157 1571 1190 erastinum
1601 1169 1678 1191 suae
1710 1159 1750 1191 ad

1006 1211 1122 1243 summi
1146 1211 1344 1254 apostolatus
1369 1211 1492 1255 apicem
1522 1212 1750 1255 assumptionis

1006 1270 1060 1298 aut
1080 1265 1157 1297 alias
1178 1265 1485 1308 quomodocumque
1506 1264 1575 1298 fieri
1596 1265 1697 1298 solitis
1714 1277 1751 1298 ac

1006 1319 1102 1351 etiam
1123 1329 1181 1362 pro
1200 1324 1346 1362 tempore
1367 1319 1533 1357 faciendis,
1567 1320 1750 1353 nullatenus

988 1383 1160 1416 >umquam
1188 1373 1432 1416 comprehendi,
1465 1373 1520 1406 sed
1553 1384 1680 1417 semper
1711 1374 1750 1406 ab

1006 1426 1069 1459 illis
1089 1433 1247 1470 exceptas,
1262 1434 1290 1459 et
1314 1427 1438 1470 quoties
1452 1427 1525 1460 illae
1539 1428 1746 1466 emanabant,

1008 1479 1099 1513 toties
1120 1480 1152 1512 in
1182 1479 1353 1523 pristinum
1379 1486 1496 1513 statum
1522 1481 1683 1514 restitutas
1714 1492 1750 1513 ac

1404 1545 1441 1567 ae
1472 1534 1567 1567 etiam
1600 1545 1636 1567 ex
1665 1545 1751 1568 nunc

1006 1598 1099 1620 suum
1114 1587 1295 1631 plenarium
1308 1593 1339 1620 et
1352 1587 1512 1630 integrum
1521 1588 1669 1621 effectum
1683 1598 1751 1621 sor-

1008 1641 1078 1673 titas
1099 1651 1167 1673 esse
1188 1646 1216 1673 et
1236 1640 1375 1679 censeri,
1389 1641 1751 1685 sioqueperquoscum-

1007 1705 1068 1737 que
1087 1694 1208 1726 iudices
1230 1700 1259 1726 et
1285 1694 1537 1732 commissarios,
1562 1694 1672 1738 quavis
1693 1706 1750 1727 au-

1007 1747 1153 1780 ctoritate
1174 1748 1354 1789 fungentes,
1379 1748 1476 1781 etiam
1503 1759 1673 1781 causarum
1694 1749 1751 1781 Pa-

1006 1800 1072 1833 latii
1098 1801 1272 1844 Apostolici
1305 1801 1466 1834 auditores
1494 1812 1673 1845 eorumque
1699 1802 1750 1834 lo-

989 1860 1202 1903 ieatenentes⁷
1227 1865 1262 1887 ae
1281 1854 1310 1888 S.
1328 1855 1363 1887 R.
1384 1855 1416 1887 E.
1444 1855 1634 1893 cardinales,
1655 1855 1751 1888 etiam

1008 1908 1046 1940 de
1064 1908 1161 1940 latere
1182 1908 1304 1950 legatos
1325 1918 1504 1951 eorumque
1529 1907 1748 1951 vice-legatos,

1008 1961 1142 1993 iudicari
1163 1967 1191 1993 et
1214 1961 1341 1994 definiri
1363 1961 1500 1999 debere3
1524 1972 1650 1994 necnon
1672 1962 1748 1994 irri-

1007 2020 1073 2047 tum
1096 2020 1123 2047 et
1143 2015 1238 2047 inane
1256 2014 1414 2058 quidquid
1435 2026 1525 2047 secus
1546 2026 1644 2058 super
1665 2015 1713 2048 his
1734 2025 1752 2047 a

990 2079 1193 2112 quoquam,
1227 2068 1338 2111 quavis
1370 2068 1581 2105 au‹;·toritate,
1615 2068 1753 2101 scienter

1007 2122 1055 2154 vel
1073 2121 1269 2163 ignoranter,
1294 2121 1463 2163 contigerit
1484 2122 1644 2154 attentari.

1052 2177 1067 2217 ξ
1090 2174 1142 2208 to.
1167 2175 1324 2214 Quocirca
1345 2175 1468 2208 dilectis
1482 2174 1555 2208 filiis
1568 2175 1751 2219 praeposito

1007 2235 1035 2262 et
1057 2229 1209 2261 sacristae
1230 2229 1344 2262 maiori
1374 2240 1410 2262 ac
1436 2229 1558 2262 decano
1579 2229 1751 2262 saecularis

989 2288 1034 2316 ,et
1058 2281 1244 2324 collegiatae
1268 2282 1301 2314 B.
1326 2281 1443 2316 Mariae
1464 2282 1503 2315 de
1523 2281 1648 2315 Aceolis
1663 2309 1670 2321 ‚
1695 2293 1748 2315 ec-

1008 2336 1176 2368 clesiarum
1209 2335 1452 2376 Massiliensum,
1484 2346 1542 2379 per
1573 2335 1750 2379 apostolica

1008 2389 1125 2432 scripta
1146 2389 1336 2422 mandamus
1357 2395 1515 2432 quatenus
1533 2389 1604 2432 ipsi,
1619 2390 1667 2422 vel
1689 2389 1752 2422 duo

1008 2450 1061 2476 aut
1083 2454 1165 2476 unus
1186 2453 1309 2480 eorum,
1328 2454 1385 2487 per
1401 2454 1434 2476 se
1452 2444 1500 2477 vel
1522 2444 1620 2476 alium
1642 2454 1698 2476 seu
1719 2454 1752 2475 a·

1009 2498 1078 2535 lios,
1103 2503 1286 2541 praesentes
1306 2497 1427 2531 litteras
1448 2504 1477 2531 et
1499 2498 1590 2531 ineis
1604 2504 1752 2531 contenta

1009 2562 1243 2595 quaecumque,
1264 2551 1319 2584 ubi
1341 2557 1369 2584 et
1392 2552 1522 2595 quando
1545 2562 1625 2595 opus
1645 2552 1749 2590 suerit,

1009 2615 1044 2637 ac
1066 2603 1191 2647 quoties
1211 2615 1270 2648 pro
1291 2610 1381 2648 parte
1403 2610 1579 2638 conventus
1609 2610 1637 2637 et
1666 2614 1754 2635 com-

1010 2657 1174 2690 munitatis
1194 2668 1231 2690 ae
1252 2657 1420 2691 hominum
1442 2657 1682 2701 praedictorum
1704 2657 1751 2689 vel

1009 2711 1143 2745 alicuius
1164 2722 1277 2746 eorum
1298 2712 1415 2745 suerint
1429 2710 1584 2756 requisiti,
1599 2710 1752 2744 solemni-

1827 309 1854 334 [2⁴
1882 309 1946 336 1592

1767 2198 1863 2235 deputat.
