2226 3070
25 306 72 334 Λη.
95 305 122 332 C.
145 304 212 331 <1592

46 628 116 649 Sixto<
130 628 144 647 V
161 633 210 647 con-

25 656 87 676 cessit
108 657 129 674 ut
155 660 209 674 noia

24 684 102 702 statuta
111 687 151 701 non
160 687 171 701 a
181 682 209 701 ln-

25 708 209 731 &ordinari-used

25 742 37 755 a
65 734 209 760 superioribus

25 761 128 782 Minoi-um
149 760 209 781 Ordi-

25 788 56 809 uis
64 787 209 813 approbaren-

26 818 70 835 tur:

845 305 991 329 chtENS
1008 306 1065 329 v111
1083 305 1133 328 1²1³.

986 353 1112 389 ,batem
1139 354 1273 389 (attento
1304 352 1440 385 maxime
1463 353 1548 396 quod
1571 352 1628 396 ipsi
1650 364 1745 396 supe-

225 363 322 396 quam
354 353 599 396 temporalibus,
634 359 788 396 perpetuo
820 353 965 389 subiecit,

225 417 262 439 ac
287 406 365 438 alias
394 412 491 449 prout
521 406 551 438 in
585 406 696 439 litteris
724 406 796 438 dicti
823 406 967 445 Gregorii

226 459 483 503 praedecessoris
513 460 650 503 desuper
672 459 824 492 consectis
842 460 968 503 plenius
985 475 986 485 i

227 513 323 545 etiam
345 513 539 545 continetur.

271 569 286 608 ξ
308 566 338 599 6.
362 567 399 599 Et
417 567 533 599 deinde
563 578 620 610 pro
650 573 740 610 parte
772 567 907 599 ministri
939 572 985 602 eti

225 620 405 653 abbatissae
415 626 510 663 atque
524 626 699 653 conventus
713 620 897 653 monasterii
911 620 968 652 liu-
984 610 985 624 ³

225 673 363 706 iusinodi
376 674 566 706 recolendae
579 674 753 706 memoriae
767 674 852 706 Sixto
866 674 964 713 PPX,

225 726 319 760 etiam
334 727 572 770 praedecessori
585 733 705 764 nostro.
717 727 857 770 exposito
868 738 968 770 prope
985 751 986 758 ,

225 780 346 813 dictum
373 780 544 822 collegium
571 780 677 813 locum
704 780 743 813 ad
769 780 873 823 ipsum
900 791 968 813 mo-

224 833 400 866 nasterium
426 832 616 874 erigendum
646 834 853 866 commodum
878 832 969 865 satis-

225 897 286 930 que
307 887 451 930 amplum
472 897 537 920 non
559 898 637 924 esse,
663 887 850 931 dictumque
873 888 968 919 mini-

224 946 337 981 strum,
361 940 539 973 litterarum
562 941 705 974 eiusdem
719 941 864 983 Gregorii
876 951 969 984 prae-

225 994 402 1027 decessoris
433 994 554 1036 vigore,
586 995 816 1027 monasterium
838 994 967 1038 praedi-

225 1053 312 1081 ctum
330 1046 363 1079 in
382 1047 452 1080 aliis
474 1048 624 1081 domibus
644 1048 921 1081 commodioribus
939 1053 972 1080 et

225 1100 437 1144 amplioribus
465 1102 612 1138 erexisse,
634 1106 662 1134 et
691 1107 814 1134 servata
839 1101 870 1134 in
895 1101 968 1134 reli-

225 1155 296 1198 quis
322 1156 424 1187 forma
449 1155 628 1187 litterarum
659 1155 917 1198 praedictarum,
942 1154 967 1186 i-

226 1218 318 1251 psum
340 1208 512 1250 collegium
535 1208 574 1240 ad
595 1208 723 1240 easdem
745 1208 858 1240 domos
881 1214 966 1240 tran-

225 1261 361 1301 stulisse,
384 1261 533 1304 ipsosque
554 1261 748 1299 ministrum,
773 1260 967 1293 abbatissam

225 1320 253 1347 et
269 1320 462 1347 conventum
477 1314 661 1347 desiderare
675 1314 761 1358 quod
778 1320 895 1347 statuta
909 1325 967 1358 pro

224 1367 383 1410 regimine
401 1367 476 1400 dicti
495 1367 697 1405 monasterii,
722 1373 756 1399 ut
775 1367 964 1410 praefertur,

224 1421 393 1454 condenda
404 1432 421 1453 a
433 1421 653 1464 superioribus
670 1420 797 1454 Ordinis
810 1421 966 1453 Minorum

226 1474 264 1506 de
285 1474 502 1514 Observantia,
526 1485 590 1507 non
613 1480 719 1507 autem
741 1485 798 1518 per
823 1475 883 1507 loci
905 1475 965 1508 Or-

226 1528 400 1568 dinarium,
426 1529 481 1572 qui
502 1529 600 1561 abbas
621 1529 794 1561 saecularis
816 1535 846 1561 et
869 1529 967 1561 eolle-

225 1582 328 1623 giatae
349 1582 502 1615 ecclesiae
523 1582 597 1615 dieti
617 1582 727 1625 oppidi
749 1582 864 1619 existit,
886 1588 914 1614 et
937 1583 967 1614 in

226 1647 263 1669 eo
282 1636 477 1669 ordinariam
491 1642 613 1669 exercet
632 1636 895 1673 iurisdictionem,
913 1647 968 1679 ap-

226 1690 358 1733 probari
371 1690 536 1726 deberent,
552 1701 609 1733 per
622 1690 727 1733 ipsum
742 1689 863 1723 Sixtum
874 1700 967 1733 prae-

227 1743 427 1776 decessorem
448 1743 542 1776 statui
564 1750 592 1776 et
620 1743 774 1780 ordinari,
796 1743 881 1775 idem
902 1743 968 1776 Six-

227 1802 276 1829 tus
296 1797 534 1840 praedecessor,
555 1796 845 1840 supplicationibus
866 1796 964 1828 mini—

226 1849 293 1889 stri,
315 1850 495 1882 abbatissae
524 1855 553 1882 et
585 1855 760 1882 conventus
780 1849 964 1893 praedicto-

226 1913 297 1935 rum
323 1913 490 1941 annuens,
516 1903 711 1936 erectionem
733 1908 763 1935 et
783 1902 968 1936 translatio-

225 1966 298 1988 nem
320 1957 505 1989 monasterii
536 1956 705 2000 praedicti,
727 1956 820 1988 salvis
837 1956 968 1989 Concilii

225 2009 401 2043 Tridentini
423 2010 569 2049 decretis,
585 2010 761 2054 apostolica
779 2010 968 2043 auctoritate

225 2063 427 2097 confirmavit
445 2070 473 2096 et
496 2064 696 2108 approbavit,
712 2064 838 2107 illisque
855 2074 968 2107 perpe-

227 2123 299 2150 tuae
324 2124 355 2150 et
379 2118 573 2150 inviolabilis
598 2118 758 2150 firmitatis
782 2118 882 2150 robur
906 2117 965 2150 ad-

225 2171 309 2211 iecit,
333 2181 445 2204 omnes
465 2177 495 2204 et
516 2171 658 2214 singulos
678 2172 756 2204 iuris
773 2177 803 2204 et
825 2171 897 2204 sacti
916 2171 969 2203 de-

225 2224 335 2263 fectus,
365 2224 388 2257 si
415 2225 470 2268 qui
503 2224 745 2257 intervenissent
773 2225 805 2257 in
833 2224 965 2261 eisdem,

224 2278 420 2321 supplendo,
444 2278 617 2321 statuitque
641 2278 737 2311 etiam
759 2283 787 2310 et
812 2283 969 2321 perpetuo

225 2331 381 2364 ordinavit
397 2331 483 2374 quod
501 2337 618 2364 statuta
636 2337 663 2364 et
683 2331 901 2364 ordinationes
914 2331 969 2363 de-

225 2395 332 2427 super,
349 2390 383 2417 ut
396 2385 586 2428 praefertur,
604 2385 772 2418 condenda
790 2391 818 2417 et
836 2395 891 2417 seu
907 2384 967 2417 iam

225 2438 363 2475 condita,
388 2438 472 2471 iuxta
493 2444 675 2482 temporum
696 2437 883 2481 qualitatem
901 2448 970 2471 cor-

224 2491 377 2534 rigenda,
416 2492 636 2529 reformanda,
678 2491 848 2531 mutanda,
890 2492 969 2524 alte—

225 2545 325 2578 randa
343 2551 373 2577 et
390 2545 599 2585 moderanda,
617 2551 681 2578 tarn
694 2545 865 2587 collegium
878 2545 969 2588 puel-

226 2598 330 2630 larum
345 2608 440 2641 quam
458 2598 689 2631 monasterium
708 2597 897 2630 monialium
911 2597 970 2630 hu-

227 2652 366 2686 iusmodi
387 2652 625 2692 concernentia,
643 2662 660 2684 a
681 2651 901 2696 superioribus
921 2651 969 2685 di-

227 2706 268 2738 cti
295 2705 438 2744 Ordinis,
463 2717 525 2739 non
553 2712 659 2739 autem
686 2717 742 2750 per
767 2706 885 2739 dictum
908 2706 966 2738 ab-

1649 294 1706 327 591

1003 406 1115 442 riores,
1134 417 1180 443 ea,
1197 417 1278 449 quae
1293 406 1331 439 ad
1350 406 1539 449 quietiorem
1561 407 1656 439 vitam
1679 407 1746 438 ani-

1004 470 1193 502 marumque
1214 460 1348 492 salutem
1371 466 1433 492 tam
1454 460 1634 503 puellarum
1649 470 1744 503 quam

1004 513 1191 545 monialium
1214 513 1396 546 monasterii
1412 513 1595 545 huiusmodi
1615 523 1747 545 concer-

1002 566 1120 602 nentia,
1141 572 1303 609 tamqnam
1326 577 1437 599 eorum
1459 566 1637 599 visitatores
1651 572 1679 598 et
1694 577 1746 598 su-

1003 619 1156 661 periores,
1181 620 1295 653 melius
1314 620 1495 653 discernere
1514 621 1674 663 poterant)
1689 630 1746 663 ap-

1002 673 1132 716 probari
1148 673 1310 710 deberent,
1328 674 1479 717 quodque
1491 673 1660 711 abbatissa,
1679 684 1747 706 nto-

1003 725 1113 763 niales,
1135 732 1309 759 conventus
1330 727 1517 759 monasterii
1542 727 1742 765 huiusmodi,

1003 790 1065 811 nna
1083 790 1156 811 eum
1178 790 1288 812 earum
1306 780 1526 824 superioribus
1544 780 1747 812 administra-

1005 837 1088 864 tores
1100 833 1140 864 ad
1152 833 1418 876 dictasorphanas
1429 833 1602 875 eligendas,
1614 843 1743 866 earum-

1003 896 1065 928 que
1076 885 1161 918 bona
1170 886 1391 927 gubernanda,
1405 892 1500 929 atque
1512 887 1551 919 ad
1564 886 1672 919 omnia
1685 886 1747 918 alia

1004 939 1034 971 in
1045 939 1136 972 dictis
1147 939 1292 981 Gregorii
1305 939 1418 972 litteris
1430 946 1580 972 contenta
1592 950 1747 983 peragen-

1003 993 1079 1025 dum
1093 999 1227 1029 (attento
1248 993 1387 1026 maxime
1407 994 1494 1036 quod
1509 994 1596 1026 nulla
1615 999 1747 1026 eatenus

1003 1047 1157 1080 canonica
1170 1047 1282 1079 electio
1295 1057 1313 1079 a
1331 1053 1475 1090 tempore
1490 1047 1659 1079 erectionis
1672 1058 1744 1079 mo-

1003 1101 1132 1133 nasterii
1163 1101 1348 1134 huiusmodi
1379 1101 1416 1134 de
1439 1101 1500 1133 illis
1520 1101 1600 1134 sacta
1631 1102 1746 1137 suerat)

1003 1154 1157 1196 deputare
1174 1159 1315 1196 possent,
1340 1154 1544 1197 irritumque,
1567 1164 1602 1186 ex
1622 1160 1696 1186 tunc
1717 1160 1744 1186 et

1003 1206 1096 1239 inane
1118 1207 1256 1240 decrevit
1277 1207 1434 1251 quidquid
1452 1218 1542 1240 secus
1562 1218 1659 1251 super
1672 1207 1716 1239 eis
1731 1217 1747 1239 a

1003 1270 1178 1304 quoquam,
1202 1261 1340 1294 scienter
1361 1261 1407 1293 vel
1427 1261 1622 1303 ignoranter,
1637 1261 1748 1304 quavis

1002 1314 1192 1347 auctoritate
1215 1315 1391 1357 contigeret
1418 1314 1582 1352 attentari,
1608 1326 1643 1347 ae
1671 1315 1748 1347 alins

1003 1373 1030 1399 et
1046 1368 1107 1400 alia
1122 1368 1289 1411 disposuit,
1313 1374 1406 1411 prout
1432 1368 1463 1400 in
1483 1368 1554 1401 aliis
1575 1368 1649 1400 dieti
1671 1368 1746 1401 Sixti

1003 1421 1258 1463 praedecessoris
1271 1421 1396 1461 litteris,
1414 1422 1551 1465 desuper
1565 1421 1659 1454 etiam
1672 1432 1747 1453 eon-

1003 1474 1101 1511 fectis,
1132 1474 1259 1517 plenius
1287 1485 1416 1518 quoque
1445 1475 1635 1508 continetur.

1047 1529 1061 1569 ,ξ
1086 1528 1114 1560 7.
1139 1529 1281 1572 Cumque
1299 1530 1506 1572 postmodum
1526 1529 1671 1561 minister
1692 1540 1746 1569 ge-

1003 1582 1120 1614 neralis
1139 1582 1266 1615 Ordinis
1286 1582 1445 1615 Minoruin
1467 1583 1504 1615 de
1525 1582 1742 1621 Observantia,

1003 1635 1187 1668 huiusmodi
1200 1636 1308 1678 vigore
1325 1636 1505 1669 litterarum
1527 1647 1545 1668 a
1565 1636 1649 1668 dieto
1663 1636 1742 1669 Gre-

1002 1688 1093 1730 gorio
1102 1689 1360 1732 praedecessore,
1371 1695 1404 1722 ut
1416 1690 1605 1732 praefertur,
1618 1700 1746 1721 emana-

1002 1747 1107 1774 tarum
1121 1742 1314 1784 gubernium
1329 1748 1357 1775 et
1370 1753 1480 1775 euram
1499 1742 1625 1784 collegii
1638 1748 1667 1774 et
1679 1753 1747 1774 mo-

1003 1795 1134 1828 nasterii
1145 1796 1384 1838 praedictorum
1397 1807 1472 1828 suae
1487 1806 1582 1829 curae
1597 1795 1748 1828 commis—

1003 1859 1112 1882 sorum
1135 1849 1348 1892 acceptando,
1377 1849 1523 1881 eamdem
1550 1859 1660 1881 curam
1689 1859 1744 1881 su-

1003 1902 1122 1945 periori
1136 1903 1319 1946 provinciae
1331 1902 1554 1946 Coneeptionis
1566 1902 1641 1935 dicti
1655 1902 1747 1935 Ordi-

1004 1955 1062 1994 nis,
1086 1961 1161 1988 tunc
1183 1961 1209 1988 et
1232 1965 1291 1998 pro
1304 1961 1448 1998 tempore
1460 1955 1646 1988 existentem
1661 1966 1748 1988 cotn—

1004 2009 1136 2047 miserit‚
1160 2009 1367 2052 prohibendo
1389 2014 1495 2042 tamen
1523 2009 1609 2052 quod
1640 2009 1748 2041 nullus

1004 2062 1134 2095 Ordinis
1162 2062 1347 2095 huiusmodi
1374 2063 1546 2105 praelatus,
1571 2063 1670 2095 frater
1700 2062 1748 2094 vel

1004 2115 1151 2148 subditus
1171 2126 1203 2148 se
1224 2116 1290 2148 ullo
1311 2126 1466 2158 umquam
1488 2121 1632 2159 tempore
1647 2116 1748 2148 intro-

1006 2169 1132 2202 mittere
1150 2169 1267 2201 valeret
1290 2169 1321 2201 in
1342 2168 1535 2212 recipiendis
1557 2179 1613 2201 seu
1634 2168 1747 2212 nuptui

1005 2222 1170 2255 tradendis
1196 2222 1311 2265 puellis
1333 2222 1485 2266 orphanis
1511 2222 1586 2255 dieti
1607 2222 1744 2264 collegii,

1005 2286 1109 2319 neque
1127 2276 1159 2308 in
1180 2276 1458 2308 administratione
1472 2276 1633 2309 bonorum
1648 2276 1748 2309 dicto-

1006 2340 1077 2362 rum
1100 2329 1285 2362 monasterii
1307 2335 1335 2362 et
1357 2329 1494 2372 collegii,
1519 2340 1601 2373 quae
1620 2329 1667 2362 uti
1694 2340 1748 2362 ne-

1005 2383 1090 2425 gotia
1118 2383 1157 2415 ad
1184 2383 1364 2415 saeculares
1389 2383 1518 2427 proprie
1543 2383 1745 2426 pertinentia,

1006 2436 1169 2479 Alphonso
1191 2442 1220 2469 et
1246 2436 1560 2469 administratoribus
1580 2436 1656 2469 dicti
1676 2436 1745 2469 col-

1005 2489 1077 2531 legii
1092 2490 1192 2522 libera
1204 2489 1334 2529 dimisit,
1345 2496 1478 2534 propter
1492 2489 1748 2523 inconvenientia

1006 2544 1117 2576 exinde
1138 2544 1244 2587 quoad
1262 2544 1430 2586 religiosos
1447 2543 1662 2577 verisimiliter
1674 2544 1748 2576 sub-

1005 2597 1157 2638 oriunda,
1188 2608 1225 2630 ac
1253 2597 1348 2630 etiam
1373 2608 1520 2641 expresse
1544 2596 1747 2640 probibendo

1005 2651 1178 2691 confessori
1201 2651 1390 2684 monialium
1412 2651 1486 2684 dicti
1509 2648 1693 2683 monasterii
1715 2649 1746 2681 in

988 2716 1043 2741 ,eo
1068 2711 1258 2748 pernoctare
1281 2706 1328 2738 vel
1349 2705 1519 2749 prandium
1544 2715 1680 2737 sumere.

1760 305 1809 330 An.
1827 304 1855 331 C.
1878 304 1946 331 1592

1787 737 1946 763 Superioribus-

1762 770 1802 790 que
1824 767 1946 784 liionusterti

1763 791 1946 811 ntailniimstrato-

1762 819 1946 843 reseligercntpru

1763 845 1807 864 eius
1832 845 1947 869 regimine.

1762 873 1873 891 c-iiicessit.

1816 1536 1912 1556 Generali
1927 1538 1945 1555 et

1762 1563 1841 1589 provin<
1852 1563 1887 1583 lali
1910 1562 1947 1582 Mi-

1762 1594 1876 1610 tiustldrum
1905 1595 1947 1609 [ΠΟ-

1761 1617 1859 1637 matium⁴
1890 1616 1947 1641 puel-

1762 1645 1827 1663 larum
1845 1648 1893 1663 xero
1912 1648 1947 1661 cn-

1763 1677 1805 1690 rnm
1816 1670 1947 1689 adminstra-

1763 1696 1842 1716 twdms
1863 1695 1946 1716 commi-

1762 1730 1770 1739 ἦ
1783 1727 1786 1731 ,
