2226 3070
164 253 216 281 An.
233 252 252 280 C
276 253 343 282 1589

401 240 467 274 ttlt

357 309 413 337 aut
436 302 644 346 singulariter
668 302 752 336 inter
771 312 872 335 unum
894 300 1046 344 quodque
1057 309 1111 331 eo-

356 368 441 397 rum,
477 362 541 389 tam
573 367 671 400 super
704 353 969 399 interpretatione
996 363 1033 384 ac
1053 352 1109 384 de-

357 411 533 443 claratione
545 410 808 453 praemissorum,
820 417 916 450 quam
934 416 1032 448 super
1041 405 1110 448 qui-

312 502 316 506 *
356 464 560 506 busciunque
597 463 666 495 aliis
705 461 810 494 causis
843 471 879 492 ac
905 458 1107 498 differentiis,

183 897 204 918 lu
220 898 268 917 ¹diis
284 897 339 917 easi-

156 929 192 949 lnus
235 928 340 949 servanda

155 960 240 979 decreta
264 960 339 979 visita—

156 992 207 1010 toris
223 994 243 1010 et
254 990 339 1010 litterae

156 1022 249 1041 eiusdem
265 1020 339 1041 Ponti<

156 1057 199 1073 liei<

184 1316 295 1338 tliausuiie

199 2385 342 2406 ttoninussaru

160 2418 252 2442 deputati
269 2418 292 2437 ad
309 2423 333 2437 ex

158 2449 276 2474 &quen-lum

355 527 439 560 quae
459 517 632 549 audiantur
652 521 683 547 et
703 513 918 547 terminentur
934 512 973 545 ab
995 511 1108 544 eodem

355 570 523 602 Dominico
545 567 714 605 cardinali,
747 577 845 609 quem
877 571 1040 609 tamquam
1063 564 1110 597 in-

355 623 542 660 formatum,
572 631 608 653 ac
629 620 667 652 de
689 619 782 652 cuius
807 618 979 661 prudentia
1007 618 1109 650 consi-

355 675 472 714 dimus,
499 673 619 706 scimus
639 673 725 715 quod
748 671 865 715 poterit
889 681 925 704 ac
945 671 1110 704 valebito-

355 728 440 760 mnia
461 727 535 767 alia,
569 727 593 759 si
629 726 707 759 oriri
729 724 936 768 contingerit,
959 724 1052 757 finire
1078 729 1110 756 et

354 779 540 813 terminare.

399 832 486 876 §3st
515 832 708 866 Ordinantes
737 832 833 865 etiam
867 832 953 875 quod
982 831 1012 863 in
1040 830 1111 863 aliis

354 886 483 919 casibus
514 897 579 919 uon
610 885 856 930 comprehensis
884 885 917 917 in
938 884 1031 917 dictis
1052 894 1110 917 no-

354 940 426 973 stris
455 940 580 981 litteris,
612 945 780 972 serventur
799 944 917 971 statuta
934 938 996 971 loci
1018 949 1053 970 ac
1080 949 1111 970 a-

355 993 415 1026 liae
435 998 563 1026 nostrae
585 993 711 1026 litterae
732 993 763 1025 in
787 994 888 1025 fornia
908 992 1014 1024 brevis
1034 991 1112 1023 alias

355 1046 521 1079 mensibus
550 1047 667 1090 elapsis
698 1047 838 1090 desuper
870 1047 1048 1085 contectae,
1075 1056 1111 1077 ac

354 1100 483 1132 decreta
504 1099 659 1143 praedicti
677 1099 863 1138 visitatoris3
886 1104 914 1131 et
936 1099 978 1131 ita
999 1098 1112 1131 statui-

356 1163 438 1193 mus,
466 1152 657 1186 ordinamus
679 1152 973 1196 inviolabiliterque
1000 1152 1110 1185 ohser-

354 1206 419 1239 vari
442 1207 645 1240 mandamus.

399 1260 413 1302 ξ
433 1259 487 1292 31.
511 1260 630 1303 Sieque
652 1271 709 1303 per
724 1270 949 1303 quoscumque
975 1258 1108 1298 iudices,

355 1313 589 1355 gubernatores
609 1319 640 1346 et
657 1312 908 1351 commissarios,
927 1311 1038 1355 (plavis
1053 1323 1111 1344 au-

356 1366 505 1399 ctoritate
528 1366 710 1409 fungentes,
733 1366 828 1399 etiam
851 1366 954 1398 dictae
975 1365 1110 1398 Sanctae

356 1420 447 1452 Sedis
468 1420 507 1452 de
534 1420 633 1452 latere
656 1420 789 1462 legatos,
810 1430 846 1451 ac
861 1418 891 1451 S.
920 1419 957 1451 R.
982 1419 1015 1451 E.
1040 1429 1110 1451 car-

356 1473 481 1505 dinales
502 1478 531 1505 et
552 1483 723 1505 causarum
745 1472 1113 1515 PalatiiApostoliciau-

357 1526 490 1565 ditores,
513 1526 639 1558 sublata
651 1526 697 1558 eis
710 1531 737 1558 et
757 1536 869 1558 eorum
888 1525 1021 1558 cuilibet
1034 1537 1112 1569 qua-

361 1578 405 1610 vis
416 1579 508 1612 aliter
523 1579 689 1612 iudicandi
711 1584 742 1611 et
761 1578 996 1623 interpretamli
1013 1579 1112 1612 sacul-

357 1637 419 1664 tate
440 1637 467 1664 et
490 1632 694 1672 auctoritate,
713 1632 834 1675 ubique
855 1632 991 1665 iudicari
1014 1637 1044 1664 et
1061 1633 1112 1665 de-

357 1685 442 1717 tiuiri
469 1686 609 1726 debere,
632 1696 758 1718 necnon
779 1690 965 1729 praesentes
992 1686 1113 1718 litteras

356 1738 395 1770 de
417 1738 637 1781 subreptionis
658 1739 705 1772 vel
727 1739 929 1782 obreptionis
945 1738 1033 1779 vitio,
1056 1749 1112 1771 scu

358 1792 745 1825 intentionisnostraevel
764 1792 919 1836 quopiam
941 1793 1003 1825 alio
1025 1792 1112 1825 dese-

358 1851 412 1877 ctu
436 1845 550 1883 notari,
581 1846 779 1889 impugnari,
808 1846 975 1879 invalidari
998 1852 1053 1879 aut
1073 1847 1110 1879 ad

358 1898 513 1931 terminos
534 1899 613 1932 iuris
628 1900 755 1939 reduci,
779 1910 835 1932 seu
856 1900 887 1932 in
909 1900 959 1932 ius
978 1901 1113 1932 velcon-

355 1952 542 1984 trovcrsiam
559 1953 715 1991 revocari,
731 1953 826 1985 etiam
841 1964 876 1985 ex
895 1963 932 1985 eo
953 1953 1040 1996 quod
1055 1953 1114 1985 eis-

358 2006 430 2037 dem
454 2006 641 2048 praeunssis
659 2006 812 2039 interesse
833 2007 989 2039 babentes
1009 2007 1111 2039 vocati

357 2069 419 2090 nou
438 2059 569 2099 suerint,
584 2060 673 2091 nullo
690 2070 832 2102 unquam
847 2064 993 2103 tempore
1005 2070 1110 2103 possc;

358 2112 484 2144 irritum
511 2123 641 2156 qnoque
677 2119 707 2145 et
737 2114 831 2145 inane
859 2113 1066 2147 decernimus
1087 2114 1111 2145 si

357 2176 448 2197 secus
470 2166 638 2209 superbis
668 2177 685 2198 a
715 2177 893 2209 quoquam,
922 2167 1034 2209 quavis
1054 2178 1112 2199 au-

356 2218 513 2257 ctoritate,
534 2219 674 2251 scienter
685 2220 731 2252 vel
753 2220 950 2262 ignoranter,
972 2220 1114 2263 eontige-

357 2272 397 2303 rit
417 2272 578 2304 attentari.

401 2325 416 2367 ᾖ
435 2325 489 2357 32.
513 2325 581 2363 Ouo
602 2326 687 2358 cirea
707 2327 947 2359 venerabilibus
960 2327 1114 2359 fratribus

357 2378 559 2411 Anconitano
578 2384 608 2411 et
633 2379 860 2411 Auximanensi
882 2380 1054 2423 episcopis,
1077 2391 1112 2412 as?

358 2427 477 2459 dilecto
509 2427 575 2459 tilio
604 2438 774 2460 causarum
814 2429 930 2461 Curiae
961 2429 1113 2462 Gamerae

359 2476 563 2518 Apostolicae
584 2476 725 2517 generali
748 2477 888 2509 auditori
923 2478 1114 2510 mandamus

359 2531 518 2567 quatenus
544 2525 625 2568 ipsi,
648 2526 694 2557 vel
716 2526 780 2557 duo
801 2532 856 2558 aut
876 2537 961 2558 unus
985 2537 1111 2565 eorum,

361 2584 417 2615 per
438 2584 470 2606 se
490 2574 538 2606 vel
559 2573 658 2606 alium
675 2584 730 2606 seu
752 2574 843 2614 alios,
861 2580 1046 2617 praesentes
1066 2575 1115 2607 lit—

358 2629 442 2655 teras
462 2628 492 2656 et
514 2623 605 2656 ineis
630 2628 779 2657 contenta
796 2633 1035 2666 quaecumque,
1059 2625 1112 2657 ubi
1132 2631 1140 2680 Ι

956 244 1136 271 BULLARIUM
1160 243 1313 269 ROMANUM

1152 302 1182 330 et
1202 296 1331 340 quando
1357 305 1439 339 opus
1459 294 1567 333 suerit,
1591 294 1778 328 solemniter
1801 294 1908 339 publi-

1153 360 1274 393 cantes,
1287 353 1403 387 saciant
1422 352 1615 386 auctoritate
1632 357 1741 385 nostra
1754 353 1908 396 praemis-

1153 423 1186 445 sa
1200 411 1309 445 omnia
1322 410 1484 444 observari
1496 422 1503 451 ;
1522 409 1777 443 contradictores
1789 410 1909 453 quosli-

1152 470 1239 502 hetet
1252 469 1389 502 rebelles
1400 495 1407 509 ,
1422 474 1448 501 ct
1465 467 1650 512 praemissis
1662 478 1727 500 non
1742 473 1908 511 parentes,

1153 538 1210 571 per
1229 527 1412 571 praedictas
1431 532 1462 560 et
1481 526 1560 559 alias
1579 526 1770 566 sententias,
1793 536 1909 559 censu-

1153 597 1203 619 ras
1224 592 1254 619 et
1276 596 1396 629 poenas
1427 584 1661 619 ecclesiasticas
1693 585 1822 628 aliaque
1851 596 1909 628 op-

1152 650 1293 687 portuna
1321 644 1401 676 iuris
1431 649 1461 676 et
1481 643 1555 676 sacti
1576 642 1736 683 remedia,
1763 643 1909 687 appella-

1154 702 1239 735 tione
1268 702 1457 746 postposita‚
1481 701 1731 745 compescendo,
1762 701 1910 734 invocato

1152 759 1249 792 etiarn
1271 760 1309 792 ad
1331 761 1405 800 hoc,
1427 760 1453 793 si
1465 770 1548 803 opus
1568 759 1677 799 suerit,
1700 758 1820 791 auxilio
1835 758 1908 792 bra-

1153 817 1217 850 chii
1244 817 1431 850 saecularis.

1197 875 1211 915 g
1231 874 1286 908 33.
1314 875 1381 907 Non
1404 875 1607 907 obstantibus
1628 875 1730 907 felicis
1755 875 1910 908 recorda-

1154 932 1250 964 tionis
1273 932 1427 965 Bonifacii
1463 933 1519 965 PP.
1548 933 1629 973 Vlll,
1652 933 1911 979 praedecessoris

1153 990 1267 1029 nostri,
1281 991 1319 1022 de
1331 1000 1407 1030 una,
1424 996 1455 1023 et
1473 991 1503 1022 in
1517 990 1656 1023 concilio
1669 990 1811 1033 generali
1827 990 1909 1023 edita

1153 1048 1192 1080 de
1213 1048 1340 1081 duabus
1370 1048 1496 1089 diaetis,
1528 1048 1705 1081 dummodo
1736 1049 1819 1081 ultra
1846 1053 1911 1082 tres

1153 1106 1274 1139 diaetas
1294 1106 1409 1150 aliquis
1430 1106 1620 1140 auctoritate
1636 1107 1855 1150 praesentium
1870 1107 1909 1140 ad

1154 1165 1310 1198 iudicium
1319 1176 1384 1198 non
1393 1165 1551 1207 trabatur,
1562 1166 1697 1209 aliisque
1707 1165 1911 1199 constitutio-

1153 1223 1248 1256 nibus
1269 1230 1300 1256 et
1320 1223 1579 1257 ordinationibus
1610 1223 1807 1267 apostolicis,
1833 1234 1909 1256 nec-

1153 1291 1218 1314 non
1240 1282 1386 1323 civitatis,
1410 1282 1583 1315 comitatus
1599 1287 1629 1314 et
1650 1287 1830 1315 castrorum
1849 1282 1909 1314 hu-

1154 1340 1305 1378 iusmodi,
1337 1341 1533 1381 iuramento,
1556 1340 1803 1373 confirmatione
1828 1351 1908 1383 apo-

1153 1398 1266 1431 stolica
1283 1398 1331 1431 vel
1352 1398 1462 1441 quavis
1479 1398 1631 1430 firmitate
1647 1398 1709 1431 alia
1734 1398 1906 1438 roboratis,

1153 1456 1279 1489 statutis
1315 1461 1345 1489 et
1383 1456 1696 1497 rousiletudiiiibus;
1734 1455 1908 1499 privilegiis

1153 1524 1297 1557 quoque,
1321 1514 1454 1546 indultis
1475 1519 1506 1547 et
1522 1514 1637 1547 litteris
1663 1514 1849 1558 apostolicis
1875 1514 1908 1547 in

1154 1571 1354 1604 contrarium
1375 1571 1622 1614 quomodolibet
1648 1571 1822 1614 concessis,
1850 1583 1907 1617 ap-

1154 1629 1297 1672 probatis
1331 1634 1362 1662 et
1394 1629 1564 1662 innovatis.
1594 1629 1718 1668 Quibus
1743 1631 1906 1671 omnibus,

1154 1697 1266 1720 eorum
1284 1693 1412 1720 tenores
1425 1687 1650 1731 praesentibus
1670 1698 1728 1731 pro
1749 1688 1910 1722 sufficien-

1154 1751 1202 1778 ter
1218 1746 1375 1789 expressis
1398 1747 1561 1785 habentes,
1576 1746 1639 1779 illis
1653 1746 1732 1778 alias
1743 1746 1774 1778 in
1789 1757 1847 1780 suo
1859 1758 1910 1779 ro—

1154 1804 1232 1836 bore
1246 1803 1479 1847 permansuris,
1494 1803 1552 1835 bae
1563 1802 1631 1835 vice
1643 1803 1821 1845 dumtaxat,
1837 1814 1909 1848 spe-

1155 1861 1280 1893 cialiter
1297 1867 1325 1893 et
1348 1872 1497 1904 expresse
1518 1861 1721 1903 derogamus,
1740 1862 1910 1895 contrariis

1154 1918 1426 1963 quibuscumque.
1450 1919 1511 1951 Aut
1531 1919 1744 1962 sialiquibus,
1763 1930 1910 1952 commu-

1154 1978 1237 2011 niter
1257 1979 1303 2011 vel
1325 1977 1464 2018 divisim,
1479 1978 1518 2009 ab
1535 1977 1645 2010 eadem
1660 1977 1699 2010 sit
1714 1977 1795 2010 Sede
1808 1978 1911 2011 indul-

1155 2042 1223 2068 tum
1248 2036 1335 2078 quod
1358 2035 1522 2074 interdici,
1544 2035 1697 2078 suspendi
1726 2041 1755 2068 et
1781 2047 1910 2069 excom—

1155 2094 1314 2126 municari
1337 2104 1400 2126 non
1423 2093 1546 2136 possint
1568 2103 1625 2136 per
1645 2093 1768 2126 litteras
1783 2099 1910 2137 aposto-

1154 2151 1232 2184 licas
1253 2162 1317 2183 non
1339 2151 1492 2184 facientes
1518 2152 1646 2194 plenam
1676 2157 1706 2184 et
1725 2162 1907 2196 expressam

1155 2221 1191 2242 ac
1211 2210 1249 2243 de
1269 2210 1366 2243 verbo
1387 2210 1425 2242 ad
1446 2210 1578 2242 verbum
1598 2210 1636 2242 de
1655 2210 1782 2243 indulto
1798 2211 1912 2243 huius-

1155 2268 1241 2301 modi
1263 2268 1475 2301 mentionem.

1198 2327 1312 2360 Datum
1326 2327 1447 2359 Romae
1462 2327 1547 2370 apud
1561 2327 1593 2360 S.
1615 2328 1770 2369 Marcum,
1786 2328 1845 2360 sub
1856 2338 1911 2361 an-

1156 2387 1233 2418 nulo
1254 2385 1438 2425 piscatoris,
1455 2395 1510 2418 vm
1529 2385 1597 2417 iulii
1614 2395 1786 2426 uanxxix,
1806 2387 1911 2429 ponti-

1156 2444 1271 2476 ficatus
1291 2445 1391 2476 nostri
1414 2454 1497 2476 anno
1520 2453 1548 2476 v.

1223 2502 1282 2531 nai.
1308 2502 1354 2531 die
1378 2503 1394 2531 8
1419 2502 1481 2532 iulii
1503 2503 1591 2540 1589,
1615 2503 1721 2543 pontis.
1742 2513 1789 2534 an⁴
1817 2513 1842 2533 v.

1924 243 1975 272 An,
1994 244 2023 272 C.
2041 245 2110 273 1589

1994 890 2108 917 Dei-egidio

1926 922 2088 943 contrariorum.
