2226 3070
175 288 227 315 An.
241 286 270 314 C.
292 288 360 317 1588

201 1000 338 1021 Piooemiuni.

207 1319 353 1346 Congregiuo

170 1351 312 1377 portugalliae
343 1359 352 1371 a

168 1382 276 1408 primaevo
291 1382 354 1402 tusti-

168 1415 213 1432 1utu
225 1413 352 1434 desciverat.

418 278 460 312 58

668 340 836 375 CXXXVII.

375 415 591 458 conisi-cyano
631 416 857 458 Portasyalliae
888 413 1022 446 Ordinis
1055 412 1124 453 frct-

420 473 505 501 lrum
531 469 757 501 Ereiititarum
776 468 810 500 S.
835 466 1030 507 Hieronymi
1048 465 1125 497 mii-

420 526 473 554 lttr
500 522 746 564 eonqreyaliom'
768 521 802 553 S.
826 519 1071 552 Bartholomaei
1090 518 1126 550 de

418 574 568 617 Lupiaiio
589 574 670 606 <licii
685 573 818 606 Ordinis
838 573 931 614 reqsni'
947 571 1125 614 Hispania-

416 637 502 665 rum,
540 631 567 658 et
597 627 743 668 deinceps
768 626 823 657 sith
851 625 963 657 eadem
983 625 1127 667 requiriri

417 679 591 721 disciplina
617 684 645 711 rt
679 689 744 711 uno
775 679 920 721 gleiieruli
957 678 1125 716 triennali,

417 734 472 774 qni
491 732 626 765 alterius
645 733 767 764 vicibus
781 742 819 765 esc
834 732 988 764 ambabus
998 741 1126 774 coiiyre-

414 785 600 827 (lotionibus
620 785 762 827 eligimur
783 784 808 817 ¹.

410 874 508 902 smus
522 875 592 909 Papa
600 874 631 907 V,
645 874 679 902 ad
692 875 851 910 perpetuam
862 874 902 903 rei
916 874 1085 902 memoriam.

417 944 477 977 Pro
503 945 603 977 nostri
631 946 776 978 muneris
796 946 906 978 debito
935 952 962 977 et
991 951 1123 988 paterna

370 998 517 1037 caritate,
540 1010 603 1043 qua
637 1010 750 1032 omnes
783 999 1008 1041 religiosorum
1035 998 1124 1031 Ordi-

370 1061 426 1084 nes
438 1052 682 1095 prosequimur,
700 1063 783 1095 quae
801 1053 839 1085 ad
854 1052 984 1085 illorum
1005 1058 1122 1084 statum

370 1111 400 1137 et
434 1105 701 1148 tranquillitatem
729 1106 889 1149 pertinere
915 1107 1122 1147 arbitramur,

369 1168 406 1191 ea
428 1159 607 1201 providere,
631 1165 672 1198 et,
690 1160 860 1193 adiuvante
872 1160 1021 1200 Domino,
1036 1166 1122 1194 reete

369 1212 566 1245 constituere
586 1223 754 1246 conamur.

413 1265 428 1307 ξ
453 1264 483 1297 l.
508 1265 592 1298 Inter
612 1276 668 1298 eos
687 1271 794 1299 autem
816 1266 966 1299 Ordinem
985 1268 1120 1299 fratrum

369 1317 584 1351 Ereinitarum
598 1319 629 1351 S.
645 1318 844 1363 Hieronymi,
861 1321 1121 1362 congregationis

370 1370 937 1412 Portugallensis‚animadvertimus,
949 1373 1122 1416 euiuspro-

369 1424 517 1465 sessores,
540 1424 634 1457 sicuti
667 1436 704 1458 ex
735 1425 862 1468 piorum
889 1433 920 1459 et
941 1427 1119 1469 proborum

367 1477 511 1510 virorum
533 1478 621 1511 fideli
642 1478 798 1512 relatione
819 1490 924 1522 nuper
934 1480 1027 1512 nobis
1039 1480 1120 1512 saeta

367 1530 606 1571 intelleximus,
638 1542 654 1564 a
682 1532 849 1565 nonnullis
879 1533 971 1565 annis
992 1533 1072 1565 eitra
1104 1545 1120 1566 a

367 1583 532 1627 primaevo
562 1584 618 1617 illo
648 1585 725 1618 dieti
754 1585 882 1619 Ordinis
916 1586 1061 1620 instituto
1091 1594 1122 1621 et

367 1637 524 1679 regularis
535 1637 724 1681 disciplinae
745 1640 884 1671 candore
902 1647 1117 1681 recesserunt,

366 1695 433 1722 tum
460 1691 500 1723 ob
521 1691 661 1734 privatas
686 1692 869 1725 animarum
901 1694 1118 1736 perturbatio-

367 1753 435 1783 nes,
458 1744 549 1787 regni
566 1744 781 1787 Portugalliae
802 1746 1021 1786 alteratione&
1050 1753 1117 1780 tum

367 1799 462 1829 etiam
484 1797 525 1829 01)
547 1798 743 1840 paucitatem
769 1799 941 1832 domorum
963 1800 1038 1833 dieti
1060 1800 1117 1834 Or—

365 1849 450 1882 dinis
470 1855 501 1883 et
516 1851 776 1894 congregationis
792 1852 823 1885 in
844 1852 914 1896 ipso
935 1864 1117 1896 regnor-ero

365 1902 512 1936 videlicet
543 1914 681 1937 numero
717 1905 934 1946 existentium,
976 1917 1115 1949 quorum

365 1956 468 1988 maior
479 1967 565 2000 pars,
582 1963 716 2000 proptor
740 1969 851 1991 earum
875 1965 1112 2003 paupertatem,

364 2009 498 2042 fratrum
511 2010 588 2043 dicti
608 2010 737 2043 Ordinis
757 2012 882 2055 copiam
905 2019 1116 2047 manutenere

364 2062 487 2104 nequit,
509 2063 596 2095 unde
616 2063 641 2095 si
675 2065 753 2097 haee
780 2065 999 2108 congregatio,
1023 2066 1116 2099 euius

363 2115 440 2147 alias
461 2116 570 2159 plures
591 2116 706 2149 domus
727 2128 744 2149 a
765 2119 1015 2160 congregatione
1040 2119 1116 2152 San-

364 2168 406 2200 cti
426 2168 663 2202 Bartliolomaei
679 2170 717 2202 de
734 2170 878 2213 Lupiano
895 2171 971 2204 dieti
989 2171 1115 2204 Ordinis

362 2221 501 2253 aliorum
524 2232 699 2265 regnorum
720 2222 948 2267 Hispaniarum
961 2225 1114 2258 dismem-

363 2273 471 2306 bratae
485 2279 515 2307 et
531 2280 697 2318 separatae
711 2275 774 2308 sive
791 2283 957 2321 exemptae
969 2279 1111 2320 fuerunt,

361 2325 464 2359 dictae
485 2328 729 2370 congregationi
751 2340 926 2372 regnorum
944 2332 1113 2375 Hispania·

361 2389 446 2419 rum,
473 2380 566 2413 cuius
586 2382 721 2413 fratrum
744 2382 775 2414 111
796 2383 865 2415 aliis
885 2384 1111 2427 Hispaniarum

360 2432 466 2475 regnis
492 2439 522 2465 et
547 2433 701 2467 dominiis
721 2436 923 2477 gratissimus
943 2438 1045 2470 bonae
1067 2438 1112 2471 fa-

361 2495 431 2518 mae
463 2491 494 2518 et
528 2487 684 2529 regularis
715 2488 934 2523 observantiae
969 2491 1050 2523 odoi·
1074 2492 1111 2524 ad

360 2538 619 2572 aedificationem
647 2541 905 2574 christifidelium
929 2544 1022 2586 longe
1037 2545 1113 2578 late-

360 2602 423 2634 que
444 2592 506 2624 iam
528 2592 652 2625 dudum
680 2604 809 2637 sparsus
835 2601 865 2627 et
894 2596 1029 2629 diffusus
1052 2602 1109 2638 est,

398 2663 406 2688 1
432 2661 473 2689 Ex
489 2662 601 2699 Regest.
619 2663 647 2692 in
663 2663 769 2693 Secret.
791 2665 933 2695 Brov1u1u.

975 285 1154 309 BULLARIUM
1170 284 1321 308 ROMANUM

1169 337 1446 379 coniungeretur,
1477 348 1513 370 ac
1543 342 1680 381 utraque
1714 338 1921 381 congregatio

1168 389 1354 422 huiusmodi
1369 390 1401 422 in
1414 400 1510 422 unam
1533 391 1745 434 eamdemque
1767 391 1920 424 familiam

1168 442 1227 474 sub
1253 442 1366 475 eadem
1389 443 1560 486 disciplina
1581 443 1790 486 regularique
1810 444 1920 477 ohser-

1168 494 1273 527 vantia
1294 501 1322 528 et
1350 506 1415 529 uno
1436 496 1600 529 dumtaxat
1632 496 1737 540 eapite
1762 496 1920 530 viventem

1170 547 1382 591 redigeretur,
1416 549 1590 592 praedictis
1625 549 1840 582 incommodis
1868 550 1923 582 ob-

1168 600 1250 633 viam
1274 601 1311 633 iri
1333 608 1452 645 posset,
1471 603 1602 646 ipsaque
1625 602 1830 645 congregatio
1844 602 1921 635 Por-

1171 654 1321 696 tugalliae
1342 666 1415 687 cum
1437 666 1516 698 pace
1537 661 1567 687 et
1592 655 1825 699 tranquillitate
1849 655 1920 688 feli-

1169 706 1238 739 cius
1251 707 1498 749 gubernaretur,
1512 715 1539 741 et
1556 708 1642 741 illius
1656 708 1876 741 commoditati
1893 715 1923 741 et

1169 760 1266 793 divini
1317 763 1423 794 cultus
1472 763 1674 795 incremento
1718 763 1921 803 consultum,

1168 824 1295 846 necnon
1334 815 1499 848 carissimo
1538 815 1570 848 in
1609 815 1712 848 Cristo
1752 816 1819 849 filio
1862 827 1920 848 no-

1168 870 1233 899 stro
1264 867 1413 911 Philippo
1446 868 1674 912 Hispaniarum
1708 870 1775 912 regi
1807 869 1920 902 catho-

1168 919 1324 963 lic0,·qui
1350 921 1546 963 singularem
1577 932 1652 964 erga
1679 922 1801 955 dictum
1827 922 1920 955 Ordi-

1167 983 1240 1005 nem
1272 974 1354 1017 gerit
1383 975 1561 1008 devotionis
1590 975 1758 1016 affectum,
1790 981 1918 1018 gratum

1167 1032 1261 1059 esset.

1210 1080 1225 1123 ξ
1249 1080 1281 1112 Q.
1304 1080 1533 1121 Quamobrem,
1559 1088 1589 1114 ut
1613 1092 1726 1115 omnes
1750 1088 1780 1115 et
1801 1082 1919 1125 singuli

1166 1132 1263 1166 liuius
1288 1135 1547 1177 congregationis
1569 1135 1784 1177 Portugalliae
1798 1136 1920 1179 profes-

1165 1196 1254 1219 sores
1282 1188 1322 1219 ad
1350 1189 1533 1231 regularem
1563 1188 1799 1221 observantiam
1826 1200 1918 1222 revo-

1165 1246 1290 1281 centur,
1310 1242 1577 1285 commodiusque
1590 1242 1917 1286 insuperguhernen-

1167 1298 1241 1332 tur,
1260 1299 1359 1337 utque
1380 1295 1435 1339 qui
1457 1307 1558 1328 unum
1587 1296 1753 1339 religionis
1779 1296 1915 1329 induunt

1165 1346 1322 1387 habitum,
1346 1348 1377 1380 111
1399 1349 1531 1381 subuna
1545 1349 1918 1392 eademqueRegula,u-

1164 1399 1523 1444 niusqueprofessionis
1539 1408 1612 1435 voto
1632 1402 1783 1442 viventes,
1806 1402 1837 1434 in
1858 1403 1916 1435 01)-

1164 1454 1354 1486 servantiam
1366 1455 1541 1487 canonicae
1551 1455 1727 1497 Religionis
1739 1455 1917 1488 uniformes

1166 1507 1384 1549 reperiantur3
1407 1519 1530 1552 nosque
1547 1509 1586 1541 ab
1603 1519 1668 1541 uno
1681 1514 1804 1541 tantum
1820 1519 1916 1552 gene-

1164 1560 1234 1600 rali,
1257 1572 1321 1593 non
1338 1567 1444 1595 autem
1462 1573 1478 1594 a
1500 1563 1640 1602 duobus,
1659 1563 1698 1595 de
1720 1573 1847 1596 morum
1869 1573 1916 1595 re-

1164 1615 1355 1648 formatione
1377 1616 1533 1649 rationem
1565 1616 1692 1649 facilius
1714 1616 1840 1659 exigere
1861 1627 1914 1649 va-

1164 1667 1305 1707 leamus,
1345 1680 1428 1711 quae
1467 1669 1574 1702 omnia
1609 1670 1813 1703 commodius
1844 1669 1914 1703 sieri

1163 1731 1255 1764 posse
1280 1721 1426 1755 arbitrati
1456 1733 1566 1755 sumus
1598 1723 1622 1755 si
1657 1733 1711 1756 eos
1747 1723 1781 1756 in
1812 1734 1913 1756 unum

1163 1774 1313 1817 idemque
1337 1786 1455 1819 eorpus
1476 1776 1723 1819 coniungentes,
1757 1776 1791 1809 in
1814 1787 1913 1809 unam

1162 1838 1234 1859 eum
1246 1828 1459 1871 eamdemque
1468 1829 1621 1861 familiam
1632 1829 1811 1873 suljeadcm
1822 1829 1914 1862 disci-

1161 1880 1248 1923 plina
1270 1882 1477 1925 regularique
1492 1882 1693 1915 observantia
1706 1888 1736 1915 et
1747 1893 1812 1916 uno
1822 1883 1914 1916 dum-

1161 1938 1244 1966 taxat
1264 1934 1369 1977 capite
1394 1935 1565 1978 degentem
1592 1935 1824 1978 redigeremus,
1847 1936 1912 1969 dis-

1160 1987 1434 2020 memln'ationum
1466 1993 1495 2021 et
1525 1988 1767 2032 separationum
1797 1989 1911 2022 liuius-

1161 2040 1246 2072 modi
1276 2051 1313 2073 ae
1348 2041 1527 2074 litterarum
1558 2048 1590 2074 et
1627 2052 1912 2085 quarumcumque

1159 2092 1395 2137 seripturarum
1408 2095 1515 2127 forsan
1532 2095 1673 2138 desuper
1690 2095 1910 2128 confectarum

1159 2151 1286 2179 tenores
1320 2147 1545 2191 praesentibus
1574 2159 1633 2191 pro
1669 2149 1825 2192 expressis
1852 2149 1909 2181 ha-

1158 2199 1280 2240 bentes,
1304 2206 1395 2233 motu
1410 2201 1556 2245 proprio,
1576 2212 1641 2234 non
1656 2202 1696 2234 ad
1713 2202 1910 2235 alicuiusin-

1157 2253 1319 2293 stantiam,
1346 2255 1400 2287 sed
1431 2255 1469 2287 de
1499 2266 1587 2288 mera
1615 2262 1725 2289 nostra
1753 2255 1910 2289 delibera—

1157 2306 1255 2346 tione,
1283 2312 1310 2339 et
1338 2318 1374 2340 ex
1395 2313 1481 2341 certa
1501 2309 1634 2342 seientia
1655 2319 1691 2341 ae
1717 2308 1755 2341 de
1780 2315 1909 2353 aposto-

1156 2359 1236 2392 lieae
1264 2361 1430 2402 potestatis
1452 2361 1666 2405 plenitudine,
1695 2361 1813 2395 dietam
1835 2372 1910 2395 con-

1155 2413 1376 2455 gregationem
1398 2414 1631 2458 Portugalliae,
1662 2425 1775 2448 omnes
1795 2420 1826 2448 et
1849 2415 1910 2448 sin-

1155 2462 1246 2501 gulas
1268 2461 1354 2495 illius
1374 2463 1487 2495 domos
1507 2475 1563 2497 seu
1596 2464 1803 2504 monasteria,
1830 2474 1907 2497 eon-

1155 2516 1268 2543 ventus
1285 2517 1313 2543 et
1336 2513 1449 2544 fratres
1467 2523 1541 2545 eum
1563 2514 1815 2556 congregatione
1830 2513 1908 2546 San-

1156 2559 1195 2591 cti
1218 2559 1454 2593 Rartliolomaei
1475 2561 1513 2594 de
1535 2562 1679 2605 Lupiano
1704 2561 1905 2599 huiusmodi,

1157 2608 1199 2639 ita
1211 2613 1245 2640 ut
1257 2608 1324 2641 istae
1337 2608 1419 2641 duae
1435 2611 1702 2652 congregationes
1721 2620 1822 2643 unum
1838 2620 1908 2643 cor-

1156 2667 1215 2700 pus
1236 2657 1388 2697 efficiant,
1408 2668 1445 2691 ae
1476 2659 1532 2692 uni
1553 2659 1695 2702 generali
1716 2659 1793 2692 dieti
1813 2659 1907 2692 Ordi-

1934 284 1988 312 An.
2006 284 2035 312 C.
2053 283 2122 312 1588

1960 1100 2005 1128 Qua
2020 1101 2045 1121 «te
2054 1106 2118 1121 cautu

1934 1137 1981 1151 oum
1996 1131 2067 1152 Sinus
2090 1138 2117 1152 u-

1934 1163 1965 1184 uit
1997 1168 2115 1188 congrega-

1935 1195 1987 1215 tioni
2016 1193 2118 1220 Hispani-

1933 1226 2073 1246 erectius-lem
2081 1224 2117 1245 01--

1933 1258 1995 1278 ιῐίιιίς.
2144 1258 2147 1260 ”
