2226 3070
526 302 590 334 662
1077 310 1259 334 nrnmmun
1277 309 1428 334 nomxcn

570 373 648 406 lium
667 383 835 406 nummum
855 383 1029 405 aureorum
1051 371 1265 415 repositorum
1287 370 1319 404 in
1340 381 1413 404 arce
1444 371 1549 405 Sancti
1581 370 1693 413 Angeli
1724 370 1763 404 ad
1787 370 2030 404 subventionem

570 427 660 461 Sedis
680 426 881 471 Apostolicae
901 426 1046 459 Clemens
1066 425 1129 458 x'llt
1151 424 1332 464 confirmat,
1355 429 1447 457 vovet
1467 429 1497 457 et
1518 424 1611 464 iurat,
1631 422 1696 456 5⁶23
1713 434 1734 456 a
1753 428 1783 457 et
1802 423 1829 456 b,

482 480 701 513 Controversia
722 480 804 512 inter
824 479 936 511 fratres
953 477 1080 511 Ordinis
1100 477 1259 510 Minorum
1280 477 1309 511 S.
1334 476 1493 510 Francisci
1515 477 1554 510 de
1573 477 1672 510 Paula
1692 475 1858 509 nationum
1879 476 2029 515 Gallicae,

570 532 695 565 Italicae
716 537 744 564 et
767 530 955 574 IIispanicae
975 540 1072 573 super
1091 529 1249 562 electione
1271 529 1463 562 correctoris
1484 534 1659 562 conventus
1680 528 1712 562 in
1735 529 1840 562 Monte
1861 529 1971 562 Pincio
1992 530 2032 562 de

572 586 673 625 I'rbe,
691 595 709 617 a
728 583 981 626 Congregatione
1002 583 1233 626 Episcoporuni
1255 588 1286 615 et
1306 582 1513 624 Regularium
1527 582 1671 626 Capitulo
1692 581 1835 624 generali
1856 582 2034 615 decidenda

571 636 792 676 conmittitur,
808 635 870 668 1317
891 636 917 668 b.
941 636 1008 669 Iloc
1029 635 1113 668 idern
1135 634 1243 668 statuit
1256 635 1400 668 Clemens
1414 635 1478 668 wll
1492 640 1597 668 ratum
1619 634 1741 668 liabens
1758 634 1912 678 quicquid
1933 646 2034 668 acor-

573 690 710 723 rectorio
731 689 826 723 suerit
847 690 1024 729 decretum,
1049 688 1112 721 018
1130 700 1159 721 a.

484 746 616 777 Cosmus
633 743 778 783 Meda-es,
802 742 947 776 Etruriae
966 743 1045 782 Dux,
1062 741 1208 774 militiam
1229 742 1259 775 S.
1284 740 1436 785 Stephani
1457 740 1605 781 instituit,
1637 740 1691 774 191
1716 752 1737 774 α
1756 746 1787 774 et
1805 752 1868 785 seq.

484 796 688 831 Cox‘arruvias
706 796 771 839 (de)
792 796 908 830 Abbas.
938 795 971 828 V.
995 796 1190 838 Burgensem
1212 794 1503 838 archiepiscopum,
1531 798 1587 827 etc.

484 849 689 883 Crcinonenis
710 849 836 891 collegii
856 859 932 891 erga
951 849 1099 882 Sanctam
1121 848 1236 882 Sedein
1257 858 1349 880 amor
1369 847 1628 887 commendatur,
1651 846 1716 880 433
1737 847 1764 880 b.
1788 847 1889 880 Iluius
1909 848 2035 891 collegii

574 902 694 935 iudices
719 902 853 935 comites
880 903 1111 935 Lateranenses
1131 906 1216 934 creat
1241 900 1415 943 Gregorius
1439 900 1522 941 xlx,
1544 899 1641 940 ibid.;
1665 911 1843 944 eorumque
1871 900 2036 945 privilegia

572 955 802 993 communicat,
828 955 903 988 ibid.
928 955 1122 988 Facultateni
1145 954 1250 987 eidem
1272 953 1420 987 concedit
1439 953 1584 986 notarios
1605 953 1746 992 creandi,
1761 958 1879 987 statuta
1898 965 1957 997 pro
1969 954 2037 987 eius

573 1009 730 1051 gubernio
751 1008 910 1042 condendi
928 1008 1054 1052 sibique
1073 1013 1291 1051 protectorem
1313 1006 1452 1049 eligendi
1472 1017 1572 1039 unum
1594 1017 1631 1039 ex
1657 1006 1874 1040 cardinalibus
1889 1034 1896 1046 ,
1918 1006 1983 1040 434
2003 1018 2033 1040 α.

573 1061 807 1104 Indulgentiam
829 1062 960 1105 insuper
989 1060 1173 1105 impertitur
1205 1071 1264 1104 pro
1296 1060 1347 1093 die
1373 1059 1577 1093 admissionis
1608 1059 1744 1093 alicuius
1775 1059 1933 1101 doctoris,
1957 1060 2033 1094 ibid.

573 1114 861 1148 Connnessationes
880 1120 988 1148 autem
1008 1114 1080 1147 fieri
1100 1119 1193 1153 vetat,
1219 1113 1295 1146 ibid.
1319 1113 1345 1146 b.

486 1168 722 1201 Cruciferorinn
744 1168 828 1201 Ordo
847 1179 904 1212 per
924 1169 956 1201 B.
977 1168 1098 1201 Cletuni
1118 1178 1234 1211 papan]
1253 1166 1426 1206 institutus,
1443 1177 1566 1210 perque
1586 1166 1802 1200 Alexandrum
1823 1167 1861 1200 lll
1883 1167 2038 1200 reforma-

576 1227 636 1259 tus,
659 1221 724 1254 445
744 1233 773 1254 a.
791 1222 869 1255 Petit
891 1232 909 1254 a
926 1221 1081 1254 Pontifice
1101 1220 1381 1254 confirmationem
1404 1220 1603 1253 indultorum
1625 1225 1656 1253 et
1682 1219 1956 1263 indulgentiarum
1982 1220 2038 1254 Or-

575 1275 668 1315 dinis,
692 1286 788 1319 quam
816 1275 937 1308 obtinet
960 1286 977 1307 a
996 1274 1153 1317 Gregorio
1173 1274 1249 1314 xlv,
1274 1273 1373 1312 ibi‹t.;
1397 1273 1583 1317 pariterque
1613 1273 1941 1307 communicationem
1970 1273 2037 1318 pri-

575 1328 764 1370 vilegiorum
780 1328 943 1372 quibusvis
961 1327 1134 1361 Ordinibus
1147 1326 1396 1360 Mendicantium
1417 1332 1449 1359 et
1467 1337 1532 1359 non
1545 1326 1795 1360 Mendicantium
1810 1337 2038 1360 concessorum

576 1387 605 1414 et
626 1382 921 1421 concedendoruin,
947 1380 1022 1413 ibid.
1052 1380 1078 1413 b.

487 1434 603 1467 Cuevas
623 1434 676 1476 (de
698 1434 754 1470 las)
775 1435 920 1474 loannes,
936 1434 1026 1477 prior
1046 1438 1221 1466 conventus
1240 1432 1346 1466 Sancti
1367 1431 1493 1466 Genesii
1514 1432 1553 1465 de
1574 1431 1733 1473 Zalavera‚
1747 1431 1875 1466 Ordinis
1891 1432 2039 1466 Fratrum

576 1487 849 1521 Praedicatorum.
879 1487 912 1520 V.
936 1487 1191 1521 Carinelitaruni.

488 1542 569 1575 Cura
588 1541 750 1575 Pontificis
770 1541 941 1575 Clementis
961 1541 1025 1574 vlu
1046 1539 1077 1573 in
1099 1551 1211 1573 omnes
1232 1539 1393 1581 ecclesias,
1417 1539 1591 1584 praecipue
1608 1538 1640 1572 in
1660 1539 1850 1580 Romanam,
1878 1538 1943 1572 563
1961 1550 1992 1572 α.

490 1864 611 1896 Damna
631 1863 704 1896 data
724 1862 755 1895 in
774 1867 840 1895 toto
860 1862 948 1895 Statu
968 1859 1199 1893 Ecclesiastico.
1229 1858 1263 1892 V.
1287 1858 1570 1892 Vicecamerarius.

490 1917 634 1949 Decanus
653 1915 740 1949 Sacri
760 1914 901 1957 Collegii.
931 1913 964 1947 V.
985 1913 1147 1953 Ostiensis,
1171 1916 1226 1945 etc.

490 1969 597 2002 Didaci
619 1968 750 2011 (Sancti)
771 1967 967 2002 Confessoris
994 1967 1078 2000 inter
1106 1966 1236 1999 coelites
1265 1965 1505 2006 adnumeratio,
1529 1965 1548 1999 8
1569 1976 1599 1998 α.
1624 1964 1697 1998 Eius
1717 1965 1769 2009 pie
1795 1965 1918 1998 vivendi
1939 1966 2043 1998 forma

580 2022 655 2055 susis
674 2022 729 2055 sed
750 2021 810 2065 piis
830 2020 934 2053 verbis
955 2026 1134 2060 enarratur,
1158 2019 1177 2052 0
1198 2030 1217 2051 α
1235 2025 1265 2052 et
1290 2029 1353 2062 seq.
1377 2018 1530 2052 Ordinem
1551 2019 1581 2052 S.
1605 2017 1766 2051 Francisci
1784 2018 1961 2062 professus,
1985 2018 2044 2051 hu-

580 2074 725 2114 militate,
747 2073 930 2107 obedientia
950 2073 1150 2116 caeterisque
1181 2072 1352 2105 virtutibus
1373 2071 1498 2111 enituit,
1522 2071 1563 2104 ‘10
1583 2082 1604 2104 α
1626 2077 1657 2105 et
1676 2070 1714 2111 b;
1742 2071 1905 2104 miraculis
1925 2071 1957 2104 in
1982 2071 2044 2104 vita

581 2129 696 2167 clarus,
720 2127 762 2160 ¹12
782 2139 800 2161 a
819 2133 848 2161 et
871 2128 907 2167 h;
935 2132 1005 2171 post
1028 2132 1164 2160 mortem
1185 2125 1341 2159 illustrior
1363 2126 1484 2165 sactus,
1505 2135 1645 2169 quorum
1673 2124 1781 2169 aliqua
1811 2130 2040 2165 recensentur,

582 2181 623 2214 v13
643 2182 669 2222 b,
693 2180 735 2214 ’14
755 2192 774 2213 α
795 2187 824 2214 et
843 2181 869 2220 b,
893 2189 923 2214 et
943 2180 985 2213 15
1004 2191 1024 2212 α
1045 2186 1073 2213 et
1095 2179 1121 2213 b.
1146 2180 1211 2213 Rex
1236 2179 1462 2223 Hispaniarum
1483 2177 1650 2222 Philippus
1669 2177 1726 2211 Pio
1745 2178 1783 2211 IV
1802 2177 1962 2221 supplicat
1984 2187 2043 2221 pro

582 2235 665 2268 illius
680 2234 932 2274 canonizatione,
948 2233 1002 2277 qui
1020 2232 1199 2266 cardinales
1219 2234 1258 2266 ad
1279 2232 1340 2266 hoc
1360 2231 1589 2276 deputavit‚‘15
1609 2231 1666 2264 bet
1687 2230 1765 2264 ibid.
1780 2230 1835 2264 Pio
1854 2235 1961 2264 tamen
1980 2230 2045 2263 vita

582 2288 702 2327 functo,
726 2287 840 2320 iterum
863 2298 916 2320 rex
936 2286 1145 2320 succedentes
1165 2286 1337 2319 Pontifices
1357 2286 1559 2329 deprecatur,
1583 2284 1697 2324 donec,
1719 2282 1808 2318 Sixto
1832 2283 1855 2315 V
1875 2288 2040 2326 regnante,

581 2341 784 2385 processibus
804 2341 997 2385 praemissis,
1022 2340 1184 2374 miraculis
1215 2345 1246 2373 et
1274 2339 1336 2372 vita
1361 2339 1470 2372 Didaci
1501 2338 1667 2382 expensis,
1691 2336 1885 2371 concistorio
1914 2336 2044 2381 publico

583 2394 715 2434 indicto,
748 2394 963 2437 omnibusque
993 2393 1102 2437 peragi
1134 2392 1235 2426 solitis
1261 2393 1292 2425 in
1323 2391 1482 2425 similibus
1512 2391 1668 2435 peractis,
1692 2390 1734 2424 16
1753 2400 1775 2423 a
1801 2395 1833 2423 et
1861 2389 1877 2422 b
1901 2394 1932 2422 et
1958 2399 2042 2432 seq.;

584 2448 695 2481 beatus
714 2447 762 2480 vir
783 2447 866 2480 inter
885 2447 996 2481 beatos
1018 2452 1049 2480 et
1072 2452 1198 2480 sanctos
1217 2447 1447 2480 adnumeratus
1467 2450 1525 2485 est,
1549 2443 1590 2477 18
1603 2455 1624 2477 α
1644 2449 1674 2477 et
1693 2443 1709 2477 b
1730 2449 1762 2477 et
1780 2453 1865 2487 seq.,·
1886 2441 2045 2485 assignata

584 2501 635 2534 die
655 2511 700 2534 x11
720 2500 903 2533 novembris
923 2510 982 2544 pro
1003 2500 1071 2533 eius
1092 2499 1271 2540 festivitate,
1295 2499 1337 2532 19
1357 2499 1384 2531 b.

495 2555 606 2589 Divina
623 2554 761 2587 charitas
781 2564 863 2597 quae
883 2559 1068 2597 quantaque
1088 2553 1199 2586 fecerit
1219 2558 1253 2585 ut
1273 2552 1420 2586 homines
1441 2551 1480 2584 ad
1499 2551 1566 2584 eius
1586 2560 1731 2584 amorem
1751 2549 1908 2589 trahe1²et;
1931 2547 1995 2581 983
2011 2558 2045 2588 a,·

584 2608 650 2648 sed,
667 2607 855 2650 frigescente
876 2607 1009 2647 mundo,
1032 2607 1114 2640 Deus
1134 2606 1220 2639 misit
1239 2616 1366 2639 servum
1387 2616 1480 2638 suum
1498 2604 1716 2643 Franciscum,
1744 2613 1840 2646 quem
1868 2607 1899 2635 et
1923 2600 2047 2634 virtuti-

584 2662 643 2694 bus
655 2661 815 2694 celebrem
835 2660 986 2702 reddidit,
1002 2660 1157 2704 cuiusque
1176 2659 1377 2703 stigmatibus
1390 2658 1546 2704 passionis
1559 2668 1634 2691 suae
1649 2655 1791 2690 misteria
1804 2654 2045 2701 quodammodo

585 2713 758 2755 renovavit,
775 2712 877 2747 28:311.
