2226 3070
16 221 70 254 An.
87 219 116 252 C'.
129 223 198 252 1588

885 220 990 245 SIXTUS
1009 220 1027 243 V
1045 219 1093 243 PP.

212 277 286 310 dam
306 276 506 320 Augustinus
525 277 618 310 Reste
643 275 763 308 ibidem
788 280 967 319 perpetuus

212 330 411 374 capellanus,
439 341 475 363 ac
497 339 598 363 unum
620 329 679 362 sub
697 328 728 361 S.
754 327 897 370 Agathae
923 327 967 358 in-

211 389 274 424 tuS,
301 389 331 417 et
355 384 494 417 alterum
508 388 664 426 perpetua
685 381 846 426 simplicia
866 380 965 413 bene-

210 436 285 469 ficia
305 436 522 470 ecclesiastica
541 436 601 469 sub
626 440 811 468 sanctorum
833 433 916 466 Petri
937 438 967 465 et

211 489 301 523 Pauli
326 489 583 523 invocationibus
606 489 638 520 in
668 486 895 531 praepositura
924 485 966 518 si-

213 543 331 576 militer
341 548 531 586 nuncupata
548 540 691 574 eiusdem
705 540 736 573 S.
752 538 849 578 Petri,
865 548 966 582 prope

212 602 243 629 et
262 603 351 630 extra
371 607 481 629 muros
496 594 607 638 oppidi
628 593 818 626 Vitellianae
829 602 885 624 seu
898 591 967 623 Via—

212 650 325 690 danae,
343 647 570 683 Cremonensis
597 646 754 680 dioecesis
767 673 774 686 ,
798 644 967 689 parochia-

213 703 297 735 libus
316 703 364 735 vel
396 702 466 734 aliis
494 700 652 740 ecclesiis,
686 710 769 742 quae
801 698 966 742 quondam

213 755 393 788 Herennius
418 755 584 793 Perottus,
614 753 772 793 clericus,
796 753 829 784 in
849 752 967 784 ultimo

212 808 306 841 dictis
325 808 453 841 duabus
477 807 622 841 ecclesiis
646 811 825 850 perpetuus
844 805 967 837 beneti-

212 861 326 901 ciatus,
340 861 415 893 dum
428 861 571 893 viverent
591 859 791 899 obtinebant,
812 868 870 901 pro
888 858 967 890 Leo-

213 914 304 947 nardi
325 914 481 958 episcopi,
502 913 559 956 qui
580 918 667 946 extra
688 912 807 945 dictam
832 910 967 949 curiam,

213 973 243 1001 et
262 967 432 1010 Augustini
457 967 562 1007 Reste,
585 966 641 1009 qui
668 966 700 998 in
731 965 803 998 loco
836 976 854 997 a
883 964 968 997 dicta

213 1021 303 1054 curia
323 1022 409 1054 ultra
435 1021 516 1054 duas
546 1020 668 1053 diaetas
694 1019 814 1061 legales
834 1028 898 1051 non
923 1017 969 1049 di-

213 1080 327 1115 stante,
339 1075 395 1108 ubi
415 1074 588 1118 proprium
605 1073 674 1107 eius
686 1072 889 1106 domicilium
903 1081 968 1103 non

213 1129 382 1169 existebat,
404 1139 441 1161 ac
469 1127 640 1170 Augustini
674 1125 825 1160 Bondioli
850 1130 881 1158 et
905 1125 968 1157 llc-

214 1181 317 1214 rennii
329 1180 581 1225 praedictorum,
594 1180 649 1224 qui
662 1179 747 1224 apud
755 1179 868 1212 Sedem
880 1188 968 1211 eam-

213 1235 285 1267 dem
299 1234 383 1267 diem
398 1234 468 1267 vitre
480 1235 666 1267 clauserunt
680 1239 872 1272 extremum,
885 1242 969 1264 mor-

215 1293 244 1321 te
260 1288 443 1322 vacaverint
462 1294 491 1321 et
509 1293 623 1321 vacent
643 1287 682 1319 ad
702 1296 867 1331 praesens,
890 1285 968 1318 Nul-

214 1342 264 1374 lus
278 1353 341 1385 que
359 1342 398 1374 de
418 1342 564 1386 prioratu
585 1341 617 1374 S.
641 1340 789 1380 Antonii,
810 1345 968 1382 quatenus

215 1406 273 1439 per
291 1395 411 1428 dictam
439 1395 692 1438 resignationem
712 1400 812 1433 vacet,
844 1404 880 1426 ac
917 1404 969 1426 cc-

215 1448 312 1482 clesia
324 1459 380 1482 seu
400 1449 524 1492 capella
540 1448 571 1481 S.
592 1447 721 1481 Ioannis
735 1447 967 1490 Evangelistaffi

215 1512 342 1535 necnon
366 1501 546 1545 capellania
565 1507 596 1534 et
618 1500 786 1534 beneficiis
805 1500 967 1543 praefatis,

215 1565 274 1599 pro
295 1565 333 1588 eo
346 1555 434 1598 quod
459 1565 517 1587 nos
530 1554 653 1587 dudum
673 1564 787 1587 omnes
807 1553 970 1597 prioratus

215 1619 253 1642 ac
269 1608 428 1653 simplicia
440 1613 613 1651 ceteraque
624 1607 783 1642 beneficia
804 1607 971 1640 ecclesias-

216 1661 290 1702 tica,
312 1673 386 1694 cum
402 1672 480 1694 cura
495 1666 526 1694 et
541 1661 610 1694 sine
631 1671 720 1701 cura,
741 1660 919 1693 saecularia
941 1666 970 1693 et

215 1714 405 1757 quorumvis
424 1714 582 1747 Ordinum
604 1713 778 1757 regularia,
805 1713 891 1757 apud
914 1713 969 1746 Sc-

214 1768 288 1801 dem
309 1767 506 1811 praedictam
528 1773 605 1800 tunc
617 1766 764 1799 vacantia
781 1772 811 1799 et
827 1766 859 1799 in
876 1772 970 1799 antea

215 1826 376 1863 vacatura,
416 1831 453 1854 ac
488 1820 584 1854 etiam
610 1830 897 1864 quorumcumque
931 1820 970 1852 ad

214 1874 333 1908 dictam
354 1873 477 1908 curiam
496 1885 554 1918 pro
575 1873 741 1917 quibusvis
757 1873 902 1916 negociis
916 1885 969 1907 ve-

214 1928 372 1962 nientium
394 1939 450 1962 seu
465 1928 504 1961 ab
518 1938 555 1960 ea
568 1927 807 1968 recedentium,
824 1938 861 1960 ac
874 1927 969 1960 etiam

214 1981 388 2015 curialium
418 1980 630 2015 recreationis
650 1991 706 2014 seu
732 1980 794 2013 alia
813 1991 971 2024 quacum-

213 2047 277 2080 que
298 2031 395 2070 causa
414 2036 454 2069 ad
483 2034 612 2078 quaevis
638 2035 710 2068 loca
735 2034 968 2075 secedentium,

213 2089 239 2122 si
260 2100 316 2124 eos
333 2089 366 2122 in
376 2090 457 2123 locis
472 2090 558 2123 ultra
568 2090 648 2122 duas
658 2089 781 2122 diaetas
797 2089 836 2122 ab
857 2089 970 2122 eadem

214 2144 316 2184 curia,
336 2150 372 2177 ut
391 2144 587 2187 praefertur,
610 2154 675 2177 non
696 2143 842 2183 remotis,
875 2143 970 2175 dum—

214 2197 312 2230 modo
323 2207 437 2231 eorum
449 2196 619 2241 proprium
631 2196 834 2229 domicilium
850 2195 970 2228 ibidem

213 2260 280 2283 non
300 2250 461 2290 existeret,
493 2250 650 2283 decedere
671 2249 886 2292 contingeret,
913 2259 972 2292 per

215 2314 329 2337 eorum
343 2303 469 2336 obitum
487 2301 677 2336 huiusmodi
697 2301 793 2335 etiam
805 2306 969 2341 vacatura,

215 2357 380 2390 collationi
401 2362 431 2390 et
451 2355 655 2400 dispositioni
675 2355 922 2395 reservavimus,
941 2361 972 2388 et

216 2411 350 2439 extunc
379 2405 508 2438 irritum
537 2410 567 2438 et
591 2404 688 2437 inane
713 2404 916 2437 decrevimus
945 2405 971 2435 si

215 2465 309 2488 secus
329 2465 428 2498 super
452 2454 501 2487 his
525 2464 543 2486 a
563 2464 741 2498 quoquam,
765 2453 876 2496 quavis
897 2463 972 2486 auc-

215 2504 356 2545 toritate,
379 2503 519 2537 scienter
546 2501 595 2536 ve'l
624 2502 822 2545 ignoranter,
844 2501 971 2535 contin-

214 2553 297 2597 gerit
317 2552 479 2593 attentari,
497 2553 558 2585 hac
576 2551 645 2585 vice
666 2552 838 2595 disponere
860 2556 973 2594 potue-

216 2602 258 2636 rit
277 2602 342 2636 sive
362 2601 475 2646 possit,
488 2601 704 2635 reservatione
722 2607 751 2635 et
769 2601 899 2635 decreto
910 2601 972 2633 hu·

1010 271 1148 305 iusmodi
1176 271 1419 305 obsistentibus.
1447 271 1617 314 Ipsiusque
1637 269 1763 313 priora-

1009 331 1059 358 tus
1079 326 1108 358 S.
1136 324 1266 358 Antonii
1299 324 1332 356 in
1357 323 1534 357 Meditullio
1561 323 1664 356 dictae
1686 323 1764 355 civi-

1009 379 1079 411 tatis
1114 376 1327 411 Bononiensis
1365 376 1568 410 consistentis
1606 376 1700 409 aedes
1736 382 1766 409 et

1009 432 1155 465 aedilicia
1175 430 1368 475 iampridem
1382 431 1468 463 iussu
1483 435 1594 463 nostro
1615 440 1632 462 a
1652 429 1767 461 sunda-

1010 486 1125 518 mentis
1146 484 1284 527 eleganti
1306 495 1343 517 ac
1372 488 1563 526 sumptuoso
1589 493 1686 526 opere
1708 493 1767 526 pro

1009 538 1097 571 <licto
1123 538 1261 581 collegio
1286 537 1400 571 Montis
1430 536 1491 570 Alli
1518 536 1637 569 ibidem
1668 535 1766 568 stabi—

1010 592 1118 624 liendo
1138 602 1195 624 seu
1215 591 1453 630 transferendo,
1475 601 1512 623 ac
1532 589 1619 622 illius
1639 589 1765 622 schola-

1010 644 1094 676 rium
1113 644 1279 688 pcrpetuis
1297 655 1357 677 usu
1372 649 1403 676 ct
1423 643 1622 675 habitatione
1643 647 1768 675 restau-

1010 704 1077 730 rata
1098 704 1125 730 et
1149 698 1396 730 accommodata
1417 696 1563 730 existant.
1583 696 1658 736 Nos,
1677 696 1766 739 pinni

1010 756 1041 783 et
1078 751 1284 784 fructuosum
1319 762 1400 794 opus
1443 750 1643 790 huiusmodi,
1680 749 1767 792 quod

1010 804 1133 837 dudum
1171 804 1280 837 animo
1315 804 1521 841 revolvimus,
1559 803 1687 836 tandem
1728 803 1765 836 ad

1010 857 1152 890 debitum
1170 857 1321 890 effectum
1342 858 1536 900 perducere,
1550 856 1767 899 congruisque

1010 910 1168 943 reditibus
1190 921 1227 942 ac
1248 910 1443 953 specialibus
1464 910 1626 942 favoribus
1649 915 1677 942 et
1701 910 1767 952 pri>-

1010 963 1132 1006 vilegiis
1160 963 1380 1003 communire,
1408 973 1515 1005 neque
1552 962 1637 995 hanc
1675 962 1769 994 nobis

1011 1017 1151 1050 oblatam
1173 1017 1377 1050 subditorum
1404 1022 1592 1049 nostrorum
1622 1026 1767 1049 commo-

1011 1071 1125 1105 ditates
1146 1076 1177 1104 et
1190 1070 1566 1116 profectusprocurandi
1588 1075 1617 1103 et
1630 1069 1769 1112 augendi

1011 1125 1217 1158 occasionem
1252 1124 1511 1167 praetermittere
1542 1123 1697 1163 volentes,
1733 1133 1768 1154 ac

1011 1184 1183 1218 rectorem,
1197 1178 1363 1212 scholares
1373 1177 1594 1219 etsingulares
1603 1186 1769 1219 personas,

1011 1232 1036 1265 si
1057 1232 1111 1275 qui
1129 1232 1205 1272 sint,
1229 1231 1357 1274 collegii
1378 1230 1564 1263 huiusmodi
1590 1240 1607 1262 a
1637 1229 1769 1272 quibus-

1011 1286 1057 1318 vis
1087 1284 1449 1323 excommunicationis,
1485 1283 1706 1327 suspensionis
1740 1288 1770 1315 et

1012 1338 1175 1372 interdicti
1191 1339 1325 1382 aliisque
1340 1337 1568 1371 ecclesiasticis
1591 1336 1769 1376 sententiis,

1013 1393 1159 1426 censuris
1180 1399 1209 1425 ct
1231 1391 1355 1436 poenis,
1376 1402 1394 1424 a
1414 1391 1484 1424 iure
1504 1391 1553 1423 vel
1573 1390 1613 1423 ab
1623 1389 1767 1429 homine,

1012 1446 1124 1489 quavis
1145 1445 1317 1479 occasione
1342 1445 1391 1478 rel
1413 1455 1510 1478 causa
1529 1443 1613 1483 latis,
1641 1443 1666 1475 si
1694 1443 1768 1486 qui-

1012 1500 1072 1532 bus
1099 1499 1344 1543 quomodolibet
1378 1498 1523 1531 innodati
1549 1497 1701 1537 existunt,
1729 1497 1767 1529 ad

1013 1554 1163 1586 effectum
1199 1551 1421 1595 praesentium
1461 1551 1628 1584 dumtaxat
1658 1560 1768 1583 conse—

1012 1607 1193 1650 quendum,
1215 1606 1333 1639 harum
1355 1605 1437 1638 serie
1448 1604 1648 1637 absolventes
1669 1609 1700 1636 ct
1717 1603 1768 1635 ab·

1012 1660 1133 1692 solutos
1150 1660 1218 1692 sore
1240 1664 1421 1697 censentes;
1444 1667 1574 1690 necnon
1594 1656 1769 1700 emptionis

1013 1719 1044 1746 et
1067 1711 1292 1756 acquisitionis
1312 1711 1441 1744 aedium
1471 1710 1510 1744 de
1535 1709 1769 1743 Zambeecariis

1013 1772 1043 1800 et
1063 1766 1192 1799 illarum
1217 1764 1517 1804 retrovenditionis,
1548 1775 1586 1797 ac
1611 1774 1768 1807 quarum-

1013 1830 1153 1863 cumque
1178 1819 1383 1853 erectionum
1412 1824 1443 1851 et
1476 1816 1716 1851 institutionum
1746 1817 1769 1849 i-

1013 1874 1102 1917 psius
1128 1872 1257 1915 collegii
1278 1871 1393 1905 Montis
1413 1871 1475 1904 Alti
1496 1871 1560 1904 sive
1582 1870 1614 1903 in
1636 1870 1769 1904 aedibus

1013 1927 1052 1960 de
1071 1925 1307 1959 Zambeccariis
1335 1931 1388 1958 aut
1410 1924 1557 1969 prioratu
1578 1924 1608 1957 S.
1637 1924 1768 1957 Antonii

1013 1980 1215 2020 huiusmodi,
1247 1989 1376 2012 necnon
1405 1978 1585 2018 unionum,
1617 1978 1768 2011 annexio-

1012 2031 1420 2076 num,incorporationum,
1433 2030 1702 2075 applicationum‚
1713 2042 1769 2075 ap-

1013 2086 1277 2131 propriationum
1312 2091 1343 2119 et
1374 2084 1624 2118 concessionum
1663 2084 1767 2118 eidem

1014 2140 1150 2183 collegio
1170 2139 1285 2172 Montis
1304 2138 1367 2171 Alti
1383 2138 1421 2172 de
1449 2138 1624 2182 praedictis
1645 2143 1675 2171 et
1694 2137 1767 2182 qui-

1012 2194 1120 2227 busvis
1139 2193 1210 2227 aliis
1231 2192 1449 2232 monasteriis,
1481 2191 1692 2236 prioratibus,
1715 2202 1768 2224 ec-

1014 2248 1120 2281 clesiis
1142 2253 1171 2281 et
1191 2246 1372 2287 beneficiis,
1396 2245 1533 2290 aliisque
1549 2245 1647 2280 rebus
1668 2251 1699 2278 et
1713 2245 1769 2278 bo-

1013 2301 1063 2334 nis
1083 2301 1348 2345 quibuscumque
1377 2300 1536 2332 hactenus
1560 2296 1767 2342 quomodoli-

1013 2355 1067 2388 bet
1087 2355 1262 2395 sactaru1n3
1285 2364 1412 2388 necnon
1437 2353 1618 2386 litterarum
1639 2357 1768 2396 aposto-

1014 2404 1164 2443 licarum,
1184 2410 1249 2436 tam
1266 2403 1326 2437 suh
1347 2402 1482 2447 plumbo
1502 2412 1599 2445 quam
1618 2401 1769 2434 informa

1014 2452 1128 2493 brevis,
1150 2452 1247 2485 etiam
1268 2452 1300 2485 in
1310 2452 1452 2485 favorem
1464 2450 1617 2484 Gamerae
1632 2461 1689 2483 seu
1701 2450 1768 2483 col-

1015 2502 1089 2544 legii
1110 2501 1298 2535 huiusmodi
1320 2507 1351 2535 et
1372 2501 1450 2534 alias
1476 2500 1617 2543 desuper
1633 2509 1769 2543 quomo-

1014 2550 1136 2583 dolibet
1176 2550 1412 2590 confectarum,
1452 2560 1489 2582 ac
1527 2549 1767 2593 possessionum

1015 2599 1265 2634 subsecutarum
1286 2605 1316 2633 et
1343 2608 1627 2642 quorumcumque
1648 2597 1767 2630 instru-

1678 204 1720 240 47
1778 214 1833 244 Au.
1846 215 1874 244 c.
1896 214 1964 245 1588
