2226 3070
70 273 122 300 An.
139 272 168 301 C.
188 272 255 301 1589

97 334 194 355 ctnusuta
209 335 255 355 tm-
272 335 329 369 per
363 335 589 369 quoscumque
625 324 759 364 iudices,
798 324 920 357 sublata
962 324 1023 356 illis

71 368 122 386 ¹³⁰⁹
271 375 383 417 quavis
413 375 507 407 aliter
538 374 700 407 iudicandi
731 379 761 406 et
790 373 1022 417 interpretandi

272 424 423 457 facultate
444 430 472 457 et
486 423 689 463 auctoritate,
705 422 840 455 iudicari
853 428 883 455 et
895 422 1022 455 deliniri

271 473 409 513 debere;
434 473 563 506 irritum
589 483 722 516 quoque
746 477 777 504 et
802 472 896 504 inane
922 472 945 503 si
977 482 1024 504 se-

270 533 327 554 cus
347 534 444 566 super
463 523 513 555 his
533 533 550 554 a
571 520 865 564 quoquam,‹·p1avis
881 520 1022 552 auctori-

272 577 346 612 tate,
377 571 515 604 scienter
541 571 588 602 vel
620 569 820 612 ignoranter,
852 568 1021 611 contigerit

270 620 431 653 attentari.

314 670 329 713 ξ
353 669 384 701 lt.
411 670 480 702 Non
507 667 708 701 obstantibus
739 666 1023 699 constitutionibus

122 728 254 749 otuu-tuum
271 725 298 752 ct
312 717 567 751 ordinationibus
588 716 783 759 apostolicis,
798 715 1022 758 dicturumque

71 761 186 785 ⁴¹⁶¹⁰³“''⁰'
271 765 494 805 ecclesiarum,
515 765 610 798 etiam
628 765 823 805 iuramento,
848 764 1022 797 confirma-

270 817 355 849 tione
381 815 559 858 apostoliea
586 815 633 847 vel
661 814 770 857 quavis
791 814 941 847 firmitate
962 813 1023 845 alia

269 865 440 904 roboratis,
453 864 579 896 statutis
595 869 625 896 ct
640 863 946 899 consuctudinilms',
960 862 1023 905 pri-

268 913 391 956 vilegiis
411 923 555 957 quoque,
573 912 705 945 indultis
719 911 876 945 etlitteris
896 917 1024 955 aposto-

269 962 349 1003 licis,
364 962 485 995 eisdem
507 962 653 995 ecclesiis
669 961 784 995 erectis
802 961 850 993 vel
872 961 903 993 in
917 966 1023 1004 poste-

270 1023 341 1044 rum
371 1011 533 1054 erigendis
559 1012 759 1054 illorumque
784 1010 946 1054 capitulis,
969 1021 1023 1042 su-

269 1061 451 1105 perioribus
481 1066 511 1094 et
536 1061 694 1104 personis,
718 1060 813 1093 etiam
836 1064 925 1092 motu
946 1070 1023 1103 pro-

270 1110 353 1154 prio,
374 1109 640 1143 consistorialiter
660 1114 715 1142 aut
734 1110 812 1142 alias
839 1109 1022 1152 quomodo-

269 1160 346 1193 libet
366 1159 540 1199 concessis,
564 1158 764 1191 confirmatis
776 1163 807 1191 et.
823 1156 1020 1200 approbatis.

267 1209 390 1247 Quibus
415 1208 585 1247 omnibus,
608 1207 739 1240 illorum
766 1212 907 1246 tenores,
935 1217 972 1239 ac
996 1206 1021 1238 si

268 1259 307 1291 de
327 1258 425 1292 verbo
446 1258 485 1290 ad
514 1258 647 1290 verbum
675 1257 907 1296 insererentur,
928 1267 1022 1300 prae-

269 1307 411 1340 sentibus
428 1318 487 1351 pro
504 1307 661 1350 expressis
673 1306 841 1346 habentes,
865 1306 928 1338 illis
944 1306 1022 1338 alias

268 1355 301 1388 in
332 1367 390 1389 suo
428 1356 544 1389 robore
578 1356 801 1399 permansuris
817 1383 824 1396 ,
860 1356 919 1388 hac
955 1356 1023 1388 vice

268 1406 444 1446 dumtaxat,
467 1405 649 1449 specialiter
669 1410 699 1437 et
719 1416 868 1448 expresse
889 1405 1024 1447 deroga-

269 1465 361 1494 mus;
396 1455 577 1498 ceterisque
605 1454 778 1488 contrariis
807 1454 1021 1497 quibuscum-

269 1514 344 1546 que,

313 1553 327 1595 ξ
352 1553 382 1586 5.
406 1553 485 1586 Cum
504 1558 611 1585 autem
630 1551 761 1585 difficile
782 1551 822 1585 sit
838 1558 1022 1596 praesentes

97 1607 156 1641 raus
186 1609 251 1626 tw·-
268 1601 308 1633 ad
332 1601 476 1644 singulas
504 1601 657 1634 ecclesias
684 1607 804 1634 vestras
825 1602 952 1635 deferre
974 1601 1022 1634 in-

68 1640 156 1664 ⁵'¹''‘¹'²'⁵
179 1639 251 1658 dmm
267 1656 384 1693 tegras,
408 1651 569 1691 volumus,
593 1655 666 1690 etc„
689 1655 720 1683 et
739 1651 930 1684 auctoritate
946 1661 1023 1694 apo-

266 1699 379 1732 stolica
400 1700 565 1743 praedicta
577 1699 786 1733 decernimus
802 1700 890 1743 quod
909 1711 1021 1733 earum

267 1749 487 1792 transumptis,
520 1760 618 1782 manu
638 1749 778 1782 alicuius
798 1760 956 1793 personae
990 1750 1021 1783 in

265 1798 419 1841 (lignitate
429 1798 646 1832 ecclesiastiea
666 1799 859 1832 constitutae
880 1799 1022 1832 subscri-

266 1849 338 1892 ptis,
359 1849 476 1882 eteius
499 1848 604 1892 sigillo
626 1849 772 1890 munitis,
803 1849 915 1883 eadem
942 1850 1022 1883 tides

266 1908 398 1941 prorsus
408 1898 613 1938 adhibeatur,
628 1908 711 1941 quae
732 1898 852 1931 eisdem
872 1910 1021 1942 praesen-

265 1946 351 1980 tibus
364 1947 588 1987 adhiberetur,
612 1947 635 1980 si
664 1948 770 1981 forent
790 1948 952 1981 exhibitae
973 1950 1020 1982 vel

265 2002 421 2029 ostensae.

308 2046 423 2078 Datum
444 2046 565 2078 Romae
586 2046 672 2089 apud
693 2046 723 2079 S.
739 2047 1019 2088 Petrum,suban—

265 2095 342 2128 nulo
350 2095 533 2135 piscatoris,
545 2095 596 2128 die
608 2105 679 2128 xxm
691 2096 835 2129 octobris
848 2107 1017 2139 iianxxix,

266 2143 472 2186 pontificatus
493 2143 592 2176 nostri
616 2154 700 2177 anno
727 2154 755 2177 v.

303 2197 366 2226 Dat.
391 2197 437 2226 die
459 2197 493 2227 31
519 2197 616 2227 octob.
640 2198 727 2232 1589,
751 2199 855 2237 pontis.
880 2209 927 2230 an.
954 2210 979 2229 v.

589 2299 688 2332 CLIX.

265 2360 480 2403 Confirmatio
502 2363 671 2395 erectionis
695 2364 869 2397 seminaria·
888 2367 1018 2400 clerico-

308 2421 381 2442 rum
405 2410 623 2443 saecularium
648 2412 682 2444 in
703 2413 818 2456 oppido
840 2414 874 2446 S.
899 2415 1018 2448 Trudo-

310 2460 360 2492 uis
375 2459 558 2493 Leodiensis
574 2460 724 2494 dioecesis
741 2462 766 2494 ¹.

308 2527 403 2555 Sixtus
413 2527 484 2562 Papa
493 2527 522 2560 V,
535 2528 569 2555 ad
578 2530 739 2564 perpetuam
751 2530 791 2558 rei
803 2532 973 2560 memoriam.

88 2594 197 2617 thordtum
309 2590 522 2623 Vehementer
542 2591 573 2624 in
601 2592 735 2626 Domino
761 2594 941 2636 gaudemus
959 2606 1017 2629 au-

303 2663 310 2687 t
330 2661 373 2690 Ex
388 2662 500 2698 Regest.
524 2663 553 2691 in
571 2663 678 2694 secret.
695 2665 781 2695 Brev.

942 271 1047 296 Slx'rth
1061 271 1080 295 V
1094 271 1142 295 PP.

1715 260 1775 294 125

1065 323 1189 356 dientes
1217 327 1353 355 aetatem
1383 322 1635 355 adolescentium
1658 323 1696 355 ad
1718 323 1819 366 pietu-

1066 383 1129 409 tcin
1152 382 1182 409 et
1203 376 1392 420 religionem
1423 376 1603 413 informari,
1640 387 1735 420 quae,
1759 377 1819 408 nisi

1065 442 1081 463 a
1095 430 1212 463 teneris
1224 430 1315 463 annis
1329 434 1414 463 recte
1431 429 1629 469 instituatur,
1652 440 1819 473 nunquam

1066 484 1220 527 perfecte,
1243 484 1312 516 sinc
1334 484 1473 516 maximo
1498 494 1535 516 ac
1560 483 1717 523 singulari
1746 494 1819 526 pro-

1066 537 1309 580 peniodumDei
1322 537 1554 580 omnipotentis
1575 537 1706 576 auxilio,
1731 537 1819 569 iudi-

1066 590 1201 634 sciplina
1227 591 1443 624 ecclesiastica
1464 596 1656 634 perseverat.

1109 644 1124 686 ,ξ
1153 645 1179 676 l.
1203 644 1260 677 Cui
1282 645 1340 685 rei,
1364 644 1457 677 sicuti
1489 655 1593 688 nuper
1620 644 1818 687 accepimus,
1860 652 2022 687 *Monimou*

1066 708 1156 729 more
1183 697 1226 740 pii
1254 698 1390 740 pastoris
1420 698 1601 740 invigilans,
1629 684 2022 735 venerahilisSQ'JL‘],:¹'2”1J1J‡’„⁰⁸{

1066 752 1164 783 l'rater
1184 751 1337 783 Ernestus
1360 751 1628 795 archiepiscopus
1648 751 1820 784 Colonien-
1837 748 1869 766 ⁵¹⁰
1886 747 1995 772 ‘Pi'⁰⁰¹¹⁰·

1065 804 1119 844 sis,
1143 804 1226 836 sacri
1246 805 1370 836 romani
1394 804 1520 847 imperii
1543 816 1599 848 per
1627 805 1749 837 ltaliam
1771 815 1822 836 ar-

1066 856 1353 897 chicancellarius,
1383 863 1411 890 et
1437 858 1588 901 princeps
1613 859 1733 891 elector
1753 857 1820 902 epi-

1065 921 1183 954 scopus
1204 910 1401 949 Leodiensis,
1437 911 1648 944 seminarium
1685 912 1821 945 clerieo-

1065 976 1138 996 rum
1159 964 1192 996 in
1213 964 1340 997 civitate
1362 964 1529 997 Leodiensi
1547 976 1553 1001 ;
1587 970 1614 997 et
1649 965 1764 998 deinde
1785 976 1821 998 ea

1065 1018 1282 1061 suggestione,
1303 1018 1734 1051 dilectusliliusLetuiardus
1753 1019 1821 1051 Bet-

1065 1078 1130 1112 ten,
1160 1072 1259 1104 abbas
1291 1071 1477 1104 monasterii
1505 1072 1535 1104 S.
1571 1072 1742 1111 'l'rudonis,
1766 1083 1821 1115 op-

1065 1125 1131 1168 pidi
1153 1125 1299 1158 eiusdem
1325 1126 1356 1158 S.
1385 1125 1557 1163 Trudonis,
1586 1125 1714 1157 Ordinis
1740 1126 1819 1158 San-

1065 1179 1106 1212 cti
1122 1179 1299 1219 Benedicti,
1314 1179 1498 1212 Leodiensis
1519 1179 1688 1219 dioecesis,
1701 1179 1756 1222 qui
1775 1179 1821 1211 di-

1065 1233 1107 1266 cti
1125 1233 1236 1277 oppidi
1257 1243 1322 1265 una
1343 1244 1417 1266 cuin
1450 1233 1520 1275 ipso
1542 1232 1676 1265 Ernesto
1696 1232 1821 1265 archie·

1065 1288 1199 1331 piscopo
1220 1287 1372 1319 dominus
1393 1286 1425 1318 in
1446 1286 1681 1329 temporalibus
1701 1286 1818 1325 existit,

1064 1340 1293 1374 secundarium
1308 1340 1470 1383 quoddam
1491 1351 1548 1373 ¹seu
1571 1340 1678 1373 minus
1703 1339 1821 1383 princi-
1865 1357 1924 1377 mum
1952 1358 2022 1378 sem,-

1066 1395 1181 1438 paleae
1191 1394 1278 1428 dicto
1290 1394 1445 1438 primario
1464 1394 1640 1427 seminario
1652 1395 1819 1427 Leodiensi
1836 1390 2022 1446 ζ’,ζζζᾚζὲθξζᾚ

1065 1450 1287 1482 subaltermun
1333 1449 1528 1481 clericorum
1580 1448 1791 1481 seu‘iinarium
1813 1476 1819 1485 ,
1837 1450 1985 1472 ⁶¹⁵Tfud0⁰fl³<

1065 1513 1081 1536 e
1101 1513 1166 1546 quo
1188 1502 1298 1535 elerici
1328 1502 1446 1534 ibidem
1479 1501 1511 1533 in
1543 1501 1719 1534 christiana
1752 1502 1821 1545 pie-

1065 1561 1126 1589 tate
1153 1567 1189 1588 ae
1224 1555 1318 1589 bonis
1347 1555 1462 1588 litteris
1490 1554 1698 1588 mediocriter
1731 1555 1822 1588 insti-

1065 1610 1137 1651 tuti,
1159 1611 1198 1642 ad
1220 1610 1339 1642 dictam
1361 1609 1521 1642 civitaten]
1539 1608 1763 1648 Leodiensem,
1785 1620 1821 1641 ac

1064 1663 1187 1696 dictum
1209 1663 1402 1706 primarium
1428 1663 1654 1698 seminarium.
1677 1662 1716 1695 ad
1737 1663 1821 1695 ulte--

1065 1717 1185 1749 rioreni
1211 1717 1243 1749 in
1264 1717 1383 1760 pietate
1410 1728 1447 1749 ac
1471 1716 1566 1749 bonis
1587 1715 1703 1748 litteris
1723 1721 1819 1759 atque

1064 1771 1186 1803 artibus
1218 1770 1413 1814 profectum,
1440 1770 1522 1802 mitti
1543 1769 1658 1802 deinde
1685 1770 1818 1813 possint,

1064 1824 1096 1856 in
1122 1825 1236 1857 eodem
1253 1824 1373 1868 oppido
1395 1824 1497 1857 erexit
1516 1829 1547 1857 et
1566 1823 1715 1863 instituit;
1742 1834 1819 1856 nee—

1064 1888 1128 1911 non
1149 1878 1258 1911 dilecti
1287 1878 1345 1911 filii
1372 1878 1523 1911 consules
1543 1877 1639 1910 iurati
1665 1883 1696 1910 et
1715 1877 1819 1910 consi-

1064 1932 1143 1963 lium
1165 1931 1241 1964 dieti
1269 1932 1392 1975 oppidi,
1415 1931 1468 1975 pio
1490 1943 1566 1975 erga
1595 1931 1671 1964 fidei
1693 1936 1723 1964 et
1744 1931 1818 1964 reli·
1862 1957 1957 1979 Annum„
1980 1960 2020 1978 m-

1064 1985 1170 2027 gionis
1190 1986 1386 2018 christianae
1406 1985 1685 2019 conservationem
1706 1991 1736 2018 et
1755 1996 1820 2017 ma-
1835 1988 2019 2040 gffijffinfidssm

1063 2039 1287 2072 nutentionem
1302 2051 1338 2072 ac
1351 2040 1590 2073 incrementum
1600 2040 1717 2072 affectu
1730 2038 1819 2078 iuoti,

1064 2094 1094 2125 in
1121 2093 1317 2126 solutionem
1337 2104 1479 2126 annuam
1501 2099 1531 2126 et
1553 2098 1744 2136 perpetuam
1759 2098 1819 2125 tre-

1063 2152 1234 2180 centorum
1256 2146 1469 2185 florenorum,
1492 2147 1616 2179 floreno
1637 2146 1674 2178 ad
1707 2146 1818 2189 viginti

1063 2201 1202 2233 stuseros
1222 2199 1414 2233 Brabantiae
1445 2205 1647 2243 computato,
1674 2211 1733 2243 pro
1762 2200 1818 2232 sti-

1062 2254 1188 2297 pendiis
1214 2265 1271 2287 seu
1297 2254 1422 2287 salariis
1443 2253 1578 2287 rectoris
1598 2259 1628 2288 et
1649 2254 1818 2297 magistro-

1064 2318 1134 2339 rum
1148 2313 1175 2340 et
1198 2307 1269 2340 aliis
1287 2307 1398 2340 usibus
1419 2307 1607 2341 necessariis
1627 2307 1705 2341 dieti
1725 2308 1819 2340 semi-

1062 2361 1143 2393 narii
1165 2366 1412 2400 consenserunt,
1432 2361 1584 2404 idemque
1601 2361 1817 2394 Ernestusar-

1062 2414 1301 2458 chiepistjvopus,
1321 2420 1357 2447 ut
1372 2415 1458 2448 dicto
1474 2415 1647 2448 seminario
1668 2416 1707 2448 de
1728 2426 1817 2448 com-

1062 2464 1158 2496 moda
1169 2464 1368 2498 habitatione
1380 2470 1565 2508 opportune
1579 2465 1814 2508 provideretur,

1061 2512 1195 2545 domum
1216 2513 1247 2546 S.
1271 2513 1421 2547 Matthiae
1442 2515 1578 2547 fratrum
1599 2514 1697 2547 Tertii
1723 2515 1815 2547 Ordi-
1859 2528 2015 2549 immusstmcu

1062 2561 1111 2594 nis
1132 2562 1163 2595 S.
1188 2562 1352 2596 Francisci
1368 2563 1593 2606 Bogardorum
1608 2569 1814 2608 nuncupato-
1830 2560 2017 2613 ζ’,ξτᾙῖιξζζὲζὲζ

1061 2622 1146 2651 rum,
1170 2611 1202 2644 in
1223 2611 1309 2645 dicto
1330 2612 1449 2656 oppido
1471 2613 1576 2653 sitam,
1597 2613 1629 2645 in
1647 2624 1711 2656 qua
1732 2624 1814 2645 unus
1829 2624 1898 2657 cundo
1915 2624 2016 2657 *semiun-

1061 2666 1187 2695 tantun]
1217 2661 1373 2696 canonice
1394 2663 1558 2706 professus
1578 2666 1736 2706 superest,
1757 2672 1814 2694 ne·
1829 2659 1861 2674 ‘¹⁰
1876 2658 1992 2680 ⁸⁸⁵¹⁸¹¹³²⁵·

1836 270 1888 297 An.
1906 270 1935 297 C.
1956 270 2022 297 1589
