2226 3070
101 307 150 334 An.
167 308 193 335 C.
219 308 285 336 1588

280 2309 282 2311 ,
302 2281 394 2308 antea
408 2276 558 2308 Gamerae
579 2281 706 2308 nostrae
721 2275 923 2318 Apostolicae
944 2276 1046 2319 appli-
1065 2308 1066 2313 ,

954 310 1063 335 sumis
1083 311 1102 334 v
1121 312 1171 334 PP.
1729 301 1785 335 331

300 362 433 395 ractere,
459 357 555 390 dandi
588 358 762 390 excessivas
793 359 893 399 dotes,
918 358 1175 409 ereanditnibus
1213 369 1249 391 ac
1287 358 1524 394 emolumentis,
1567 359 1737 391 ordinariis
1774 362 1821 393 vel

299 420 354 443 seu
376 410 563 454 imponendi
595 422 719 447 census.
744 423 778 443 ac
807 411 876 443 aliis
897 411 1046 444 omnibus
1064 411 1353 448 extraordinariis,
1378 422 1436 454 pro
1464 413 1577 444 eodem
1610 412 1653 445 sie
1685 424 1740 456 per
1767 424 1824 446 nos

299 468 327 495 et
349 463 607 506 quilutscumque
637 463 778 500 indultis,
803 475 858 496 seu
888 464 1174 516 facultati-laruae
1218 466 1471 497 Lauretanorurn
1511 465 1648 497 militum
1689 466 1824 505 collegio

299 517 368 553 bus,
393 517 651 549 absolutionibus
679 528 695 549 a
726 517 890 559 quibusvis
911 518 1045 550 excessi·
1063 519 1064 560 ξ
1081 518 1300 561 livpotluuizatis
1330 529 1388 561 per
1419 524 1599 551 exactorem
1642 524 1693 551 aut
1729 520 1824 552 mini-

298 570 358 602 bus
376 571 719 613 ac[lis1‚1‹311s;itioiiil»us
739 581 804 603 non
823 571 1045 603 matrimonia-
1063 569 1064 604 I
1080 577 1192 607 strum,
1217 572 1271 614 qui
1293 572 1332 603 ab
1354 572 1422 615 ipso
1444 572 1580 612 collegio
1601 583 1659 615 pro
1681 577 1824 615 tempore

299 623 392 659 libus,
416 623 506 656 novis
526 623 774 666 provisionibus,
798 624 907 664 gratiis
927 624 959 655 in
981 625 1045 656 t'or-

299 687 361 715 ma,
386 676 530 719 perinde,
555 682 582 708 et
605 676 700 708 etiam
722 676 837 712 valere,
862 677 1063 718 derogatum,

299 730 392 762 nibus
413 729 751 765 fideicoumiissorum,
772 729 943 762 missarum
965 729 1044 762 alio-
1061 726 1063 740 ¹

299 794 409 816 rumve
433 793 568 815 onerum
600 783 638 815 ad
670 782 828 815 minorem
858 771 1063 819 numerum,¹

298 843 352 869 aut
372 837 467 869 etiam
483 837 675 880 pensionum
693 837 739 868 vel
753 847 907 869 censuum
922 847 1045 869 annuo-
1062 832 1063 873 l

298 902 380 928 rum,
392 891 431 923 ad
443 890 602 923 minorem
615 901 775 923 sumniam
788 890 1040 926 reductioniluis,

298 943 461 986 quibusvis
490 943 792 976 contirinationiluis
825 948 880 975 aut.
910 943 1063 975 erectio-i

298 995 406 1036 nibus,
432 996 689 1028 iuramentorum
716 1002 768 1028 aut
796 996 1063 1046 suspensionuim

298 1050 346 1082 vel
367 1050 503 1082 aliarum
525 1060 702 1093 poenarum
719 1049 969 1082 relaxationibus
989 1060 1045 1082 seu
1062 1059 1063 1066 ¹

298 1103 553 1139 remissionibus,
567 1103 875 1136 comunitationibus
895 1109 1042 1136 votorum
1062 1121 1064 1138 1,

299 1156 363 1189 sive
383 1157 569 1189 ultimarum
590 1156 802 1192 voluntatum,
829 1156 1044 1188 translationi-
1062 1143 1064 1194 i

300 1210 358 1242 bus
378 1210 425 1242 vel
447 1209 679 1242 cassationibus
700 1209 892 1252 pensionum
913 1215 968 1241 aut
994 1220 1045 1241 re·

299 1262 517 1295 servationum
550 1262 723 1299 fructuum,
748 1262 902 1305 temporis
931 1273 1045 1305 proro-

298 1315 482 1357 gationibus
498 1315 546 1347 vel
563 1314 819 1348 restitutionibus
835 1315 1045 1358 quibuscum·
1063 1323 1064 1344 t

298 1381 359 1413 que
381 1375 411 1402 et
431 1370 501 1402 aliis
532 1369 689 1402 similibus
717 1369 979 1402 concessionibus
1007 1370 1045 1402 ad

298 1423 456 1456 rationem
478 1423 573 1455 trium
607 1423 798 1455 ducatorum
825 1434 882 1466 pro
904 1423 1044 1466 qualibet

298 1476 544 1520 supplicatione,
568 1476 611 1509 ita
631 1482 738 1509 tamen
760 1482 808 1513 ut,
833 1476 857 1509 si
880 1476 911 1509 in
933 1477 1045 1509 eadem

299 1529 532 1573 supplicatione
565 1529 673 1573 plures
704 1529 887 1562 huiusmodi
927 1530 1064 1573 gratiae]

300 1583 530 1623 concedantur,
554 1593 612 1625 pro
634 1582 774 1625 qualibet
800 1593 836 1615 ex
855 1583 1047 1626 supradictis

299 1635 419 1676 gratiis,
444 1636 608 1668 solvantur
629 1640 691 1667 tres
712 1635 817 1668 ducati
843 1635 982 1668 similes:
1011 1648 1065 1674 ex,

1081 625 1242 668 deputari,
1284 632 1311 658 et
1345 627 1384 658 ad
1416 626 1514 669 ipsius
1544 626 1670 665 collegii
1711 632 1823 658 nutum

1080 678 1154 720 poni
1178 684 1204 710 et
1237 679 1376 711 amoveri
1399 679 1524 715 debeat,
1549 690 1567 711 a
1587 679 1733 722 personis
1765 679 1824 711 bu-

1080 730 1218 763 iusmodi
1240 732 1357 771 gratias
1378 732 1634 775 impetrantibus,
1651 733 1698 765 vel
1714 744 1823 765 earum

1062 785 1359 826 ,p1·o‹2·uratoriluis,
1395 791 1445 817 aut
1485 796 1543 828 pro
1576 786 1619 818 eis
1659 786 1825 827 agentibus

1079 837 1209 880 propria
1238 838 1442 874 auctoritate,
1468 838 1534 870 sine
1561 839 1695 871 alicuius
1729 839 1826 871 licen-

1081 889 1131 926 tia,
1161 891 1312 922 mandato
1351 891 1398 922 vel
1430 892 1578 927 decreto,
1620 892 1822 931 exigendum,

1080 949 1107 975 et
1134 943 1249 975 deiude
1277 943 1405 976 cuilibet
1437 955 1473 976 ex
1493 945 1642 977 trecentis
1673 945 1827 977 militibus

1080 995 1265 1027 Lauretanis
1296 994 1468 1038 praedietis
1499 1006 1557 1038 pro
1589 1002 1658 1027 rata
1694 996 1827 1038 singulis

1080 1048 1253 1084 mensibus,
1278 1048 1401 1089 integre
1433 1054 1461 1080 et
1494 1048 1561 1080 siue.
1583 1048 1690 1091 aliqua
1719 1056 1825 1081 reten-

1082 1101 1177 1137 tione,
1200 1101 1447 1144 persolvent‘lum
1468 1107 1624 1145 perpetuo
1644 1102 1823 1139 vendimus,

1080 1154 1247 1191 tradimus,
1272 1154 1479 1187 concedimus
1504 1160 1532 1186 et
1563 1154 1773 1195 assignamus,
1798 1161 1824 1187 et

1081 1214 1144 1241 tam
1161 1219 1219 1252 pro
1234 1208 1325 1241 dietis
1339 1208 1484 1241 ducentis
1498 1214 1525 1241 et
1540 1208 1712 1250 sexaginta,
1731 1219 1827 1251 quam

1080 1272 1138 1304 pro
1155 1261 1203 1294 his
1215 1262 1428 1304 quadraginta
1444 1261 1598 1294 militibus
1613 1272 1736 1294 annuos
1755 1263 1827 1295 red-

1081 1315 1164 1347 ditus
1185 1315 1370 1348 huiusmodi
1391 1326 1493 1358 usque
1521 1316 1560 1348 ad
1589 1326 1829 1358 quamcumque

1081 1379 1252 1404 summam,
1266 1375 1360 1411 atque
1382 1369 1462 1401 adeo
1477 1368 1728 1411 compositiones
1745 1368 1829 1411 ipsas

1063 1431 1117 1454 ‘ex
1145 1422 1447 1465 dispensationibus
1484 1421 1625 1459 indultis,
1652 1421 1828 1454 absolutio-

1081 1475 1175 1507 nibus
1196 1481 1222 1507 et
1246 1475 1315 1507 aliis
1335 1475 1444 1517 ‘gratiis
1469 1475 1640 1518 praedictis
1661 1486 1719 1518 pro
1750 1481 1829 1507 tem-

1082 1538 1159 1570 pore
1181 1528 1403 1571 }‘irovenientes
1421 1527 1602 1571 specialiter
1626 1533 1652 1560 et
1682 1538 1828 1571 expresse

1082 1580 1137 1622 (ita
1157 1587 1188 1613 ut
1211 1581 1358 1624 specialis
1382 1581 1567 1613 huiusmodi
1590 1581 1769 1624 bvpotheca
1799 1587 1829 1613 et.

1082 1634 1234 1676 obligatio
1256 1634 1400 1677 qualitati
1422 1634 1605 1677 praedictae
1621 1645 1827 1677 nequaquam

300 1688 592 1732 dispensationibus
627 1698 702 1720 vero
734 1688 1043 1726 matrimonialibus,
1082 1690 1224 1730 deroget,
1241 1698 1300 1721 nec
1321 1698 1336 1720 e
1358 1689 1663 1731 contra),perpetuo
1685 1688 1827 1731 applica-

300 1742 331 1774 in
345 1741 604 1785 quibuscumque
620 1741 906 1783 consanguinitatis
925 1753 980 1774 seu
1001 1744 1046 1774 al‘-
1063 1758 1065 1789 ἦ
1082 1753 1152 1774 mus
1184 1747 1211 1773 ct
1243 1741 1505 1784 approsuianuls,
1539 1741 1663 1784 ipsique
1693 1741 1828 1783 collegio

299 1795 429 1829 finitatis
450 1795 602 1837 gradibus
627 1801 678 1827 aut
712 1795 958 1837 cognationibus
985 1796 1047 1839 spi·
1063 1790 1064 1806 ³
1082 1801 1246 1837 tamquam
1267 1805 1335 1826 rem
1357 1794 1532 1837 propriam,
1557 1799 1585 1826 et
1606 1794 1766 1826 redditum
1790 1795 1828 1827 ad

299 1848 478 1885 ritualibus,
494 1854 621 1891 praeter
641 1853 668 1880 ct
692 1848 775 1881 ultra
796 1849 1047 1891 compositiones
1064 1859 1065 1879 t
1082 1859 1193 1881 eorum
1216 1849 1425 1881 commodum
1440 1854 1564 1881 lantum
1581 1848 1762 1891 specialiter
1780 1848 1828 1880 in-

300 1913 358 1947 pro
378 1903 423 1936 eis
444 1903 475 1934 in
497 1902 565 1946 ipsa
582 1902 709 1935 Dataria
729 1903 806 1934 solvi
828 1903 947 1941 solitas,
965 1914 1046 1946 quae
1064 1919 1065 1927 κ
1081 1908 1222 1939 ventum,
1257 1913 1362 1945 neque
1392 1912 1535 1945 unquam
1563 1907 1655 1934 antea
1687 1901 1718 1933 in
1751 1901 1829 1934 alios

301 1967 431 2000 prorsus
451 1956 587 1989 intactae
617 1955 852 1998 relinquantur,
877 1956 917 1988 ad
948 1956 1046 1989 ratio-
1064 1984 1065 2004 χ
1081 1966 1157 1988 usus
1178 1955 1319 1988 converti
1341 1955 1482 1994 solitum,
1507 1955 1708 1997 assignamus
1729 1960 1756 1987 et
1780 1955 1828 1986 in-

300 2020 374 2042 nem
394 2009 488 2041 unius
508 2014 632 2041 tantum
652 2009 757 2041 ducati
776 2020 834 2053 pro
853 2020 1047 2053 unaquaque
1064 2005 1066 2063 Ξ
1082 2007 1304 2052 coiporanms,
1322 2015 1417 2051 atque
1438 2019 1551 2041 omnes
1571 2008 1715 2041 redditus
1735 2018 1828 2051 prae-

299 2062 533 2107 supplicatione
563 2073 619 2095 seu
650 2063 795 2099 caedula,
830 2063 926 2095 ctiam
958 2069 1045 2096 motu
1083 2062 1184 2095 dictos
1206 2062 1333 2095 insimul
1352 2062 1390 2094 ad
1408 2072 1647 2105 quamcumsuic
1667 2072 1828 2094 summam

301 2116 431 2160 proprio
452 2115 589 2157 signata,
614 2115 704 2158 quasi
737 2115 904 2148 cuiusdam
924 2127 1047 2160 poenae
1065 2155 1066 2165 η
1082 2116 1290 2148 ascendeutes
1311 2116 1342 2147 in
1365 2125 1461 2147 unam
1479 2125 1616 2147 massam
1631 2120 1658 2147 et
1682 2115 1712 2146 in
1727 2126 1826 2147 unum

301 2170 372 2203 loco
402 2181 419 2202 a
450 2169 594 2213 personis
627 2175 738 2202 contra
776 2170 824 2202 ius
862 2170 1199 2213 buiusmo(li}corpus
1227 2179 1284 2211 pro
1312 2168 1461 2200 universo
1492 2168 1627 2208 collegio
1658 2167 1827 2200 conl‘undi-

302 2222 419 2262 gratias
450 2222 631 2265 petentibus
663 2222 847 2264 exiguntur,
880 2234 1046 2267 nunquam
1065 2240 1066 2264 2
1083 2234 1164 2261 mus,
1190 2228 1217 2254 et
1240 2222 1334 2254 sin‘iul
1356 2220 1593 2262 coniungimus.

303 2328 391 2365 catis,
415 2338 519 2371 neque
540 2328 753 2372 incorporatis
773 2334 827 2361 aut
856 2329 895 2360 ab
917 2339 954 2361 ea
973 2340 1047 2373 per-

303 2382 364 2425 cipi
395 2381 506 2422 solitis,
530 2387 608 2425 quotr
634 2387 713 2424 quot¹
742 2381 815 2414 illae
847 2382 922 2419 sint,
947 2388 978 2415 et
1007 2380 1065 2415 ad?

303 2446 542 2479 quamcumspie
562 2435 626 2467 sive
648 2446 779 2478 parvam
800 2435 863 2467 sive
896 2446 1046 2477 magnam
1064 2446 1065 2458 ¹

1127 2276 1141 2317 ξς
1162 2276 1191 2306 ti.
1217 2275 1428 2307 Decernentes
1448 2273 1709 2315 assignationem,
1725 2274 1828 2318 appli-

1082 2328 1253 2364 cationem,
1273 2326 1567 2370 appropriationem
1590 2332 1618 2359 et
1640 2327 1828 2370 incorpora-

1084 2381 1201 2413 tionem
1223 2380 1407 2413 liuiusn‘iodi
1428 2380 1518 2413 nullo
1537 2385 1681 2423 tempore
1702 2381 1828 2412 nullave

1082 2445 1177 2467 causa
1209 2433 1374 2478 impediri,
1399 2444 1458 2466 nec
1479 2444 1515 2465 ex
1536 2443 1573 2465 eo
1595 2434 1682 2476 quod
1703 2444 1760 2477 per
1781 2439 1828 2465 to-

303 2499 463 2521 summam
486 2488 670 2525 ascendant,
695 2488 817 2521 etiamsi
839 2488 996 2521 rationem
1018 2495 1045 2521 et
1064 2506 1066 2519 i
1082 2489 1177 2520 talem
1199 2493 1227 2520 et
1250 2487 1405 2529 integram
1435 2487 1619 2520 reddituum
1647 2493 1675 2520 et
1704 2488 1828 2520 emolu-

304 2547 493 2585 computum
513 2541 695 2585 praedictae
716 2541 838 2585 primae.
859 2541 1047 2584 assignatio·
1064 2531 1066 2586 ξ
1082 2539 1462 2573 mentorumhuiusmodi
1475 2540 1727 2579 concessionem,
1741 2540 1828 2583 prio-

304 2596 353 2628 nis
373 2595 417 2628 eis
438 2597 536 2628 sactae
557 2596 651 2637 longe
672 2596 836 2634 excedant,
853 2596 1048 2629 remanenti·
1065 2606 1067 2639 t
1083 2594 1125 2626 ris
1145 2593 1368 2635 assignationis
1396 2594 1519 2627 ratione
1549 2594 1666 2631 habita,
1691 2600 1720 2626 et
1747 2594 1828 2626 sacto

304 2648 364 2681 bus
384 2654 492 2681 tamen
513 2648 676 2691 quibusvis
694 2648 762 2681 aliis
775 2648 920 2682 Datariae
941 2649 1048 2682 reddi·
1083 2652 1247 2692 computo,
1271 2646 1392 2691 aliquid
1421 2647 1501 2680 lucri
1531 2648 1569 2680 ad
1601 2647 1704 2690 ipsum
1730 2646 1827 2679 colle-

305 2701 400 2742 tibus,
423 2701 646 2746 proventibus,
670 2702 793 2735 iiuibus
824 2708 855 2736 et
882 2702 1049 2736 obventio·
1083 2702 1170 2744 gium
1200 2700 1372 2745 perveniat,
1397 2706 1449 2733 aut
1479 2701 1556 2733 alias
1584 2700 1615 2732 in
1643 2705 1828 2733 controver-

1840 313 1889 339 An.
1907 314 1935 340 C,
1958 313 2022 340 1588

1850 2286 1971 2307 Facultates
1981 2294 2028 2308 eun.

1845 2314 1899 2333 redit
1917 2320 1953 2339 pro
1970 2321 2028 2334 <erii-

1844 2347 1893 2360 rwri
1909 2341 2028 2365 praedii-tu.

1845 2373 1888 2387 rum
1898 2371 2028 2387 executione,
