2226 3070
65 205 118 250 An'.
135 222 165 249 c.
183 221 250 249 1588

96 1303 244 1330 incorporatio

60 1335 84 1355 ad
101 1336 153 1356 istud
167 1336 241 1356 aretii-

62 1367 116 1387 vium
152 1368 242 1387 omnium

61 1399 211 1419 archiviorum.

926 219 1030 243 SIXTUS
1054 219 1072 242 V
1096 218 1145 242 PP.

265 284 303 307 ac
322 284 546 317 quoscumque
573 273 652 307 alios
673 274 830 318 praelatos
851 284 907 306 seu
929 273 1017 317 prio-

265 337 316 361 res
336 338 395 371 pro
416 333 561 372 tempore
580 327 676 360 initos
696 332 725 360 et
746 327 935 367 celebratos,
958 326 1017 359 sub

266 381 361 414 modo
383 387 413 414 et
433 381 537 414 forma
558 380 589 413 in
610 380 758 424 capitulis
779 391 861 424 quac
887 391 944 424 per
968 380 1016 412 di-

265 434 382 468 lectum
416 434 518 467 filium
550 440 694 467 nostrum
725 434 901 466 lIenricum
933 433 1015 466 tituli

265 487 399 521 Sanctae
419 487 638 521 Pudentianae
659 487 883 530 presbyterum
910 486 1015 518 cardi-

265 541 370 574 nalem
387 541 574 581 Caetanum‚
597 545 743 572 nostrum
767 544 797 572 et
811 543 939 572 sanctae
955 538 1016 571 Ro-

266 605 379 627 manae
403 593 565 627 Ecclesiae
590 591 818 632 camerarium,
846 592 1015 635 dictaeque

264 648 415 681 Gamerae
445 646 694 686 thesaurarium,
718 645 876 678 decanum
898 651 926 677 et
950 645 1014 678 ele-

264 701 359 741 ricos,
382 700 614 744 praesidentes,
641 706 696 732 aut
716 710 789 732 eum
815 699 863 731 vel
884 709 938 731 eos
958 699 1014 742 qui

263 765 281 787 a
296 754 389 787 nobis
406 754 454 786 vel
473 753 715 786 successoribus
727 751 844 785 nostris
862 752 1014 785 Romanis

263 807 474 841 Pontificibus
493 817 590 851 super
609 805 887 839 administratione
909 812 940 839 et
954 817 1013 849 gu-

262 862 375 895 bernio
404 861 564 894 dictorum
594 859 812 893 archiviorum
845 870 904 903 pro
933 864 1012 892 tem-

263 926 341 959 pore
379 914 638 959 deputabuntur,
679 912 855 946 statuendis
889 919 920 946 et
957 913 1012 946 de-

262 969 434 1010 clarandis,
456 967 614 1012 asportari
635 973 665 1000 et
695 966 870 1011 respective
901 966 1013 1010 recipi,

262 1023 407 1056 adnotari
428 1028 458 1056 et
486 1021 656 1065 diligenter
691 1026 847 1064 perpetuo
882 1031 1013 1054 conser-

262 1076 327 1109 vari
354 1080 384 1109 et
406 1075 562 1109 custodiri
581 1075 731 1115 debeant,
754 1074 931 1118 apostolica
955 1085 1012 1107 au-

262 1130 421 1171 ctoritate,
449 1135 561 1163 tenore
592 1128 827 1173 praesentium,
855 1134 1012 1173 perpetuo

261 1183 415 1226 erigimus
435 1188 466 1217 et
490 1182 701 1216 instituimus.

304 1237 319 1279 ξ
343 1236 375 1270 3.
402 1237 439 1271 Et
459 1237 483 1270 si
510 1237 543 1270 in
572 1237 736 1281 aliquibus
761 1236 947 1281 provinciis,
971 1237 1013 1270 ci-

260 1290 412 1323 vitatibus
436 1295 467 1323 et
494 1290 564 1323 aliis
584 1290 662 1323 locis
688 1290 877 1334 praedictis,
905 1290 1013 1333 vigore

259 1355 541 1388 quarumcumque
551 1344 739 1377 facultatum
752 1344 903 1387 desuper,
916 1344 1012 1377 etiam

259 1408 277 1430 a
297 1398 390 1431 nobis
413 1398 461 1431 vel
488 1397 793 1441 praedecessoribus
814 1397 932 1431 nostris
949 1398 1012 1430 Ro-

261 1453 362 1485 manis
382 1452 594 1486 Pontificibus
614 1458 670 1486 aut
695 1451 897 1496 Apostolicae
923 1452 1014 1485 Sedis

260 1506 381 1549 legatis,
401 1506 596 1548 vicelegatis,
612 1506 882 1550 praesidentibus,
894 1506 1012 1549 guber-

260 1559 427 1593 natoribus
443 1570 500 1592 seu
518 1559 721 1600 officialibus,
742 1560 789 1592 vel
808 1559 903 1592 etiam
920 1570 936 1592 a
957 1560 1014 1593 Ca-

261 1623 348 1645 mera
368 1613 564 1657 Apostolica,
588 1619 618 1646 et
634 1624 692 1657 pro
713 1624 750 1646 ea
766 1613 934 1655 agentibus
946 1613 1013 1657 qui-

259 1667 367 1699 busvis
387 1666 639 1710 provinciarum,
670 1667 834 1699 civitatum
862 1673 894 1700 et
927 1668 1012 1701 loco-

259 1730 329 1752 rum
357 1720 544 1753 buiusmodi
566 1720 866 1759 communitatibus,
886 1720 1013 1754 univer-

257 1773 403 1807 sitatibus
418 1800 425 1814 ,
453 1773 609 1817 collegiis,
633 1774 784 1818 capitulis
809 1780 864 1807 aut
888 1774 958 1807 aliis
979 1785 1011 1807 e-

227 1872 230 1874 v
256 1827 331 1860 tiam
353 1821 608 1871 particularibus
634 1828 783 1872 personis
809 1833 840 1861 et
864 1828 1011 1861 officiali-

257 1881 316 1913 bus
335 1891 371 1914 ac
392 1881 595 1914 cancellariis
616 1888 643 1915 et
661 1881 730 1914 aliis
749 1882 915 1925 praefatis,
930 1893 1010 1925 qua-

256 1934 301 1967 vis
316 1945 412 1968 causa
427 1935 475 1968 vel
492 1936 675 1977 occasione,
689 1947 726 1970 ae
743 1948 780 1969 ex
802 1936 893 1969 titulo
915 1936 1010 1970 ctiam

256 1998 406 2029 oneroso,
445 1999 686 2031 concessarum,
726 1991 835 2034 aliqua
870 1990 1011 2024 areliivia

255 2042 304 2074 vel
325 2042 448 2087 aliquid
464 2044 502 2076 ad
524 2044 655 2077 illorum
678 2044 778 2078 instar
798 2045 835 2078 ad
859 2055 1011 2089 praesens

256 2097 463 2140 reperiantur
482 2098 530 2131 vel
549 2098 629 2142 erigi
643 2098 811 2140 deberent,
833 2099 887 2131 illa
903 2099 1011 2132 omnia

257 2155 287 2182 et
307 2150 433 2193 singula
451 2151 603 2184 archiviis
624 2162 682 2196 per
701 2158 886 2196 praesentes
897 2154 1012 2187 crectis

258 2209 289 2236 et
321 2203 487 2245 institutis,
515 2215 552 2238 ac
579 2206 766 2239 earumdem
794 2206 1010 2250 praesentium

259 2256 366 2300 vigore
393 2257 598 2291 instituendis
623 2264 654 2292 et
677 2259 887 2301 stabiliendis,
915 2261 1009 2294 etiam

260 2316 416 2355 perpetuo
446 2322 660 2355 aggregamus
686 2319 716 2345 et
750 2313 1007 2358 incorporamus.

258 2363 337 2396 Cum
364 2365 658 2399 modificationibus
676 2372 781 2399 tamen
803 2372 835 2399 et
851 2367 1010 2401 limitatio-

259 2413 354 2446 nibus
373 2425 410 2447 ae
430 2415 704 2448 declarationibus
721 2415 753 2447 in
773 2415 866 2449 dictis
886 2417 1010 2461 eapitu-

258 2462 307 2502 lis,
323 2462 410 2496 iuxta
428 2468 569 2497 mentem
588 2471 731 2498 nostram
740 2464 859 2498 eisdem
871 2465 1010 2499 ilenrico

257 2512 437 2546 camerario
457 2519 488 2546 et
511 2513 664 2547 Gamerae
691 2515 853 2557 praefatae
885 2515 1011 2547 clericis

257 2560 335 2593 decl
331 2567 464 2602 iratam,
475 2562 905 2606 ilusquedeilnationibus
914 2564 1008 2596 etiam

256 2609 372 2642 futuris
395 2611 607 2655 temporibus,
631 2617 695 2645 tam
698 2623 775 2663 per
792 2623 850 2645 nos
866 2624 985 2657 quam.
980 2625 1012 2646 a-

337 2659 414 2690 Ruti.
429 2660 496 2690 Rom
519 2660 574 2691 Vol.
593 2660 641 2691 IX.
873 2662 892 2691 4

1724 207 1765 240 25

1061 272 1140 304 lium
1159 271 1205 304 vel
1227 270 1306 303 alios
1323 271 1361 303 ad
1384 270 1413 303 id
1434 281 1452 303 a
1467 270 1560 303 nobis
1577 270 1621 302 w}
1643 281 1809 303 successo-

1060 325 1148 358 ribus
1173 323 1290 357 nostris
1310 324 1461 356 Romanis
1478 324 1700 363 Pontificibus,
1720 325 1743 356 si
1766 325 1810 357 eis

1059 378 1232 418 videbitur,
1269 384 1366 421 atquc
1397 387 1510 410 eorum
1544 378 1690 415 arbitrio,
1717 378 1810 410 toties

1058 432 1186 475 quotics
1200 432 1245 465 eis
1256 431 1426 476 placuerit,
1445 431 1599 464 faciendis
1620 436 1649 464 et
1669 435 1810 464 statuen—

1058 485 1115 563 disq
1126 491 1157 518 et
1177 485 1401 518 reformandis.

1101 555 1116 581 ,
1166 538 1378 572 .Facultates
1399 549 1434 571 ve
1438 548 1473 571 10
1499 537 1567 581 eri1
1570 550 1585 568 ι
1591 537 1641 569 ndi
1669 543 1699 570 et
1720 537 1767 569 ins
1755 537 1808 569 ti-

1059 597 1110 623 tu<
1115 592 1167 624 ndi
1190 592 1342 632 mchixia,
1366 591 1546 635 velaliquid
1564 592 1600 623 ad
1617 590 1830 623 illorumin-

1057 650 1130 684 stat,
1152 645 1223 677 diis
1242 646 1360 685 forsan,
1383 652 1415 679 ut
1433 645 1663 690 praemittitur,
1680 655 1778 678 conci
1783 656 1809 677 s·-

1056 708 1116 738 sas,
1140 709 1265 732 necnon
1286 698 1463 743 privilegia,
1490 698 1626 738 indulta,
1654 698 1808 731 immuni-

1057 756 1135 784 tates
1149 763 1204 785 seu
1221 753 1440 796 exemptiones
1456 763 1692 796 quascumque,
1713 753 1807 785 etiam

1056 815 1092 837 ex
1114 805 1205 839 titulo
1230 817 1381 846 oneroso,
1404 818 1440 840 ac
1465 807 1524 839 sub
1549 807 1808 850 quibuscumque

1055 858 1228 892 verborum
1255 860 1366 892 formis
1391 865 1421 892 et
1450 860 1628 900 tenoribus,
1657 870 1808 893 concessa

1056 911 1187 953 fuerint,
1210 924 1350 957 quorum
1377 914 1523 946 omnium
1554 919 1691 952 tenores,
1719 925 1756 947 ac
1782 914 1806 946 si

1055 966 1094 999 de
1123 966 1220 999 verbo
1250 967 1287 999 ad
1316 967 1450 999 verbum
1472 967 1694 999 insererentur
1718 978 1808 1011 prae-

1055 1020 1212 1061 sentibus,
1241 1021 1353 1054 haberi
1380 1021 1528 1054 volumus
1553 1032 1611 1064 pro
1638 1021 1806 1064 expressis,

1055 1073 1203 1107 similiter
1228 1080 1387 1118 perpetuo
1413 1085 1574 1107 cassamus
1603 1079 1633 1107 et
1658 1075 1806 1107 annulla-

1056 1138 1139 1161 mus.

1099 1181 1114 1224 ἓ
1138 1182 1168 1215 5.
1197 1181 1258 1214 *tm
1264 1191 1328 1214 non
1350 1187 1396 1221 ut,
1419 1191 1478 1225 pro
1499 1181 1759 1224 lcli‹·i1‹gimine
1778 1188 1809 1214 ct

1054 1234 1213 1277 gubernio
1242 1235 1461 1268 archixiorum
1492 1235 1724 1279 prae‘z',titoium
1752 1228 1828 1268 ali-¹

1055 1299 1119 1332 qua
1139 1299 1276 1333 persona
1297 1289 1336 1321 ad
1366 1289 1426 1322 boc
1447 1299 1564 1321 munus
1590 1295 1663 1333 ipta
1688 1295 1718 1322 et
1738 1289 1806 1322 ido-

1055 1353 1115 1375 nea
1153 1342 1185 1374 in
1224 1343 1414 1375 corumdem
1449 1342 1669 1375 archiviorum
1710 1343 1806 1376 totius

1055 1396 1189 1439 praefati
1216 1396 1321 1429 Status
1348 1396 1563 1429 Ecclesiastici
1595 1399 1804 1440 praefectum,

1055 1450 1100 1482 vel
1123 1449 1183 1483 snb
1202 1450 1316 1492 quovis
1336 1450 1398 1483 alio
1419 1449 1512 1483 titulo
1529 1449 1621 1483 nobis
1643 1450 1804 1491 beneviso,

1055 1514 1091 1537 ac
1112 1514 1171 1548 per
1190 1514 1247 1536 nos
1267 1503 1475 1543 declarando,
1495 1504 1620 1547 subque
1642 1510 1728 1537 certa
1742 1505 1806 1537 for-

1056 1567 1118 1597 ma,
1145 1561 1215 1597 etc„
1246 1557 1426 1600 habeatque
1450 1557 1592 1600 plenam,
1611 1558 1744 1601 liberam
1777 1564 1804 1591 et

1055 1611 1276 1643 omnimodam
1291 1611 1487 1651 facultatem,
1501 1617 1691 1655 potestatem
1706 1618 1735 1645 et
1749 1624 1806 1645 au-

1055 1664 1236 1697 ctoritatem
1258 1663 1444 1697 huiusmodi
1473 1665 1616 1698 archivio
1644 1665 1675 1698 in
1702 1666 1807 1699 omni-

1054 1718 1113 1750 bus
1129 1724 1159 1751 et
1179 1717 1314 1761 singulis
1336 1718 1522 1761 provinciis,
1539 1719 1732 1761 civitatibus,
1747 1725 1807 1753 ter-

1055 1772 1110 1812 ris,
1133 1772 1261 1817 oppidis
1282 1778 1310 1806 et
1333 1773 1403 1806 aliis
1428 1773 1506 1805 locis
1527 1774 1697 1807 antedictis
1722 1774 1807 1807 eius-

1054 1826 1126 1859 dem
1148 1826 1266 1867 Status,
1290 1826 1321 1859 in
1342 1827 1461 1870 quibus
1481 1827 1535 1859 illa
1566 1838 1601 1859 ex
1630 1828 1733 1860 forma
1759 1829 1805 1860 di-

1054 1885 1180 1913 etorum
1203 1880 1421 1924 capitulorum
1443 1880 1594 1913 constitui
1615 1881 1733 1914 debere
1747 1882 1806 1914 dn-

1054 1933 1147 1975 xerit,
1168 1934 1261 1967 toties
1279 1934 1407 1977 quoties
1422 1933 1481 1967 sibi
1502 1934 1673 1975 videbitur,
1698 1946 1755 1978 per
1774 1946 1806 1967 so

1054 1988 1101 2020 vel
1123 1987 1222 2020 alium
1241 1997 1296 2020 seu
1315 1987 1394 2021 alios
1415 1988 1454 2020 ad
1475 1988 1505 2021 id
1531 1989 1570 2020 ab
1592 1999 1629 2021 eo
1646 1989 1804 2033 deputan-

1054 2041 1123 2081 dos,
1144 2040 1360 2074 constituendi
1386 2048 1415 2074 et
1437 2041 1632 2083 stabiliendi,
1655 2053 1757 2086 eaque
1775 2054 1808 2075 a-

1054 2095 1215 2135 movendi,
1239 2095 1464 2136 transferendi,
1488 2106 1589 2139 sepzuu
1584 2096 1671 2136 andi,
1694 2107 1806 2139 aggre—

1054 2160 1073 2192 ζ·
1054 2149 1150 2187 andi
1180 2155 1210 2182 et
1240 2149 1483 2193 ιιιοοηιοιῑιῑιάι,
1506 2156 1573 2183 ceti·
1579 2162 1592 2182 ι
1595 2161 1677 2193 ique
1698 2151 1807 2183 omnia

1054 2182 1085 2236 et
1104 2203 1226 2246 singula
1250 2204 1282 2237 in
1306 2204 1492 2248 praemissis
1519 2211 1545 2237 ct
1575 2204 1659 2238 circa
1690 2215 1725 2237 ea
1751 2216 1806 2237 ne-

1053 2257 1191 2289 cessaria
1212 2268 1267 2290 seu
1289 2258 1533 2301 quomodolibet
1555 2259 1805 2302 opportuna‚fa-

1053 2310 1170 2351 ciendi,
1191 2311 1338 2353 gerendi,
1367 2312 1534 2345 exercendi
1562 2318 1589 2344 ct
1613 2312 1804 2355 exequendi,

1053 2368 1110 2396 etc.
1140 2364 1183 2396 Ac
1211 2374 1269 2407 pro
1298 2364 1470 2397 salubriori
1492 2365 1680 2397 eorumdem
1702 2365 1806 2398 archi—

1053 2412 1178 2445 viorum
1199 2413 1390 2455 directione,
1407 2424 1578 2453 successu,
1601 2414 1758 2456 gulwrnio
1777 2421 1802 2447 ct

1053 2461 1332 2495 administratione
1354 2463 1406 2496 illa
1427 2463 1534 2495 omnia
1553 2469 1579 2495 vt
1603 2463 1727 2506 singula
1750 2475 1806 2507 per

1054 2522 1154 2543 unum
1172 2522 1206 2544 ex
1222 2511 1326 2544 dictae
1340 2511 1492 2545 Gamerae
1505 2512 1643 2552 doricis,
1667 2513 1696 2544 in
1717 2524 1804 2555 prav-

1053 2560 1209 2593 sidentem
1232 2572 1286 2594 seu
1313 2562 1511 2605 praefectum
1535 2562 1697 2599 :uinal‹12m,
1721 2562 1802 2593 iuxta

1053 2615 1196 2647 eiusdem
1213 2615 1365 2649 Gamerae
1386 2616 1544 2655 instituta,
1568 2616 1803 2659 peripsamtja-

1825 217 1877 244 An.
1895 218 1922 244 C.
1944 219 2009 245 15³8

1853 534 1881 554 lt<-
1871 541 1910 554 ι’νιι
1920 536 1999 586 *ultionis

1826 566 1880 586 cauit
1885 569 1940 585 lt<01

1826 598 1844 617 Ιιι
1865 604 1898 618 ari
1890 598 1921 617 ιιΙι

1826 631 1865 649 teri
1883 636 1934 649 ιυιιι·

1851 1193 1895 1213 lu
1888 1195 1918 1213 ιι)
1938 1195 2005 1220 ‹leiu-

1846 1226 1878 1244 ιιιΙι
1923 1226 2007 1275 piaewlt'i»

1824 1232 1899 1276 etim}
1900 1263 1928 1276 ιιι
1919 1256 1950 1275 ιΙιι

1826 1293 1878 1307 iiiia.
