2226 3070
94 294 144 320 An.
161 292 190 319 C.
209 289 277 318 1590

941 287 1051 310 SIXTL'S
1071 287 1089 308 V
1108 286 1158 309 PF.

1716 273 1780 306 :355

102 352 278 376 c-rmimmiomv.
293 347 357 370 non
378 335 599 370 Lateranensis
618 334 745 368 concilii
766 334 937 368 novissime
954 334 1036 367 cele-
1050 333 1171 381 1-dictae
1192 331 1283 367 Sedis
1306 331 1355 365 vel
1384 332 1563 373 legatorum
1596 331 1663 364 eius
1694 331 1813 364 litteras

293 390 374 424 brati
395 389 531 423 uniones
550 394 731 432 perpetuas,
755 387 815 420 nisi
847 387 878 420 in
910 387 1035 420 casibus

293 456 310 477 a
332 443 400 476 iure
421 441 593 487 permissis,
621 441 690 473 fieri
717 440 917 484 prohibentis
934 451 971 473 ac.
991 441 1035 473 fe-

294 498 362 531 licis
393 494 625 529 recordationis
649 494 801 527 Bonifacii
834 494 936 537 Papae
956 494 1030 530 vllt.

295 548 548 595 praedecessoris
567 547 679 585 nostri,
700 547 834 590 aliisque
852 546 1035 590 apostolicis

295 601 574 637 constitutionibus
594 605 625 633 et
644 599 911 636 ordinationibus,
936 611 972 632 ac
990 599 1036 632 di·
1052 617 1054 643 ξ

296 662 364 690 ctae
394 653 541 693 civitatis,
575 663 635 685 nec
667 663 732 685 non
765 651 949 684 monasterii
980 645 1054 684 seu*

296 709 365 743 aliis
394 706 548 750 regularis
567 705 640 745 loci,
664 717 682 738 a
702 716 766 749 quo
787 706 892 738 forsan
913 705 1054 748 priora·=

296 770 345 797 tus
365 761 533 805 dependet,
556 759 747 803 Ordinisque
769 758 965 798 huiusmodi,
990 758 1055 790 iu-=

295 821 450 853 ramento,
494 813 740 847 confirmatione
776 812 951 856 apostolica
988 812 1035 844 vel

295 868 404 913 quavis
424 867 574 900 firmitate
595 866 657 899 alia
674 865 843 905 roboratis,
864 865 987 898 statutis
1008 870 1035 897 et

294 920 595 959 consuetudinibus3
616 919 792 964 privilegiis
823 929 966 962 quoque,
991 918 1038 950 in-

294 975 390 1009 dultis
410 980 441 1008 et.
460 974 572 1007 litteris
592 973 776 1018 apostolicis
802 972 906 1006 eidem
927 972 1037 1006 Ordini

294 1040 331 1062 ac
351 1028 435 1061 illius
466 1027 652 1061 monasterii
683 1026 877 1071 prioratibus
908 1037 945 1059 ac
969 1026 1038 1059 aliis

295 1081 374 1115 locis
393 1081 589 1124 illorumque
620 1080 804 1120 abbatibus,
829 1079 1039 1113 conventibus

295 1147 332 1169 ac
351 1136 420 1169 aliis
440 1134 659 1180 superioribus
673 1140 701 1167 et
716 1134 872 1178 personis,
888 1145 926 1167 ae
943 1134 1038 1167 etiam

295 1189 466 1224 ordinariis
479 1189 697 1229 collatoribus,
712 1189 770 1221 sub
782 1188 1039 1232 quibuscumque

295 1243 460 1277 tenoribus
491 1248 522 1276 et
551 1242 672 1283 formis,
697 1242 792 1275 etiam
823 1253 881 1286 per
906 1242 1038 1275 modum

295 1297 401 1331 statuti
422 1296 579 1341 perpetui,
604 1306 640 1329 ac
671 1296 845 1340 quibusvis,
869 1295 964 1328 etiam
987 1295 1040 1328 de-

295 1350 530 1394 rogatoriarum
562 1349 785 1392 derogatoriis,
809 1349 943 1393 aliisque
974 1350 1041 1382 effi-

296 1403 475 1437 cacioribus
495 1409 526 1436 et
544 1403 680 1436 insolitis
700 1403 861 1442 clausulis,
885 1413 944 1436 nec
975 1413 1040 1436 non

297 1458 496 1492 irritantibus
515 1464 546 1491 et
565 1458 634 1491 aliis
655 1458 805 1497 decretis,
835 1458 930 1491 etiam
951 1463 1041 1491 motu

297 1513 440 1558 proprio,
474 1523 510 1545 ex
542 1511 706 1556 quibusvis
735 1511 853 1552 causis,
881 1517 913 1544 et
932 1512 1042 1555 quavis

298 1567 393 1601 etiam
414 1566 572 1611 imperiali
592 1577 648 1599 seu
667 1565 755 1608 regia
773 1565 993 1606 consideratis,
1009 1566 1041 1599 in

298 1631 416 1664 genere
435 1621 483 1653 vel
514 1619 546 1652 in
566 1619 672 1664 specie
692 1630 729 1652 ac
749 1619 818 1652 aliis
837 1619 1042 1663 quomodoli-

299 1677 353 1710 bet
371 1675 490 1709 iteratis
509 1675 632 1708 vicibus
652 1674 684 1707 in
705 1674 904 1707 contrarium
936 1674 1042 1707 forsan

299 1729 543 1774 quomodolibet
560 1727 729 1767 concessis,
747 1727 931 1772 approbatis
949 1733 980 1760 et
996 1727 1043 1760 in-

299 1784 432 1818 novatis.
460 1783 581 1823 Quibus
612 1782 773 1821 omnibus,
809 1781 933 1815 etiamsi
965 1781 1043 1814 alias

300 1839 339 1871 de
359 1837 421 1871 illis
441 1847 620 1881 eorumque
640 1836 713 1870 totis
737 1836 903 1869 tenoribus
922 1834 1044 1879 specia-

299 1891 348 1933 tis,
371 1891 531 1936 specifica,
549 1901 696 1935 expressa
715 1895 746 1923 et
766 1889 930 1922 individua
950 1900 987 1921 ae
1005 1889 1043 1921 de

299 1946 397 1979 verbo
417 1946 457 1978 ad
477 1945 622 1985 verbum,
645 1954 711 1977 non
743 1948 849 1976 autem
870 1954 927 1987 per
958 1942 1044 1975 clau-

300 2000 386 2034 sulas
410 1999 575 2042 generales
604 1998 689 2031 idem
721 1997 931 2041 importantes
955 2007 1044 2029 men—

301 2054 345 2088 tio
376 2065 432 2087 seu
463 2052 592 2097 quaevis
622 2052 683 2085 alia
704 2051 864 2096 expressio
896 2050 1045 2084 habenda

303 2113 357 2140 aut
376 2107 483 2151 aliqua
512 2107 574 2140 alia
605 2106 759 2150 exquisita
790 2106 893 2138 forma
912 2105 952 2138 ad
983 2104 1043 2137 bot¹

303 2161 459 2194 servanda
478 2161 574 2201 foret,·
592 2166 719 2194 tenores
739 2158 940 2198 huiusmodi,
964 2169 1000 2191 ac
1020 2158 1045 2191 si

305 2215 345 2247 de
363 2214 460 2247 verbo
480 2214 521 2247 ad
539 2214 672 2246 verbum
703 2213 931 2252 insererentur,
955 2222 1046 2255 prae-

305 2267 447 2301 sentibus
467 2278 524 2311 pro
545 2267 740 2301 sufficienter
760 2265 915 2310 expressis
947 2271 978 2298 et
996 2265 1045 2297 in-

306 2321 396 2355 sertis
416 2320 579 2361 babentes,
602 2320 664 2353 illis
688 2320 766 2353 alias
790 2319 822 2352 in
851 2329 909 2351 suo
929 2318 1046 2351 robore

304 2374 532 2419 permansuris,
556 2374 616 2407 hac
636 2374 704 2407 vice
724 2374 902 2411 dumtaxat,
926 2372 1047 2416 specia-

303 2428 378 2463 liter
397 2433 429 2462 et
447 2438 593 2473 expresse
612 2428 727 2462 harum
741 2427 823 2460 serie
839 2426 1043 2468 derogamus,

305 2484 503 2528 caeterisque
522 2483 690 2518 contrariis
713 2482 982 2527 quibuscumque.

348 2538 412 2572 Aut
430 2537 456 2570 si
475 2537 574 2582 aliqui
592 2536 702 2580 {super
732 2534 968 2581 provisionibus
991 2545 1048 2568 seu

305 2591 505 2626 commendis
543 2590 603 2624 sibi
640 2589 793 2624 iaciendis
827 2590 867 2622 de
904 2588 1048 2633 prioratu

305 2645 490 2679 huiusmodi
511 2644 681 2690 speciales,
703 2644 753 2678 rel
782 2643 851 2678 aliis
881 2642 1048 2677 beneficiis

306 2697 529 2736 ecclesiasticis
558 2697 592 2735 in
621 2697 684 2735 illis
713 2697 859 2745 partibus
881 2697 1067 2745 generales,

1070 386 1281 431 impetrarint,
1298 385 1421 418 etiamsi
1443 395 1500 428 per
1521 395 1573 417 eas
1591 384 1629 417 ad
1651 384 1814 417 inhibitio-

1070 452 1142 474 nem
1164 446 1192 472 et
1214 440 1379 472 decretum
1399 439 1447 471 vel
1468 438 1546 470 alias
1571 437 1810 480 quomodolibet

1069 494 1106 528 sit
1128 503 1324 537 processum.
1354 492 1437 531 Quas
1468 491 1599 535 quidem
1632 490 1752 523 litteras
1784 496 1810 523 et

1069 558 1239 592 processus
1259 547 1385 579 habitos
1402 556 1459 590 per
1473 546 1600 579 easdem
1622 551 1652 578 et
1672 545 1746 578 inde
1766 556 1814 578 se-

1070 606 1141 633 cuta
1167 610 1392 644 quaecumque
1423 599 1463 632 ad
1495 599 1672 643 prioratum
1704 598 1814 631 huius-

1071 653 1157 686 modi
1178 654 1326 685 volumus
1346 663 1409 685 nou
1443 652 1580 692 extendi,
1604 652 1659 685 sed
1689 652 1813 684 nullum

1070 717 1127 751 per
1147 707 1208 739 boe
1229 706 1284 742 eis.
1310 707 1417 749 quoad
1437 705 1670 739 assecutionem
1690 705 1814 749 priora-

1071 765 1160 791 tuum
1183 760 1229 791 vel
1250 759 1484 791 beneficiorum
1515 759 1664 797 aliorum,
1689 758 1815 802 praeiu—

1071 813 1189 846 dicium
1212 813 1373 855 generari:
1400 818 1429 845 et
1450 812 1643 856 quibuslibet
1662 812 1731 845 aliis
1751 812 1815 856 pri-

1071 867 1204 909 vilegiis,
1239 866 1370 899 indultis
1406 871 1437 898 et
1471 866 1583 899 litteris
1618 866 1811 910 apostolicis,

1072 920 1275 962 generalibus
1292 920 1340 952 vel
1361 919 1564 963 specialib11S‚
1586 931 1816 963 quorumcum-

1072 984 1135 1017 que
1155 979 1302 1006 tenorum
1321 972 1465 1012 existant,
1483 983 1540 1016 per
1557 983 1649 1015 quae,
1667 984 1816 1016 praesen-

1072 1027 1156 1060 tibus
1176 1038 1240 1060 non
1262 1037 1409 1070 expressa
1429 1027 1477 1059 vel
1510 1026 1649 1059 totaliter
1680 1037 1745 1059 non
1767 1027 1816 1059 in·

1072 1085 1154 1113 serta
1170 1108 1177 1117 ,
1216 1080 1347 1113 effectus
1384 1090 1495 1113 earum
1532 1079 1680 1123 impediri
1716 1080 1819 1113 valeat

1073 1134 1318 1178 quomodolibet
1337 1134 1385 1167 vel
1406 1134 1538 1172 differri,
1563 1144 1600 1166 ac
1631 1134 1670 1166 de
1702 1133 1819 1177 quibus

1074 1198 1278 1232 quorumque
1298 1187 1372 1221 totis
1402 1187 1568 1220 tenoribus
1599 1187 1638 1219 de
1659 1187 1756 1219 verbo
1779 1188 1818 1219 ad

1073 1242 1206 1275 verbum
1239 1241 1388 1274 habenda
1420 1241 1459 1274 sit
1488 1240 1519 1273 in
1555 1240 1671 1273 nostris
1707 1240 1819 1273 litteris

1075 1295 1194 1328 mentio
1226 1294 1381 1339 specialis.
1402 1294 1567 1328 Provisum
1589 1294 1676 1338 quod
1689 1300 1820 1338 propter

1074 1349 1239 1389 unionem,
1257 1348 1469 1382 annexionem
1482 1354 1513 1382 et
1524 1348 1819 1392 incorporationem

1075 1403 1265 1447 praedictas,
1290 1402 1392 1436 dietus
1420 1402 1580 1446 prioratus
1610 1402 1724 1435 debitis
1755 1413 1819 1435 non

1075 1457 1240 1489 fraudetur
1276 1456 1458 1500 obsequiis,
1491 1456 1546 1489 sed
1576 1455 1644 1489 eius
1678 1467 1820 1499 congrua

1076 1516 1306 1555 supportentur
1326 1520 1425 1543 onera
1445 1515 1609 1542 consueta.

1119 1565 1233 1598 Datum
1264 1564 1385 1597 Romae
1416 1564 1501 1607 apud
1536 1563 1566 1598 S.
1599 1564 1729 1597 Petrum
1761 1564 1819 1596 sub

1076 1619 1195 1652 annulo
1226 1618 1406 1659 piscatoris,
1429 1618 1482 1652 die
1505 1629 1566 1652 xxx
1587 1618 1692 1651 martii
1720 1629 1816 1656 unxc,

1077 1673 1281 1718 pontificatus
1302 1673 1401 1706 nostri
1422 1683 1507 1706 anno
1528 1683 1557 1705 v.

1113 1735 1171 1762 Dat.
1189 1734 1231 1762 die
1248 1735 1282 1762 30
1296 1734 1386 1761 martii
1406 1734 1481 1768 ¹590,
1498 1737 1572 1770 pont.
1589 1743 1634 1761 an.
1651 1742 1677 1761 v.

1399 1896 1499 1929 XLVI.

1078 1995 1206 2030 Amotis
1226 2006 1245 2027 α
1266 1995 1473 2028 monasteriis
1500 1995 1693 2028 melonibus
1724 1994 1822 2028 Ordi-

1122 2050 1174 2082 m's
1200 2053 1228 2082 et
1263 2048 1522 2091 conqreqatt'om's
1540 2048 1571 2081 S.
1588 2047 1757 2081 Benedicti
1787 2050 1824 2081 in

1121 2104 1314 2148 principata
1337 2102 1514 2135 Ros-ilionis
1545 2102 1824 2135 falmin[stimeri-

1125 2158 1182 2189 ἔπιε·
1202 2168 1222 2189 α
1243 2157 1328 2189 laica
1342 2160 1497 2199 potestate
1513 2155 1677 2198 deputatis
1697 2166 1824 2187 oecono-

1124 2221 1191 2242 mos
1208 2209 1392 2242 eorumdem
1406 2209 1678 2241 monasteriorum
1691 2209 1824 2252 deputat

1121 2263 1286 2308 praesides
1307 2263 1565 2305 confirmationis
1593 2262 1736 2296 eiusdem
1766 2262 1825 2296 Or-

1125 2317 1213 2349 dinis
1242 2317 1489 2360 provinciarum
1517 2317 1766 2350 Tarraconensis
1796 2321 1824 2351 (Ἰ

1127 2372 1450 2414 Caesarauyustanae
1470 2371 1489 2403 ¹.

1094 2462 1199 2490 sixtus
1214 2462 1294 2496 Papa
1308 2462 1341 2494 V,
1359 2462 1394 2489 ad
1414 2462 1548 2490 suturam
1568 2462 1611 2489 rei
1627 2462 1808 2490 memoriam.

1125 2533 1159 2568 In
1189 2543 1358 2578 supremae
1386 2533 1549 2575 dignitatis
1578 2534 1669 2571 solio,
1702 2533 1823 2567 meritis

1081 2586 1155 2621 licet
1174 2587 1363 2631 imparibus,
1385 2587 1493 2621 diviua
1521 2587 1729 2631 dispositione
1758 2587 1823 2621 col<

1081 2640 1189 2682 locati,
1209 2641 1251 2675 ad
1271 2641 1334 2676 hoe
1361 2647 1471 2676 nostra
1498 2641 1632 2675 solerter
1654 2646 1746 2675 vacat.
1773 2640 1822 2673 in-

1116 2704 1131 2736 1
1148 2703 1186 2734 Ex
1202 2704 1309 2743 regest.
1325 2704 1354 2734 in
1363 2704 1465 2734 Secret.
1482 2704 1619 2734 Βτενίυιι]·.
1782 2697 1783 2700 ’

1828 281 1877 308 An.
1897 281 1924 308 C.
1944 281 2012 309 1590

1864 2539 1886 2560 Γι
1902 2539 2002 2558 (minium.
