2226 3070
77 270 130 299 An.
147 269 176 298 C.
194 270 264 298 1589

103 597 216 619 Decretum
231 598 261 619 tr—

78 630 154 650 rium.

110 1022 260 1049 'transumpto-

76 1060 121 1075 rum
135 1054 195 1074 fides.

111 2229 230 2252 uxoratum.

943 267 1048 291 sthUS
1067 267 1086 290 V
1106 267 1153 290 PP.

277 321 381 354 teneri
401 321 563 361 volumus,
577 321 638 354 nisi
659 326 831 365 postquam
842 319 1028 363 pensiones,

278 374 403 407 fructus
422 379 477 407 aut
496 374 559 407 alia
580 375 722 417 praefata
742 384 816 406 cum
835 373 951 406 effectu
969 373 1032 406 exi-

276 438 353 470 gere
371 432 427 460 aut
446 428 617 472 percipere
639 427 820 471 coeperint,
835 428 882 460 vel
905 438 962 469 per
978 437 1032 459 cos

278 481 399 514 steterit
419 492 485 525 quo
505 481 613 514 minus
633 481 761 523 exigant
773 480 821 513 vel
835 480 1028 523 percipiant.

321 534 336 578 ἓ
358 534 387 568 7.
410 535 630 568 Decernentes
650 534 695 567 sic
714 534 746 566 in
773 532 960 576 praemissis
981 533 1031 565 iu-

277 587 379 621 dicari
395 588 530 627 debere;
553 597 682 621 necnon
715 586 844 619 irritum
877 591 907 619 et
937 586 1032 619 inane

277 641 438 685 quidquid
472 651 564 674 secus
593 650 691 683 super
720 639 769 672 liis
798 651 815 672 a
851 650 1029 682 quoquam,

277 694 390 738 quavis
399 692 602 732 auctoritate,
619 692 758 725 scienter
768 692 816 724 vel
833 692 1032 734 ignoranter,

277 746 449 790 contigerit
463 745 626 779 attentari.
641 745 786 778 Praefata
799 745 1032 778 constitutione

275 804 396 839 nostra,
416 799 524 842 quoad
535 799 661 843 reliqua
682 798 791 832 omnia
807 799 1032 843 praesentibus

275 852 390 886 litteris
418 863 484 886 non
504 858 649 896 excepta,
677 853 891 886 nihilominus
911 853 943 886 in
974 864 1032 886 suo

275 906 393 940 robore
409 911 571 951 perpetuo
596 917 825 950 permansura.

320 961 335 1004 ἓ
351 960 383 994 8.
405 961 565 994 Volumus
584 966 691 994 autem
709 961 930 1005 praesentium
948 966 1034 993 tran-

276 1014 427 1058 sumptis,
449 1014 546 1048 etiam
572 1014 751 1058 impressis,
772 1014 889 1047 notarii
911 1013 1033 1058 publici

274 1077 374 1100 manu
395 1067 598 1111 subscriptis,
621 1073 650 1100 ct
673 1067 778 1110 sigillo
807 1078 966 1111 personae
1002 1067 1033 1099 in

273 1121 431 1164 dignitate
447 1121 665 1155 ecclesiastica
677 1122 872 1155 constitutae
885 1121 1031 1161 munitis,

274 1175 422 1209 eamdem
443 1175 542 1208 fidem
564 1175 698 1220 ubique,
721 1181 786 1208 tam
808 1175 840 1208 in
865 1175 950 1209 dicta
977 1187 1034 1209 cu-

274 1228 323 1262 ria
344 1234 375 1262 et
399 1229 433 1262 in
459 1229 581 1263 iudicio
609 1240 707 1273 quam
737 1234 837 1269 extra,
870 1229 1032 1269 adhiberi,

274 1294 358 1327 quae
377 1283 500 1317 eisdem
518 1283 745 1327 praesentibus
765 1284 989 1324 adhiberetur,
1009 1284 1034 1317 si

275 1341 382 1371 essent
405 1337 566 1370 exhibitae
586 1337 633 1371 vel
663 1342 822 1370 ostensae.
845 1337 930 1370 Nulli
957 1348 1034 1380 ergo

275 1391 411 1424 omnino
437 1391 610 1424 hominum
632 1396 691 1424 etc.

319 1444 435 1477 Datum
455 1444 577 1478 Romae
598 1446 684 1489 apud
705 1445 737 1478 S.
772 1445 919 1485 Petrum,
950 1455 1035 1478 anno

275 1498 513 1531 Incarnationis
538 1498 721 1532 dominicae
743 1498 917 1531 millesimo
942 1499 1037 1541 quin-

277 1552 458 1595 gentesimo
477 1552 700 1595 octuagesimo
721 1562 821 1592 nono,
849 1551 954 1595 pridie
980 1553 1036 1585 ka-

277 1604 390 1639 lendas
428 1606 596 1646 februarii,
629 1605 838 1656 pontificatus
862 1606 963 1638 nostri
982 1618 1037 1639 an-

278 1659 378 1683 now.

328 1707 392 1738 Dat.
411 1709 457 1738 die
475 1708 508 1738 31
533 1709 592 1739 ian.
616 1709 703 1745 1589,
720 1710 826 1748 pontif.
848 1718 925 1738 anno
941 1717 981 1738 iv.

601 1833 716 1866 CXLll.

283 1900 455 1933 Triennale
475 1900 655 1945 capitulum
679 1900 829 1944 yenerale
862 1910 1037 1942 conyreqa-

326 1954 411 1987 lioni
423 1954 637 1987 Lombardiae
655 1953 790 1987 Ordinis
800 1953 944 1995 fratrum
959 1953 990 1985 E
992 1963 1038 1985 re-

325 2008 486 2040 mitarum
502 2006 621 2040 Sancti
639 2007 819 2050 Anquslini
838 2010 997 2039 statutum
1010 2005 1035 2038 ¹.

320 2089 416 2117 sutus
426 2089 497 2124 Papa
507 2089 538 2122 V,
551 2089 584 2117 ad
593 2089 756 2124 perpetuam
768 2088 810 2117 rei
823 2087 993 2116 memoriam.

326 2161 530 2204 Apostolieae
555 2161 647 2194 Sedis
672 2160 875 2205 providentia
900 2160 1040 2193 circum-

283 2219 393 2257 specta
413 2214 454 2247 ad
474 2225 510 2247 ea
531 2214 704 2257 diligenter
718 2214 868 2255 intendit,
884 2225 943 2258 per
955 2225 1039 2257 quae

285 2267 485 2310 regularium
495 2268 784 2311 congregationum
803 2278 978 2312 prosperae
993 2268 1041 2300 di-

286 2320 423 2353 rectioni
435 2321 657 2364 provideatur,
673 2332 710 2354 ac
720 2321 947 2364 religiosarum
965 2332 1040 2364 per-

285 2383 439 2407 sonarum
474 2374 507 2406 in
537 2374 583 2407 eis
616 2374 780 2407 Altissimo
813 2373 1039 2406 famulantium

285 2426 490 2460 indemnitati
521 2432 552 2460 et
580 2427 802 2460 commoditati
837 2427 1039 2467 consulatur,

285 2485 322 2513 ut
340 2491 423 2525 quae
443 2480 498 2513 illa
523 2480 690 2524 cognoscit
710 2491 769 2525 per
788 2491 866 2514 suae
887 2480 1043 2524 provisio-

285 2533 336 2567 nis
369 2534 586 2567 ministerium
623 2534 820 2567 observanda
858 2545 1042 2578 proponere

286 2598 352 2620 non
372 2587 578 2621 immoretur.

321 2665 334 2692 4
352 2663 395 2692 Ex
409 2664 522 2700 Regest.
543 2663 573 2692 in
592 2664 700 2692 secret.
716 2664 863 2692 Brevium.

1745 255 1781 288 7‘l
1847 262 1900 290 An.
1914 262 1942 290 C.
1961 264 2030 291 1589

1118 317 1184 361 ξ1.
1225 317 1303 350 Cum
1330 317 1450 360 itaque,
1478 316 1561 350 sicut
1594 317 1755 349 referente
1785 316 1830 348 di-
1872 324 1894 345 in
1912 326 1949 345 nac
1972 332 2030 346 00„-

1074 372 1157 404 tecto
1178 371 1246 404 atio
1266 376 1378 404 nostro
1400 370 1570 403 Dominico
1586 369 1670 402 mun
1691 370 1722 402 s.
1750 370 1831 402 Lau·
1846 360 2032 412 {ztirtsszztssss

1075 425 1169 457 rentii
1183 424 1213 457 in
1224 425 1309 457 Pane
1320 424 1462 457 etPerna
1474 424 1662 467 presbytero
1673 422 1829 455 cardinali
1847 420 1913 444 ΨΜ·
1931 421 1977 444 ‘'³⁵''
1995 425 2032 439 ⁵⁰*

1848 450 1927 470 lebant.
1974 451 2030 469 utlule

1074 478 1198 511 Pinello
1224 484 1413 522 nuncupato
1441 477 1535 510 nobis
1565 477 1716 517 innotuit,
1752 487 1828 509 con·
1848 481 2033 507 pluraridemiu-

1074 532 1218 573 gregatio
1231 531 1442 564 Lombardiae
1453 531 1583 564 Ordinis
1601 531 1738 563 fratrum
1761 541 1831 562 erc-
1846 513 2032 563 {7:5112¹?.·¹''*³“¹‘

1075 585 1228 617 mitarum
1249 586 1278 617 S.
1304 585 1486 629 Augustini,
1506 585 1600 618 cuius
1616 584 1744 617 Ordinis
1765 584 1832 627 ipsc

1074 637 1263 671 Dominicus
1284 638 1457 671 cardinalis
1478 638 1563 682 apud
1585 648 1644 671 nos
1662 643 1693 671 et
1713 637 1831 670 dictam

1075 690 1190 724 Sedem
1211 692 1450 735 viceprotector
1475 691 1590 731 existit,
1611 690 1834 734 congregatio-

1075 754 1149 777 nem
1186 746 1364 788 praefatam
1393 756 1462 778 esse
1488 745 1615 778 solitam
1646 756 1663 777 a
1685 744 1834 788 pluribus

1075 798 1169 830 annis
1195 798 1276 830 citra
1298 798 1478 841 capitulum
1504 798 1655 840 generale
1686 797 1832 840 quolibet

1075 861 1161 883 anno
1183 851 1359 891 celebrare,
1382 857 1412 883 et
1432 852 1555 891 exhor,
1581 858 1612 883 ut
1635 851 1834 895 experientia

1075 905 1197 945 docuit,
1227 905 1342 938 fratres
1367 905 1421 948 qui
1455 904 1494 937 ad
1520 905 1700 948 capitulum
1723 905 1835 937 liuius-

1076 958 1164 991 modi
1197 959 1353 991 accedere
1387 958 1507 991 debent
1538 969 1673 1000 magnos
1707 959 1835 990 labores

1076 1018 1103 1045 et
1138 1011 1347 1045 incommoda
1381 1012 1459 1055 pati,
1488 1023 1524 1043 ac
1556 1013 1625 1044 loca
1656 1018 1683 1043 ct
1720 1012 1836 1043 domus

1076 1066 1181 1098 dictae
1203 1065 1476 1109 congregationis,
1500 1071 1562 1097 tam
1592 1075 1651 1107 pro
1669 1065 1835 1097 transmit-

1077 1119 1180 1152 tendis
1210 1120 1248 1152 iis
1268 1119 1422 1151 fratribus
1440 1130 1536 1161 quam
1562 1130 1619 1161 pro
1636 1118 1837 1161 hospitandis

1078 1173 1323 1207 transeuntibus
1343 1178 1371 1205 et
1389 1172 1673 1217 proficiscentibus
1693 1171 1732 1204 ad
1751 1172 1838 1214 eapi-

1077 1227 1181 1260 tulum
1208 1227 1433 1271 praedictum,
1459 1237 1591 1267 magnas·
1622 1225 1836 1269 pecuniarum

1077 1291 1221 1313 summas
1247 1280 1495 1313 sulnuinistrare
1517 1290 1553 1311 ac
1584 1290 1696 1322 graves
1716 1290 1836 1323 expen-

1077 1345 1128 1367 sas
1142 1334 1301 1367 sustinere
1314 1333 1496 1366 necessario
1515 1339 1688 1375 coguntur,
1705 1338 1839 1376 propter

1078 1388 1166 1431 quod
1188 1388 1275 1421 dicta
1297 1386 1505 1430 congregatio
1531 1387 1632 1419 multa
1653 1386 1761 1419 debita
1784 1397 1837 1418 sn-

1078 1441 1187 1481 simet,
1215 1441 1356 1473 maximo
1387 1452 1460 1472 cum
1493 1440 1702 1472 inconnnodo
1724 1450 1836 1472 mona-

1079 1494 1266 1534 steriorum,
1295 1494 1507 1526 ecclesiarum
1529 1499 1561 1525 et
1582 1494 1690 1525 cultus
1723 1493 1834 1525 divini.

1078 1548 1210 1581 Necnon
1230 1547 1305 1591 quia
1321 1547 1459 1580 vicarius
1479 1547 1640 1589 generalis
1661 1552 1691 1578 et
1715 1546 1768 1578 alii
1790 1547 1837 1578 of·

1079 1602 1215 1641 liciales,
1238 1602 1293 1645 qui
1320 1601 1351 1633 in
1374 1601 1460 1634 dicto
1482 1600 1625 1644 capitulo
1657 1600 1836 1643 eliguntur,

1080 1655 1309 1698 cumprimum
1327 1666 1437 1687 rerum
1455 1654 1560 1687 dictae
1577 1654 1838 1697 congregationis

1080 1708 1300 1751 cognitionem
1322 1708 1442 1740 habere
1465 1707 1639 1751 incipiunt,
1667 1707 1773 1739 statim
1792 1708 1838 1739 of-

1080 1762 1205 1803 ficium,
1237 1762 1325 1806 quod
1351 1762 1505 1805 deinceps
1531 1761 1656 1794 utiliter
1688 1772 1839 1794 exercere

1080 1817 1222 1855 possent,
1242 1822 1300 1855 per
1321 1822 1375 1844 eos
1397 1811 1630 1854 deponendum
1643 1811 1695 1848 sit,
1709 1806 1753 1843 'ut
1774 1811 1839 1848 alii,

1080 1861 1135 1904 qui
1161 1861 1312 1894 similiter
1328 1861 1414 1904 quod
1430 1860 1530 1893 futuri
1553 1860 1615 1893 sint
1636 1866 1760 1893 tantum
1782 1860 1839 1892 ad-

1081 1910 1219 1949 discant,
1247 1911 1315 1943 sine
1341 1911 1509 1949 facultate,
1533 1910 1574 1941 ob
1590 1909 1748 1953 temporis
1765 1909 1838 1942 hre-

1080 1961 1223 1999 vitatem,
1243 1961 1396 1999 faciendi,
1416 1962 1631 2005 deputentur,
1656 1972 1706 1993 res
1732 1966 1760 1992 et
1786 1971 1839 1993 ne-

1081 2010 1173 2053 gocia
1185 2010 1289 2043 dictae
1300 2010 1655 2052 congregationisrecte
1664 2009 1839 2052 gubernari

1082 2065 1111 2092 et
1132 2059 1355 2092 administrari
1376 2059 1424 2091 vix
1445 2065 1583 2103 queunt.

1126 2108 1187 2153 §⁹2.
1210 2109 1285 2149 Nos,
1302 2119 1338 2141 ex
1360 2109 1398 2141 iis
1414 2108 1520 2141 causis
1538 2120 1575 2141 ac
1596 2108 1748 2151 pluribus
1769 2106 1840 2140 aliis

1083 2164 1208 2191 mature
1225 2169 1241 2190 a
1257 2158 1404 2202 praefato
1426 2157 1543 2191 dilecto
1565 2157 1633 2190 filio
1658 2162 1769 2190 nostro
1780 2156 1840 2189 Do-

1083 2207 1223 2240 minico¹
1241 2213 1268 2240 et
1285 2207 1464 2250 prudenter
1481 2207 1706 2245 consideratis,
1723 2212 1751 2239 et
1769 2206 1839 2238 aliis

1082 2258 1227 2290 animum
1261 2262 1408 2289 nostrum
1438 2257 1532 2300 dign(¹
1560 2256 1764 2289 moventibus
1794 2256 1840 2288 iu-

1083 2307 1183 2347 ducti,
1207 2317 1244 2339 ac
1279 2306 1383 2339 dictae
1411 2306 1673 2350 congregationis
1711 2305 1839 2338 utilitati

1083 2355 1272 2399 prospicere
1300 2355 1455 2395 volentes,
1483 2361 1573 2388 motu
1595 2355 1729 2399 proprio
1750 2360 1778 2387 et
1804 2364 1840 2387 ex

1084 2410 1172 2438 certa
1205 2410 1315 2437 nostra
1345 2405 1479 2437 scientia
1510 2415 1547 2437 ac
1578 2405 1617 2437 de
1642 2404 1841 2448 apostolicae

1084 2454 1250 2498 potestatis
1287 2454 1502 2496 plenitudine,
1541 2459 1652 2487 tenore
1687 2464 1840 2496 praesen—

1086 2503 1177 2543 tium,
1192 2503 1406 2536 statuimuset
1426 2503 1615 2536 ordinamus
1635 2508 1669 2535 ut
1690 2507 1760 2546 post
1782 2502 1840 2534 liae

1085 2552 1252 2595 perpetuis
1272 2551 1390 2585 futuris
1416 2552 1618 2595 temporibus
1645 2551 1729 2584 dicta
1764 2561 1839 2583 con-

1085 2600 1229 2644 gregatio
1268 2611 1364 2633 suum
1398 2601 1551 2644 generale
1587 2600 1765 2644 capitulum
1803 2598 1841 2631 de

1121 2666 1130 2691 1
1152 2663 1224 2691 Add.
1242 2663 1361 2692 forsitan
1377 2665 1472 2692 relatis
1487 2666 1528 2700 (R.
1546 2664 1595 2699 T.).

1882 2147 1978 2168 Pontifex
1998 2149 2037 2168 ita——

1855 2185 1894 2205 que
1906 2180 2006 2205 capitula,
2019 2183 2038 2198 et

1855 2210 1958 2231 etth-intes
1974 2212 1992 2229 in
2015 2210 2041 2229 iis

1855 2242 1918 2262 ‹·lerti
1941 2242 2039 2262 mennae

1855 2272 1887 2292 les
1909 2278 1957 2293 esse
1973 2271 2030 2291 iubet
