2226 3070
481 264 545 299 688
1027 273 1211 298 armanum
1232 273 1384 298 ROMANUM

437 337 622 370 Valentinae
641 336 800 370 Ecclesiae
821 335 992 378 dignitates
1011 336 1130 379 spuriis
1151 345 1216 368 non
1237 335 1463 375 conferendae,
1492 334 1525 368 V.
1550 334 1668 378 Spurii.

437 389 609 423 Vallisoleti
631 389 862 423 monasterium
888 388 1015 422 Ordinis
1036 388 1143 422 Sancti
1165 388 1328 421 Benedicti
1349 388 1382 421 in
1402 387 1565 432 Hispania.
1593 387 1626 420 V.
1650 387 1895 421 Monac-horum.

437 443 609 476 Yallisoleti
630 443 811 487 puellarum
834 442 1052 486 orphanarum
1086 442 1309 477 seminarium,
1341 441 1527 475 Palentinae
1558 441 1730 482 dioecesis,
1756 441 1796 475 ab
1825 440 1989 485 Alphonso

525 497 564 530 de
584 497 727 530 Guevara
748 502 902 536 erectum,
927 496 1071 529 dotatum
1093 495 1285 540 statutisque
1305 495 1555 535 communitum,
1579 494 1643 527 588
1675 506 1705 528 α.
1735 495 1822 534 Quae
1843 494 1953 528 omnia
1972 505 1989 527 a
2040 536 2043 539 Ι

526 550 679 583 cardinali
700 549 820 592 Poggio
842 549 1067 593 Hispaniarum
1094 549 1200 591 legato
1232 550 1360 582 fuerunt
1391 549 1585 593 approbata,
1616 548 1694 581 ibid.
1733 549 1866 589 Postea,
1896 553 1989 581 aucto

524 604 703 647 puellamm
725 613 860 636 numero
889 602 1081 646 reddituquc
1102 602 1267 636 seminarii
1283 630 1290 640 ,
1327 602 1369 636 ita
1398 608 1432 635 ut
1462 602 1494 635 in
1521 612 1558 635 eo
1580 602 1750 636 tresdecim
1773 602 1929 635 moniales
1945 602 1988 635 ‘ali

525 656 695 689 commode
715 662 856 699 possent,
892 656 1074 700 Alphonsus
1096 656 1251 698 Gregorio
1273 656 1337 689 XIII
1365 655 1554 700 supplicavit
1577 666 1637 700 pro
1662 656 1849 689 fundatione
1878 665 1989 688 mona-

524 710 612 742 sterii
633 709 822 743 monialium
843 709 971 743 Ordinis
991 710 1021 743 S.
1047 709 1215 752 Augustini
1237 710 1295 742 sub
1318 710 1428 752 regula
1450 710 1585 742 fratrum
1607 709 1840 751 Minorharum,
1870 708 1949 742 ibid.
1973 709 1989 742 b

525 769 636 806 etseq.
660 763 833 805 Gregorius
853 763 1083 796 monasterium
1113 763 1181 795 iure
1202 763 1311 799 erexit.
1344 769 1374 796 ct
1403 763 1598 796 monialibus
1628 773 1738 796 curam
1768 763 1988 807 orphanarum

525 816 696 855 commisit,
721 816 784 848 589
805 816 831 848 b.
856 817 942 850 Bona
964 817 1072 850 onmia
1090 816 1305 857 confirmavit,
1336 816 1411 849 ibid..
1437 817 1531 849 Plura
1557 817 1618 849 alia
1645 816 1822 853 ordinavit,
1853 816 1986 861 privile-

527 870 642 913 giaque
661 870 827 909 concessit,
851 869 914 903 590
935 881 965 903 a.
987 870 1152 914 Alplionso
1183 870 1344 903 fundatori
1371 871 1553 903 facultatem
1580 870 1651 903 fecit
1673 876 1792 904 statuta
1813 870 1986 908 condendi,

524 923 601 956 ibid.
631 923 656 956 b.
681 923 908 957 Monasteriuln
928 923 1080 957 fratribus
1099 924 1137 957 de
1155 924 1363 957 observantia
1383 924 1530 964 subiecit,
1555 923 1632 956 ibid.
1667 923 1772 957 Sixtus
1791 923 1815 956 V
1835 923 1935 957 voluit
1955 930 1990 957 ut

523 982 639 1010 statuta
660 988 677 1009 a
696 977 918 1020 superioribus
937 977 1066 1010 Ordinis
1086 977 1256 1015 Minoi-mn,
1278 987 1342 1010 non
1375 977 1415 1010 ab
1435 977 1606 1010 Ordinario
1626 978 1904 1021 approbarentur,
1925 976 1982 1010 591

524 1042 553 1062 α.
579 1030 805 1074 Superioribus
826 1041 901 1064 vero
924 1031 1108 1064 monasterii
1130 1031 1285 1065 concessit
1318 1031 1618 1064 administratorum
1639 1030 1840 1072 electionem,
1855 1030 1933 1064 ibid.
1957 1030 1985 1063 b.

524 1084 670 1118 Generali
704 1090 810 1117 tamen
832 1090 860 1117 et
883 1084 1071 1128 provinciali
1093 1085 1312 1118 Minoritarum
1347 1084 1549 1125 monialium,
1583 1084 1901 1118 administratoribus
1918 1090 1989 1118 tan-

525 1144 592 1170 tum
613 1148 724 1171 curam
746 1139 926 1181 puellarum
945 1138 1161 1176 demandavit,
1184 1139 1260 1171 ibid.
1296 1138 1462 1172 Fratribus
1494 1138 1705 1172 nihilominus
1736 1148 1833 1172 curae
1860 1138 1986 1182 puella-

525 1201 596 1224 rum
617 1201 650 1224 se
671 1191 900 1233 ingerentibus,
918 1202 991 1225 cum
1010 1191 1191 1225 discordiae
1213 1192 1296 1225 inter
1317 1202 1371 1225 eos
1389 1198 1420 1226 et.
1439 1191 1718 1226 administratores
1738 1202 1863 1226 necnon
1876 1192 1990 1226 funda-

527 1251 610 1277 tores
630 1244 780 1277 subortae
794 1250 909 1284 essent;
926 1245 1081 1285 Clemens,
1104 1245 1199 1278 rebus
1220 1245 1370 1278 omnibus
1391 1245 1422 1278 in
1439 1245 1694 1288 Congregatione
1711 1245 1938 1290 episcoporum
1960 1252 1990 1279 et

526 1297 722 1340 regularium
742 1298 941 1338 examinatis,
966 1304 1189 1342 perpetuoque.
1210 1299 1355 1343 partibus
1375 1299 1502 1332 silentio
1539 1299 1670 1339 indicto,
1700 1298 1764 1332 5922
1785 1310 1805 1332 a
1825 1305 1857 1333 et
1876 1299 1906 1339 b,·
1928 1300 1986 1333 de-

525 1350 620 1383 crevit
642 1351 726 1383 bona
740 1351 847 1384 omnia
873 1351 1036 1384 seminarii
1051 1351 1269 1396 orphanarum
1289 1358 1320 1385 ct
1349 1351 1534 1385 monasterii
1562 1352 1818 1385 administranda
1845 1362 1912 1385 esse
1933 1363 1991 1396 per

524 1403 729 1437 Ordinarium
761 1410 789 1438 ct
812 1404 1127 1442 administratorem,
1152 1404 1216 1437 :193
1236 1416 1276 1444 a,·
1299 1405 1456 1438 moniales
1473 1415 1547 1438 vero
1569 1415 1585 1438 a
1604 1405 1756 1438 fratribus
1776 1405 1931 1438 Minoritis
1959 1405 1990 1438 in

528 1461 750 1505 spiritualibus
771 1473 838 1495 csse
859 1463 1027 1505 regendas,
1052 1462 1128 1495 ibid.
1153 1462 1279 1496 Fratres
1297 1462 1374 1495 inibi
1396 1463 1592 1496 commorari
1612 1462 1738 1504 vetavit,
1762 1462 1840 1496 ibid.
1874 1462 1901 1496 b.
1929 1462 1987 1497 Se-

527 1515 699 1548 minarium
717 1515 893 1549 Yallisoleti
911 1522 1007 1560 caput
1026 1516 1172 1549 omnium
1194 1516 1349 1549 similium
1375 1517 1588 1559 collegiorum
1621 1517 1689 1550 fore
1711 1516 1851 1550 decrevit
1869 1544 1876 1556 ‚
1911 1515 1986 1550 ibid.

524 1568 742 1612 Exequutores
765 1569 1000 1602 constitutionis
1023 1569 1202 1614 deputavit,
1226 1569 1291 1603 594
1310 1581 1340 1603 a.

437 1621 575 1664 Vectigal
597 1622 745 1666 Neapolis
765 1622 842 1656 solvi
861 1622 991 1656 solitum
1012 1629 1151 1667 utroque
1177 1623 1274 1657 clero.
1302 1622 1334 1656 V.
1360 1623 1570 1668 Neapolitana
1591 1623 1622 1657 in
1644 1624 1735 1657 urbe.

437 1675 663 1709 Veliternensis
680 1675 825 1716 civitatis,
849 1680 904 1709 etc.
934 1676 967 1708 Γ.
992 1676 1154 1710 Ostiensis.

437 1728 611 1761 Venaissini
631 1729 816 1762 Comitatus.
841 1729 937 1762 Natae
959 1729 1029 1763 lites
1058 1729 1141 1763 inter
1160 1729 1337 1763 secundum
1364 1735 1395 1763 et
1422 1730 1551 1763 tertium
1569 1736 1686 1764 statum
1707 1740 1804 1775 super
1828 1729 1990 1764 solutione

519 1792 655 1814 onerum
677 1782 819 1814 sublatae
840 1782 982 1825 primum
1009 1783 1138 1815 fuerunt
1167 1783 1262 1817 breve
1282 1783 1430 1825 Gregorii
1461 1783 1548 1824 XIII,
1582 1783 1698 1817 deinde
1719 1783 1894 1817 concordia
1912 1783 1990 1817 inita

524 1835 607 1867 inter
626 1841 743 1878 partes,
767 1834 824 1867 471
848 1846 878 1867 a.
903 1835 1007 1878 Super
1023 1835 1188 1869 nonnullis
1208 1836 1352 1869 articulis
1372 1846 1448 1869 vero
1470 1836 1568 1880 petita
1589 1836 1649 1870 fuit
1668 1837 1789 1871 decisio
1809 1847 1827 1870 a
1846 1836 1932 1871 Sixto
1951 1836 1986 1876 V,

526 1887 604 1920 ibid.
630 1889 657 1921 b.
681 1888 792 1921 Postea
810 1894 915 1921 motae
937 1888 1025 1922 fuere
1046 1889 1127 1922 aliae
1146 1888 1217 1923 lites
1238 1899 1296 1933 per
1316 1889 1527 1929 feudatarios‚
1552 1889 1631 1922 ibid.
1655 1890 1797 1923 Tandem
1818 1890 1990 1924 transactio

527 1942 609 1974 inter
630 1947 736 1985 partes
757 1942 837 1974 sacta
858 1942 932 1980 fuit,
956 1941 1020 1974 472
1038 1953 1058 1975 a
1078 1948 1109 1975 et
1129 1942 1157 1975 b.
1182 1942 1284 1982 Quota
1303 1952 1362 1986 pro
1383 1942 1570 1976 feudatariis
1590 1953 1608 1976 a
1622 1943 1797 1986 vicelegato
1817 1943 1986 1986 assignata,

524 1994 588 2028 473
600 2006 630 2027 α.
651 1995 860 2028 Declarantur
873 2006 955 2039 quae
969 1995 1055 2028 bona
1068 1995 1231 2029 allodialia
1244 1996 1307 2029 sint
1326 1996 1497 2037 censenda,
1515 2006 1597 2040 quae
1610 2007 1685 2030 vero
1703 1995 1853 2037 feudalia,
1863 1996 1944 2029 ibid.
1958 1996 1985 2029 b.

524 2048 609 2087 Quae
627 2048 757 2081 demum
778 2048 863 2082 bona
882 2059 947 2082 non
968 2049 1112 2082 subiecta
1142 2049 1259 2089 talleis,
1282 2049 1348 2082 474
1368 2060 1398 2082 α.
1433 2049 1635 2090 Feudatarii,
1659 2055 1758 2094 quota
1782 2050 1902 2090 soluta,
1925 2049 1987 2082 im-

525 2112 638 2135 munes
658 2102 696 2135 ab
717 2102 868 2135 omnibus
895 2102 1050 2136 oneribus
1080 2113 1176 2136 causa
1195 2103 1272 2136 belli
1294 2103 1468 2148 impositis,
1493 2103 1572 2136 ibid.
1603 2104 1630 2136 b.
1663 2103 1766 2148 Super
1792 2103 1886 2137 bonis
1913 2114 1989 2137 vero

524 2155 726 2188 allodialibus
747 2155 925 2196 declaratis,
949 2156 989 2189 ad
1014 2166 1113 2189 onera
1133 2156 1208 2189 belli
1230 2162 1380 2190 tenentur
1397 2167 1470 2190 cum
1491 2157 1585 2190 tertio
1610 2162 1704 2198 statu,
1727 2156 1793 2190 475
1811 2168 1842 2190 α.
1870 2156 1990 2190 Norma

525 2208 557 2241 in
578 2208 731 2242 faciendis
750 2209 1041 2252 permutationibus
1054 2210 1093 2243 de
1105 2209 1199 2243 bonis
1212 2209 1417 2243 allodialibus
1437 2210 1468 2243 in
1483 2210 1633 2251 feudalia,
1651 2216 1681 2243 et
1696 2210 1847 2251 vicissim,
1863 2209 1943 2243 ibid.
1957 2210 1985 2243 b.

525 2261 608 2294 Haec
626 2262 736 2294 omnia
755 2261 925 2296 confirmat
946 2262 1101 2301 Pontifex,
1125 2262 1189 2296 476
1209 2273 1240 2296 a.
1264 2263 1365 2297 Huius
1385 2263 1555 2297 comitatus
1572 2269 1678 2297 rector
1697 2263 1868 2297 sindicatui
1888 2263 1988 2297 subii-

525 2314 618 2355 citur,
641 2314 705 2348 559
726 2326 756 2348 α,

436 2368 640 2401 Venetiarum
661 2368 693 2400 in
714 2368 855 2401 Ecclesia
878 2369 996 2402 abusus
1016 2370 1163 2403 nonnulli
1186 2370 1392 2415 irrepserant,
1416 2371 1456 2404 ad
1477 2380 1558 2414 quos
1582 2370 1742 2404 tollendos
1761 2369 1906 2404 Clemens
1924 2370 1988 2404 VIII

524 2421 739 2466 patriarcham
761 2421 949 2455 adhortatur
968 2428 1003 2455 ut
1022 2424 1206 2465 generalem
1227 2434 1303 2457 suae
1329 2423 1484 2457 dioecesis
1504 2423 1719 2457 visitationem
1743 2423 1897 2464 instituat,
1924 2423 1984 2456 541

525 2485 545 2507 a
566 2480 595 2507 et
617 2474 649 2515 b;
672 2480 703 2507 et
721 2474 746 2507 si
771 2484 852 2518 opus
871 2475 921 2515 sit,
945 2476 1104 2519 synodum
1124 2482 1227 2520 cogat,
1251 2476 1330 2510 ibid.
1355 2476 1580 2519 Suffraganeos
1601 2476 1769 2521 episcopos
1788 2476 1935 2510 hortatur
1953 2483 1988 2510 ut

526 2527 727 2571 patriarchae
752 2533 878 2571 praesto
899 2528 971 2568 sint,
996 2528 1060 2561 542
1079 2540 1110 2562 a.

437 2580 696 2614 vicecancellarii
723 2580 754 2627 S
778 2580 813 2614 R.
837 2581 870 2613 E.
899 2581 1015 2622 officia,
1040 2581 1104 2615 ‘155
1123 2593 1154 2623 a,
1182 2584 1354 2617 commoda
1385 2583 1615 2627 facultatesque
1648 2583 1840 2628 comprobat
1867 2583 1984 2623 Sixtus‘,

524 2633 604 2667 ibid.
630 2634 672 2675 b.‚
696 2639 727 2667 et
746 2633 889 2677 ampliat,
909 2633 973 2667 156
993 2646 1014 2668 a
1035 2641 1067 2668 et
1084 2636 1111 2668 b.
1140 2636 1202 2670 Pro
1221 2637 1312 2670 cuius
1331 2636 1377 2670 rei
1398 2636 1604 2670 consistentia
1623 2636 1782 2671 clausulas
1800 2642 1988 2681 praeserva-

526 2687 605 2720 tivas
626 2692 655 2721 et
675 2686 894 2730 derogatorias
914 2687 1066 2722 latissime
1087 2689 1230 2733 apponit.
1254 2688 1333 2722 ibid.
1356 2689 1374 2722 b
1399 2695 1429 2722 et
1454 2688 1518 2722 457
1538 2700 1558 2722 α
1583 2695 1612 2723 et
1633 2689 1660 2722 b.
