2226 3070
808 283 905 307 INDEX
925 281 1129 306 RUBRICARUM

295 343 507 376 visitationem
530 348 559 375 et
580 343 813 376 correctionem
829 343 951 386 capitu-

295 396 422 434 larium,
439 396 682 440 suppressisque
694 397 951 439 quibuscumque
968 438 969 449 ἵ

296 449 523 482 controversiis
551 449 624 482 inde
661 450 799 487 exortis,
836 456 969 495 statuta¹

294 502 425 536 Concilii
438 502 615 535 Tridentini
634 503 664 535 in
686 503 871 536 huiusmodi
886 514 952 535 ma-
968 528 969 544 ;

295 555 373 588 teria
394 555 512 587 servari
535 556 675 594 mandat,
698 555 771 588 275.

209 617 455 650 XXlll.Erectio
473 618 654 650 officiorum
669 618 858 651 vat-ahiliutu
878 629 950 662 pro-

296 671 451 703 curatoris
487 671 630 704 advocati
661 671 791 711 fiscalis,
827 681 950 703 necnon

300 724 512 757 coniiiiissa1·ii
533 725 691 766 generalis
719 725 867 757 fraudum
893 734 951 767 pro

296 777 460 820 provincia
480 778 649 818 Marc-hiae,
674 777 748 810 281.

208 839 316 872 xxw.
340 840 484 873 Ministro
502 846 533 872 et
552 840 774 873 commissario
795 839 952 882 generali·
969 826 970 873 l

294 893 354 926 bus
382 892 508 926 Ordinis
530 894 663 926 fratrum
688 894 844 926 Minorum
867 893 949 925 San-
969 891 970 894 ’

296 946 337 979 cti
358 946 518 979 Francisci
548 947 586 979 de
612 946 831 982 Observantia,
857 945 970 995 insti-4

297 999 406 1031 tuendi
431 999 708 1032 confraternitates
738 998 971 1040 Cliordigero-,

294 1062 366 1084 rum
381 1052 413 1084 in
426 1052 576 1085 omnibus
590 1052 810 1092 conventibus,
822 1058 850 1084 et
866 1062 952 1084 coni-

296 1105 481 1138 municandi
503 1105 718 1147 indulgentias
735 1105 952 1137 archiconfra-

297 1158 435 1191 ternitati
466 1158 574 1191 Assisii
605 1164 731 1191 erectae
762 1168 948 1195 concessas,

296 1211 427 1244 facultas
448 1211 718 1251 communicatur,
742 1211 815 1243 283.

210 1281 298 1314 XXV.
310 1283 517 1315 Confirmatio
532 1282 828 1315 dismembrationis
842 1283 951 1326 oppidi

296 1336 334 1368 (le
357 1336 469 1368 Teretel
487 1336 526 1368 ab
544 1336 822 1379 archiepiscopatu
839 1336 952 1369 Caesa·
970 1344 971 1350 ¹

297 1389 553 1431 raugustanensi,
571 1389 655 1422 illius
670 1389 840 1422 erectionis
861 1389 892 1422 in
911 1390 953 1422 ci-

296 1442 423 1474 vitatem
446 1448 475 1475 et
497 1442 681 1478 dioecesim,
706 1453 831 1475 necnon
853 1448 952 1475 statu-

297 1502 403 1528 torum
429 1496 682 1532 nonnullorum,
707 1506 788 1538 quae
813 1496 954 1528 Nuncius

297 1550 498 1593 Apostolicus
525 1550 688 1586 ediderat,
710 1551 826 1594 quibus
854 1561 953 1583 novae

298 1604 461 1636 adduntur
482 1604 727 1641 declarationes,
752 1603 825 1636 2286.
970 1599 972 1603 ’

210 1674 317 1707 XXXI.
341 1675 466 1708 Erectio
487 1676 584 1708 officii
605 1675 768 1708 secretarii
793 1686 849 1708 seu
873 1686 951 1708 can-

299 1729 419 1761 cellarii
448 1729 701 1771 gubernatorum
734 1731 885 1761 Anconae
915 1729 954 1761 ad

299 1782 398 1815 instar
418 1782 555 1815 aliorum
581 1783 744 1815 Romanae
774 1782 885 1815 Curiae
910 1782 954 1814 os-

298 1835 459 1875 ticiorum,
483 1834 557 1868 300.

213 1906 334 1938 XXXII.
356 1906 531 1938 Renovatio
548 1906 729 1939 litterarum
750 1906 797 1939 Pii
817 1906 839 1938 X
859 1918 956 1950 super

297 1959 459 1991 erectione
470 1959 729 2001 congregationis
738 1959 865 1993 Ordinis
878 1960 955 1993 San-

300 2012 341 2044 cti
361 2012 535 2049 Benedicti„
557 2019 586 2045 et
604 2013 723 2045 unione
744 2013 952 2046 monasterio-

299 2076 370 2098 rum
391 2066 534 2105 eiusdem
555 2066 681 2099 Ordinis
701 2067 731 2099 in
752 2077 851 2108 regno
872 2067 952 2100 Por—

301 2119 461 2161 tugalliae,
482 2130 554 2152 cum
577 2120 871 2153 communicatione
885 2131 956 2162 gra-

300 2173 415 2205 tiarum
437 2179 467 2205 et
487 2173 685 2206 indultorum
714 2174 783 2206 aliis
812 2174 954 2206 eiusdem

299 2225 427 2259 Ordinis
455 2226 759 2268 congregationibus
781 2237 952 2260 concesso-

300 2290 383 2317 rum,
407 2279 482 2312 303.
973 2290 975 2307 ¹

215 2350 351 2384 XXXIII.
369 2351 577 2384 Confirmatio
591 2352 820 2385 nonnullorum
840 2352 953 2384 (lecre-

303 2411 407 2437 torum
444 2406 604 2438 editorum
642 2405 673 2437 in
708 2403 975 2447 congregatione¹

301 2459 452 2491 camerali
473 2469 531 2502 pro
560 2458 717 2500 regimine
737 2458 875 2491 Civitatis
895 2458 954 2491 Ca-

301 2512 383 2544 stelli
404 2512 435 2544 in
455 2512 621 2555 provincia
642 2511 803 2549 Unbriae,
828 2510 902 2543 1310.

215 2582 324 2615 XXIX.
364 2582 572 2615 Confirmatio
609 2581 826 2614 concessionis
863 2581 958 2614 officii

302 2636 594 2668 nummulariorum
618 2635 879 2668 universitatibus
908 2646 958 2668 ar-

304 2690 384 2722 tium
405 2689 509 2729 Urbis
533 2688 608 2722 313.

1635 270 1698 302 703

986 341 1084 375 XXX.
1109 341 1200 380 Ouod
1225 341 1263 374 de
1289 347 1415 374 caetero
1436 341 1598 385 perpetuis
1618 341 1731 373 suturis

1076 395 1275 438 temporibus
1305 395 1336 426 in
1366 394 1507 427 ecclesiis
1539 393 1731 437 parochiali-

1075 448 1155 484 bus,
1187 459 1204 480 a
1227 448 1476 490 congregatione
1498 447 1731 479 monachorum

1075 502 1203 534 Ordinis
1220 501 1325 535 Sancti
1342 501 1505 534 Benedicti
1519 500 1731 542 Portugalliac

1077 565 1249 596 regnorum
1273 554 1436 597 possessis,
1458 553 1607 586 monachi
1629 554 1666 586 ad
1690 553 1732 585 vi-

1077 613 1138 639 tam
1161 618 1225 640 non
1249 607 1465 647 instituantur,
1481 607 1536 640 scd
1557 607 1596 639 ad
1618 613 1732 639 nutum

1075 660 1233 702 generalis
1266 666 1293 692 et
1323 660 1476 692 abbatum
1504 660 1579 693 dicti
1605 659 1732 693 Ordinis

1075 713 1135 746 sint
1160 713 1364 750 amm-itales,
1388 713 1462 746 317.

988 775 1100 808 XXXI.
1117 775 1264 808 Alumnis
1276 776 1450 819 superioris
1463 777 1653 809 Germaniae
1668 777 1732 809 col-

1076 827 1233 870 legiorum
1255 839 1271 861 a
1291 829 1446 870 Gregorio
1468 830 1525 862 PP.
1550 830 1615 862 Xlll
1638 830 1729 862 insti-

1079 886 1219 913 tutorum
1250 882 1449 921 conceditur,
1471 888 1505 915 ut
1537 882 1606 915 sine
1641 883 1732 915 titulo

1075 933 1223 966 beneficii
1245 941 1274 967 et
1294 935 1362 967 sine
1387 935 1501 968 litteris
1529 935 1728 968 dimissoria-

1076 986 1159 1020 libus
1183 988 1223 1020 ad
1252 998 1360 1021 sacros
1387 989 1517 1021 ordines
1548 989 1731 1031 promoveri

1077 1041 1199 1073 valeant
1221 1052 1238 1074 a
1261 1052 1466 1085 quocumque
1487 1042 1650 1086 episcopo,
1674 1053 1729 1075 ac-

1076 1095 1208 1127 cedente
1229 1095 1269 1127 ad
1289 1095 1320 1127 id
1348 1101 1510 1128 rectorum
1541 1095 1669 1128 licentia
1704 1102 1734 1128 et

1078 1148 1272 1184 testimonio,
1297 1148 1372 1181 319.

970 1208 1116 1263 {XXXII
1141 1211 1328 1252 Indulgetur
1348 1211 1420 1243 duci
1450 1217 1479 1243 et
1510 1211 1733 1253 gubernatori-

1076 1263 1136 1295 bus
1156 1264 1352 1307 reipublicae
1373 1264 1550 1297 Genuensis
1578 1270 1613 1297 ut
1643 1265 1733 1297 trire-

1078 1317 1177 1350 mium
1197 1318 1393 1361 reipublicae
1411 1318 1595 1361 praedictae
1615 1319 1734 1362 capita-

1076 1371 1128 1403 nei
1154 1371 1273 1415 aliique
1295 1372 1338 1404 eis
1362 1371 1599 1415 praesidentes,
1624 1383 1733 1405 coram

1077 1424 1322 1469 archiepiscopo
1353 1425 1513 1458 Genuensi
1543 1431 1679 1465 tantum,
1703 1431 1732 1458 et

1077 1484 1149 1521 post
1168 1489 1281 1511 eorum
1309 1479 1348 1511 ad
1373 1485 1502 1522 portum
1530 1479 1732 1512 Genuensem

1077 1542 1252 1568 accessum,
1277 1532 1440 1564 conveniri
1462 1532 1559 1576 possit
1573 1543 1670 1576 super
1684 1543 1735 1565 ca-

1078 1585 1187 1628 ptione
1208 1596 1332 1624 eorum,
1357 1586 1410 1629 qui
1441 1586 1473 1618 in
1503 1586 1612 1619 adulta
1632 1592 1734 1619 aetate

1078 1639 1174 1671 tidem
1196 1639 1404 1681 christianam
1422 1640 1634 1682 abnegarunt,
1655 1639 1730 1672 3220.

991 1710 1132 1743 XXXIII.
1157 1711 1364 1744 Confirmatio
1389 1711 1593 1748 concordiae,
1618 1718 1646 1744 et
1679 1713 1733 1744 de-

1079 1764 1210 1797 claratio
1224 1765 1454 1797 nonnullarum
1467 1765 1734 1798 constitutionum

1078 1818 1308 1851 servandarum
1329 1829 1346 1850 a
1366 1818 1511 1861 Capitulo
1537 1824 1566 1851 et
1598 1819 1735 1862 capella-

1079 1871 1126 1903 nis
1147 1871 1300 1904 ecclesiae
1321 1872 1478 1909 Lucanae,
1502 1871 1576 1904 321.

992 1943 1132 1976 XXXIX.
1165 1943 1373 1976 Confirmatio
1405 1943 1576 1976 erectionis
1605 1944 1736 1986 Collegii

1080 2007 1160 2029 ccrx
1178 1997 1316 2029 militum
1336 1998 1590 2029 Lauretanorum
1605 1997 1735 2039 privile-

1079 2049 1271 2092 giorumque.
1296 2050 1340 2082 eis
1361 2060 1600 2089 concessorum,
1619 2049 1741 2092 quibus⁵

1080 2102 1132 2134 alii
1153 2113 1191 2135 xL
1205 2102 1321 2135 milites
1333 2113 1405 2135 cum
1419 2103 1532 2135 iisdem
1547 2102 1733 2146 privilegiis,

1080 2156 1311 2195 emolumento,
1329 2160 1400 2192 etc„
1416 2156 1646 2197 adiunguntur,
1658 2154 1732 2187 324.

994 2226 1118 2260 XXXV.
1129 2227 1317 2268 Indulgetur
1326 2227 1458 2260 militiae
1467 2228 1504 2260 de
1515 2227 1667 2260 Montesia
1677 2228 1737 2259 mi·

1080 2280 1188 2313 litibus
1206 2291 1265 2324 pro
1282 2287 1429 2324 tempore
1445 2281 1687 2319 exhistentibus,
1704 2287 1734 2312 ut

1080 2334 1334 2371 matrimonium,
1351 2334 1435 2366 iuxta
1446 2334 1569 2367 litteras
1580 2333 1669 2366 Pauli
1684 2334 1733 2368 ltl.

1080 2387 1271 2420 contrahere
1292 2388 1428 2423 valeant,
1452 2386 1526 2420 335.

993 2458 1134 2491 xxxx'l.
1155 2460 1323 2492 Decretum
1353 2470 1450 2503 super
1479 2459 1627 2491 clausura
1656 2468 1735 2490 con-

1081 2513 1236 2545 servanda
1258 2513 1288 2545 in
1320 2512 1522 2546 monasteriis
1548 2511 1737 2544 monialium

1082 2566 1376 2610 archiepiscopatus
1387 2565 1644 2601 Mediolanensis,
1660 2564 1734 2597 337.

996 2636 1151 2669 XXXVII.
1175 2628 1421 2670 Dismembratio
1442 2636 1674 2679 guberniorum
1696 2635 1738 2667 ci-

1083 2689 1215 2723 vitatum
1236 2690 1388 2724 Ostiensis
1409 2697 1439 2723 et
1459 2688 1686 2722 Xeliternensis
1699 2688 1737 2721 al)
