2226 3070
84 295 139 324 An.
150 294 180 324 C.
200 287 268 323 158?

933 292 1037 317 stxrth
1056 292 1075 316 V
1094 292 1142 317 PP.

281 346 360 380 alias
389 357 545 391 personas
569 345 751 391 praedictas
776 346 817 380 ad
841 346 1032 380 electionem

282 401 483 445 praedictam
505 401 638 434 omnino
672 400 849 444 procedere
883 411 976 444 posse
1005 405 1035 432 et

281 453 413 495 debere3
440 454 703 498 monasteriaque
728 453 892 497 praedicta
912 454 1036 495 subge-

282 507 448 541 neralibus
471 508 518 541 vel
539 508 737 551 specialibus
764 507 1036 540 reservationibus

283 567 339 594 aut
358 561 577 594 cancellariae
604 560 806 604 Apostolicae
831 560 954 603 regulis
980 570 1035 591 seu

283 614 421 647 decretis
446 614 581 648 minime
609 613 841 657 comprehendi
866 624 959 657 posse
990 613 1036 645 rel

283 667 414 709 debere;
427 677 465 700 ac
475 667 590 700 ultimo
611 667 712 700 dietas
729 666 852 699 litteras
872 666 963 698 nullo
976 675 1037 698 un-

283 731 383 765 quam
404 727 550 765 tempore
571 720 610 753 de
631 719 850 764 subreptionis
870 720 917 752 vel
941 719 1036 752 obre-

285 774 406 818 ptionis
425 774 503 807 vitio
524 779 578 807 aut
595 773 782 806 intentionis
794 783 871 806 suae
891 772 938 805 vel
960 782 1038 815 qno-

284 827 330 860 vis
350 827 413 860 alio
430 827 572 867 defectu,
594 827 689 861 etiam
711 837 746 860 ex
773 837 811 860 eo
835 826 922 870 quod
939 826 986 858 ius
1007 825 1037 857 in

284 880 378 913 dictis
418 881 625 914 monasteriis
653 880 808 913 habentes
839 879 941 913 vocati
974 889 1038 912 non

285 933 419 974 suerint,
440 939 496 967 aut
517 934 701 978 praemissis
721 944 784 966 non
806 932 1039 972 consenserint,

285 987 387 1020 aliove
407 998 617 1032 quocumque
639 987 744 1031 capite
766 987 965 1031 impugnari,
990 987 1038 1019 in-

285 1041 418 1074 validari
439 1047 496 1074 aut
516 1041 547 1074 in
570 1042 679 1074 iusrel
696 1041 948 1074 controversiam
963 1051 1040 1083 qna-

287 1104 429 1138 cumque
451 1095 575 1128 ratione
596 1094 643 1126 vel
659 1105 755 1127 causa
771 1093 890 1133 vocari,
912 1104 967 1126 seu
990 1103 1040 1126 re-

287 1147 462 1181 stitutionis
483 1148 516 1181 in
538 1148 712 1190 integrum,
745 1146 970 1180 reductionem
1001 1146 1040 1179 ad

288 1201 446 1234 terminos
464 1201 544 1235 iuris
564 1211 619 1234 seu
640 1200 775 1245 quodvis
793 1200 881 1233 aliud
904 1200 983 1233 iuris
993 1200 1040 1233 vel

287 1254 411 1296 gratiae
433 1254 613 1288 remedium
635 1260 746 1288 contra
772 1254 843 1287 illas
859 1253 1040 1297 impetrari,

288 1313 344 1340 aut
363 1308 403 1341 ab
417 1307 481 1341 alio
499 1308 547 1341 vel
567 1308 637 1342 aliis
656 1307 846 1352 impetratis,
870 1319 926 1342 seu
946 1307 1041 1341 etiam

289 1367 379 1395 motu
400 1362 548 1406 proprio,
580 1368 609 1396 et
631 1373 666 1395 ex
693 1367 781 1395 certa
805 1362 940 1396 scientia
965 1372 1043 1395 con-

289 1415 399 1455 cessis,
431 1415 478 1449 uti
502 1426 608 1460 posse;
637 1426 833 1460 causamque
859 1417 905 1449 vel
932 1426 1044 1450 causas

291 1475 424 1513 propter
441 1480 522 1513 quas
542 1469 630 1514 ipsae
651 1469 776 1503 litterae
797 1470 836 1502 ab
858 1480 896 1503 eo
917 1480 1046 1504 emana-

290 1528 412 1562 verunt,
433 1533 543 1556 coram
565 1533 776 1567 quocumque
802 1523 919 1560 iudice,
948 1523 1044 1557 etiam

291 1575 452 1620 delegato,
476 1576 648 1617 verificari,
665 1587 725 1610 nec
741 1577 782 1611 ob
797 1577 828 1610 id
851 1576 973 1610 viribus
998 1588 1046 1611 ca-

294 1640 377 1670 rere,
400 1635 456 1663 aut
476 1641 535 1675 per
555 1630 780 1674 obreptionem
802 1631 849 1664 vel
865 1631 1046 1675 subreptio-

291 1693 365 1716 nem
385 1684 534 1717 obtentas
553 1684 731 1728 praesumi3
755 1684 927 1727 minusque
947 1685 1045 1718 Seba-

292 1737 431 1770 stianum
454 1747 563 1781 regem
588 1737 790 1782 praedictum
816 1738 855 1771 ad
877 1738 1046 1771 verifican-

291 1790 368 1823 dum
390 1791 527 1834 gratiam
554 1791 742 1825 huiusmodi
771 1792 884 1831 teneri,
907 1802 967 1825 nec
987 1792 1047 1825 sub

292 1844 558 1889 quibuscumque
579 1845 855 1886 revocationibus,
879 1846 1046 1879 modifica-

294 1898 457 1939 tionibus,
488 1898 756 1935 limitationibus.
787 1899 1048 1933 restitutionibus

293 1951 429 1995 aliisque
458 1952 631 1986 contrariis
660 1952 928 1996 dispositionibus
958 1953 1048 1986 simi-

294 2005 374 2039 lium
396 2005 442 2039 vel
461 2005 667 2039 dissimilium
691 2006 882 2049 gratiarum,
906 2011 968 2039 tam
992 2017 1050 2051 per

294 2069 369 2093 eum
390 2070 489 2103 quam
510 2059 607 2093 etiam
628 2070 833 2094 successores
854 2070 930 2093 suos
955 2071 1048 2104 prac-

294 2112 398 2146 dictos
418 2113 676 2157 quomodolibet,
703 2124 740 2146 ac
765 2124 840 2147 cum
869 2114 1048 2157 quibusvis,

295 2166 392 2199 etiam
416 2166 695 2210 derogatoriarurn
717 2167 942 2210 derogatoriis‚
966 2168 1050 2201 aliis-

295 2230 359 2264 que
379 2219 619 2254 efficacioribus
650 2226 682 2254 et
715 2220 852 2254 insolitis
881 2222 1047 2259 clausulis,

297 2273 567 2318 irritantibusque
591 2280 622 2308 et
641 2274 713 2308 aliis
737 2274 875 2308 decretis
895 2286 953 2319 pro
969 2281 1049 2310 tem-

297 2337 376 2372 pore
398 2328 500 2368 sactis,
513 2338 801 2371 quorumcumque
817 2334 966 2362 tenorum
984 2329 1050 2362 exi-

298 2387 428 2421 sterent,
444 2381 579 2421 includi,
598 2382 664 2422 sed,
678 2381 742 2415 illis
759 2392 823 2415 non
836 2382 1050 2423 obstantibus,

300 2435 331 2468 in
362 2434 428 2468 suis
453 2434 582 2475 robore,
616 2435 725 2478 vigore
754 2441 787 2468 et
820 2435 963 2469 efficacia
988 2437 1052 2470 exi-

298 2489 394 2525 stere,
419 2489 451 2517 et
478 2483 605 2527 quoties
631 2483 703 2517 illae
729 2490 928 2521 emanarent.
961 2485 1054 2519 toties

298 2534 331 2568 in
353 2534 526 2578 pristinum
547 2540 666 2568 statum
697 2535 866 2579 repositas,
890 2535 1054 2569 restitutas

299 2590 331 2616 et
351 2583 498 2627 plenarie
522 2582 747 2626 reintegratas,
779 2584 876 2617 etiam
897 2584 958 2617 sub
982 2585 1054 2618 data

300 2643 359 2678 per
380 2631 583 2676 praedictum
604 2631 830 2666 Sebastianum
852 2639 883 2666 et.
899 2644 958 2677 pro
977 2639 1056 2667 tem-

294 2692 380 2728 pore
401 2681 592 2715 existentem
612 2680 828 2726 Portugalliae
855 2692 965 2727 regem
995 2683 1055 2718 eli-

383 2729 461 2761 Bull.
485 2728 565 2762 Rom.
593 2729 650 2761 Vol.
669 2729 720 2762 IX.
938 2731 976 2763 39

1723 281 1788 316 305

1077 346 1179 387 genda
1191 345 1230 378 de
1243 355 1324 378 novo
1336 354 1504 377 concessas
1515 354 1596 383 esse,
1605 354 1641 377 ac
1654 344 1833 377 incommu-

1078 398 1368 432 tabilisroluntatis
1385 405 1413 431 et
1434 397 1621 431 intentionis
1640 409 1716 431 snae
1734 398 1831 431 fnisse

1077 458 1107 485 et
1129 453 1168 485 ad
1178 453 1251 486 ,boc
1272 458 1304 485 ut
1324 457 1481 496 perpetua
1503 451 1654 484 firmitate
1677 451 1832 484 subsisto?-

1079 512 1162 545 rent,
1177 506 1238 538 rim
1258 505 1395 538 vatidici
1419 505 1560 538 efficacis
1581 510 1765 537 contractus
1788 505 1834 537 in-

1080 565 1127 592 ter
1146 570 1178 592 se
1199 566 1227 592 et
1250 559 1365 592 Sedem
1392 558 1592 602 praedictam
1613 568 1650 591 ac
1676 557 1834 591 Sebastia-

1080 622 1157 644 num
1179 618 1206 645 et
1230 623 1435 645 successores
1454 622 1528 644 suos
1546 611 1764 654 portugalliae
1786 622 1834 643 re-

1080 676 1134 708 ges
1159 666 1342 709 praedictos
1362 665 1481 698 habere
1502 665 1653 703 decrevit,
1680 671 1775 709 prout
1804 666 1833 698 in

1081 718 1216 761 singulis
1236 719 1348 752 litteris
1376 719 1550 762 praedictis
1576 719 1703 760 plenius
1730 720 1834 753 conti-

1082 778 1188 805 netur.

1126 825 1140 868 ξ
1165 825 1196 857 2.
1224 826 1304 858 Cum
1326 832 1447 865 autem,
1474 826 1556 858 sieut
1586 826 1698 859 eadem
1718 826 1836 870 petitio
1879 842 1986 863 Nonnunf.
2003 844 2037 862 1,-

1081 877 1298 921 subinngebat
1314 904 1321 917 ,
1348 878 1454 912 dis-tae
1480 880 1678 922 posteriores
1708 880 1836 913 litterae
1852 875 2038 932 ξ’,ωηᾞζᾯξξρῖᾟ

1082 931 1190 974 quoad
1210 933 1367 965 nonnulla
1386 943 1420 964 ex
1435 933 1643 965 monasteriis
1659 933 1690 966 in
1707 934 1770 965 illis
1786 945 1837 966 ex·
1853 936 1867 956 V
1914 938 2037 972 frenatum

1083 985 1203 1028 pressis
1219 996 1314 1018 suum
1333 986 1468 1019 sortitae
1490 987 1552 1019 sint
1580 987 1744 1027 eflectum,
1772 987 1838 1019 illa·
1853 968 2038 1019 {faiiliiissmnnif-

1083 1049 1222 1082 rumque
1240 1039 1351 1080 vigore
1370 1039 1480 1083 aliqua
1501 1050 1537 1073 ex
1555 1040 1763 1072 monasteriis
1780 1040 1838 1073 sub
1854 1029 2038 1054 ¹³¹¹¹¹¹¹¹¹m¹'⁵²'³⁴

1854 1061 1964 1088 perpetuis
2000 1066 2038 1080 su-

1084 1092 1171 1125 dicta
1184 1093 1442 1135 congregatione
1457 1093 1705 1136 comprehensis
1717 1104 1775 1137 per
1785 1093 1840 1125 ab-
1854 1092 2039 1144 ξξῐιᾞῐὼξξωζξ(

1084 1145 1174 1178 bates
1188 1146 1377 1186 triennales,
1394 1147 1425 1179 in
1439 1146 1585 1189 capitulo
1598 1146 1742 1187 generali
1757 1146 1840 1179 eius·
1854 1157 1929 1188 -wvnt
1966 1154 2039 1189 vigor?

1084 1199 1157 1231 dem
1167 1201 1435 1243 congregationis
1447 1200 1586 1241 singulis
1608 1199 1760 1233 trienniis
1779 1200 1842 1232 ele·
1855 1184 2040 1241 {iiis'r‘i'i'ii‘zi

1085 1259 1163 1293 ctos,
1174 1253 1272 1287 hodie
1291 1254 1565 1297 gubernentur,et
1581 1253 1696 1287 exinde
1712 1253 1744 1285 in
1756 1253 1843 1286 dieta
1855 1245 2041 1297 ῗζζζξωέοξζρῗζ

1086 1308 1343 1350 congregatione
1359 1308 1514 1351 copiosus
1539 1307 1770 1351 religiosorum
1794 1307 1842 1339 vi-
1857 1310 1962 1360 ἦζέιῐῗᾞ
1978 1308 2043 1358 '2⁶3'ss

1087 1371 1198 1394 rorum
1221 1372 1378 1394 numerus
1397 1361 1588 1402 excreverit,
1611 1361 1668 1405 qui
1687 1361 1746 1394 sub
1765 1361 1842 1394 reli·
1858 1371 1905 1391 dum
1928 1370 2033 1391 unitorum

1087 1414 1196 1458 gionis
1214 1415 1307 1457 iugo,
1325 1422 1356 1449 et
1378 1416 1553 1448 reformata
1578 1415 1759 1448 monastica
1779 1415 1843 1449 vita

1087 1475 1216 1512 gratum
1245 1469 1412 1503 Altissimo
1440 1475 1607 1513 praestant
1634 1469 1842 1513 obsequium,

1088 1534 1124 1556 ex
1150 1533 1216 1566 quo
1244 1523 1362 1557 uberes
1394 1524 1518 1557 fructus
1551 1523 1584 1556 in
1611 1533 1688 1566 agro
1715 1523 1843 1557 Domini

1089 1577 1301 1620 proveniunt,
1329 1588 1402 1610 cum
1428 1577 1544 1621 populi
1570 1577 1741 1610 christiani
1774 1577 1845 1610 illa-

1089 1642 1160 1664 runi
1174 1631 1318 1675 partium
1329 1631 1495 1675 spirituali
1511 1631 1752 1672 consolation03
1768 1631 1845 1675 quia

1089 1691 1211 1725 tamen,
1230 1684 1484 1728 superveniente
1502 1684 1595 1717 obitu
1613 1684 1692 1717 dicti
1712 1684 1846 1728 praede-

1089 1738 1237 1779 cessoris,
1251 1737 1312 1781 piae
1333 1737 1497 1771 memoriae
1510 1737 1685 1781 Gregorius
1696 1737 1754 1770 PP.
1766 1737 1844 1777 Xlll,

1089 1791 1184 1825 etiam
1202 1792 1435 1835 praedecessor
1456 1798 1579 1830 noster,
1593 1801 1651 1835 per
1671 1791 1845 1834 quamdam

1090 1846 1161 1879 eius
1173 1846 1445 1879 constitutionem
1465 1846 1497 1879 in
1516 1845 1696 1878 erastinum
1709 1855 1785 1878 suae
1797 1856 1846 1878 as-

1090 1900 1289 1944 sumptionis
1309 1899 1348 1932 ad
1367 1899 1486 1932 summi
1505 1899 1846 1943 apostolatusapicem

1091 1954 1212 1987 editam
1225 1960 1256 1987 et
1273 1953 1516 1987 inCaneellaria
1531 1953 1719 1997 Apostolica
1738 1953 1847 1997 publi-

1091 2014 1210 2047 catam,
1224 2007 1474 2051 suppressiones
1493 2012 1523 2039 et
1543 2007 1759 2040 extinctiones
1782 2017 1848 2040 mo-

1092 2061 1312 2095 nasteriorum
1336 2068 1366 2094 et
1388 2061 1529 2094 aliorum
1543 2060 1780 2094 beneficiorum
1798 2071 1848 2093 ec-

1093 2115 1350 2148 elesiasticorum
1365 2121 1500 2148 itatenus
1510 2114 1662 2147 effectum
1675 2125 1740 2148 non
1752 2114 1848 2147 sorti·

1095 2174 1140 2201 tas
1154 2168 1273 2212 primo,
1285 2174 1317 2201 et
1325 2168 1443 2201 deinde
1454 2179 1513 2212 per
1523 2168 1602 2201 alias
1610 2178 1683 2201 suas
1691 2167 1849 2212 speciales

1095 2221 1127 2254 in
1148 2222 1251 2255 forma
1262 2221 1371 2254 brevis
1396 2222 1539 2262 litteras,
1565 2221 1645 2255 dicti
1664 2221 1846 2256 Sebastiani

1094 2276 1180 2318 regis
1189 2276 1323 2309 nomine
1334 2276 1496 2315 obtentas,
1506 2282 1535 2309 et
1546 2281 1711 2319 postremo
1720 2285 1779 2308 nos
1790 2286 1850 2319 per

1093 2330 1267 2373 quamdam
1280 2335 1423 2363 nostram
1437 2329 1707 2362 constitutionem
1720 2340 1779 2373 per
1791 2339 1849 2362 nos

1096 2382 1127 2415 in
1137 2382 1317 2416 crastinum
1329 2382 1565 2426 assumptionis
1576 2387 1705 2416 nostrae
1713 2383 1753 2415 ad
1764 2393 1850 2415 sum-

1096 2436 1138 2469 mi
1158 2437 1360 2480 apostolatus
1376 2436 1503 2479 apicem
1519 2435 1653 2476 editam,
1673 2436 1751 2469 etin
1767 2436 1849 2470 Can-

1096 2486 1228 2518 cellaria
1249 2485 1413 2528 praedicta
1444 2485 1541 2518 etiam
1566 2485 1777 2526 publicatam,
1807 2486 1850 2519 si-

1097 2535 1189 2567 miles
1207 2534 1456 2578 suppressiones
1472 2540 1501 2567 et
1522 2533 1750 2575 extinctiones,
1768 2545 1851 2578 quac

1097 2590 1232 2617 eatenus
1242 2584 1376 2617 sortitae
1389 2594 1455 2616 non
1469 2584 1601 2617 fuerunt
1618 2583 1783 2624 effectum,
1804 2594 1852 2616 re-

1098 2633 1295 2673 vocarimus3
1319 2634 1476 2666 nonnulla
1500 2634 1564 2666 alia
1592 2633 1652 2666 sul)
1670 2633 1756 2666 dicta
1777 2642 1853 2666 con-

1099 2682 1291 2727 gregatione
1318 2682 1556 2728 comprehensa
1578 2682 1775 2717 monasteria
1793 2682 1854 2715 sub

1851 290 1903 318 An.
1920 283 2031 319 (3.1587ἶ
