2226 3070
403 274 444 309 702

360 338 499 371 triennio
532 337 563 369 in
594 335 771 369 triennium
798 339 922 367 tantum
950 331 1054 363 faeere
1080 334 1110 361 et

159 289 211 316 An,
229 287 258 315 G,
277 288 344 316 1589
956 277 1134 303 BULLARIUM
1155 275 1307 300 ROMANUM
1922 270 1974 298 An.
1991 268 2019 297 C.
2039 268 2107 297 1589

1461 325 1587 359 CXLIII.

358 396 522 430 celebrare
538 396 663 433 ds'l'ffitv
683 400 713 427 “t
733 394 764 426 5¹¹
781 398 944 436 1³0⁵l⁰¹'[¹¹¹¹
960 400 1024 422 ¹¹0¹]
1040 399 1110 421 3¹¹¹·
1153 403 1412 446 Stataitarqaod
1431 403 1591 435 deerelinn
1611 401 1735 443 saetam
1761 401 1796 433 in
1817 401 1907 444 eapi-

359 455 445 499 plius
462 454 606 492 annales,
629 452 683 485 sed
702 451 876 484 triennales
890 454 917 481 et
940 459 998 491 per
1016 447 1113 479 trien·

1201 458 1266 489 {alo
1299 456 1445 499 qeneralv'
1476 456 1572 488 lotias
1607 453 1741 487 Ordinis
1765 453 1908 495 fratrum

1200 511 1367 543 Minorum
1388 510 1424 541 <le
1444 508 1658 541 Oliservautia
1674 508 1710 539 ia
1737 506 1818 539 Urbe
1838 506 1912 539 cele-

1202 565 1305 603 brato,
1326 564 1473 596 'videlieet
1498 562 1580 605 qaod
1595 561 1777 594 abbatissae
1798 570 1911 592 azona-

1202 618 1375 650 slerioram
1387 616 1466 648 dicti
1478 615 1613 649 Ordinis
1622 615 1657 647 in
1671 623 1783 646 earam
1800 613 1911 656 officiis

1201 673 1418 713 permaneant
1439 669 1480 702 ad
1502 668 1683 701 triennium
1707 671 1849 706 tautam,
1876 667 1913 699 in

1204 723 1352 756 omnibus
1387 722 1594 755 monasteriis
1623 720 1657 753 S.
1689 720 1805 753 Clarae
1838 729 1916 762 qaa-

1205 778 1328 810 ramvis
1353 777 1600 821 provinciaram
1624 775 1666 808 ad
1692 784 1833 817 unquam
1865 773 1914 805 ob-

1205 836 1359 864 servetur.

359 514 450 546 nium
481 510 628 544 duraturi
652 510 683 541 in
704 509 791 541 dicto
812 507 955 549 capitulo
990 504 1064 547 eIIgi
1085 509 1115 537 et

361 582 471 605 creare
493 570 642 602 debcant.

405 628 470 672 §3
495 626 679 660 llIandantes
701 628 731 655 et
755 622 930 655 districtius
965 620 1115 653 inhiben-

192 701 298 721 rraesens
314 700 347 720 ‹10-
362 694 408 720 tes
429 686 461 718 in
477 686 594 718 virtute
615 687 743 715 sanctae
758 680 961 713 obedientiae
974 685 1039 712 tam
1057 678 1118 710 sra-

165 735 349 788 ζζξζἸᾞςῙζξὲἓῖ
364 745 466 777 tribus
487 742 652 775 vocalibus
673 746 699 772 et
724 739 795 772 aliis
811 738 916 771 dictae
938 748 1117 780 congrega-

166 801 193 814 na
208 794 310 814 nullitntis
326 799 350 812 a·

166 831 219 846 mu,
364 802 472 841 tionis,
495 800 613 843 quibus
642 808 719 831 cura
748 796 912 830 indicendi
945 801 973 828 et
1001 805 1118 828 convo-

183 1571 293 1591 Contraria
310 1570 356 1590 tol-

364 860 457 893 candi
490 857 669 901 capitulum
710 855 879 894 Incumbit,
914 865 1011 897 quam
1051 853 1121 886 aliis

363 918 636 962 quibuscumque,
660 915 773 959 quavis
798 914 953 956 «lignitate
968 912 1120 955 fulgenti-

364 977 436 1017 bus,
451 982 487 1009 ut
498 980 655 1008 statutum
677 980 707 1006 et
727 973 965 1006 ordinationem
978 977 1120 1003 nostram

366 1033 554 1066 huiusmodi
575 1033 757 1070 observent,
781 1041 839 1063 nec
864 1029 1042 1073 quominus
1070 1029 1123 1061 ob-

367 1097 537 1124 serventur
557 1090 689 1133 aliquod
712 1089 980 1131 impedimentum
1003 1092 1033 1120 et
1054 1098 1123 1119 ino-

368 1150 504 1190 lestiam,
524 1148 638 1192 quovis
658 1147 805 1191 quaesito
823 1146 943 1186 colore,
960 1145 1055 1177 etiam
1079 1145 1125 1177 in-

368 1208 503 1247 directe,
534 1211 698 1250 praestare
735 1208 964 1248 praesumantg
996 1202 1124 1234 irritum

368 1277 500 1309 quoque
534 1271 561 1298 et
592 1265 686 1296 inane
718 1263 930 1296 decernentes
964 1259 1124 1304 quidquid

369 1336 462 1357 secus
477 1334 536 1367 per
555 1333 793 1366 quoscumque,
817 1321 928 1364 quavis
953 1320 1127 1353 auetorita-

371 1389 411 1422 te,
435 1382 574 1414 selenter
599 1381 646 1413 rel
667 1380 866 1422 ignoranter,
887 1378 1058 1420 eontigerit
1080 1383 1126 1410 at-

375 1439 504 1472 tentari.

416 1497 480 1541 §lt
513 1497 583 1529 Non
613 1495 815 1527 obstantibus
842 1493 1129 1527 constitutionibus

373 1562 403 1589 et
423 1554 684 1588 ordinationibus
705 1553 905 1596 apostolicis,
933 1563 969 1585 ac
990 1562 1128 1593 congre-

373 1618 514 1661 gationis
526 1623 553 1649 et
569 1616 695 1650 Ordinis
710 1616 953 1660 przualietornm
975 1618 1059 1648 inter
1076 1626 1131 1648 eos

376 1676 474 1716 initis,
513 1675 607 1707 etiam
645 1675 843 1713 iuramento,
884 1673 1131 1706 continuatione

375 1734 553 1778 apostolica
575 1733 623 1765 vel
649 1732 759 1776 quavis
776 1732 931 1764 firmitate
952 1732 1013 1764 alia
1036 1732 1132 1764 robo-

377 1791 465 1831 ratis,
488 1791 656 1824 statutiset
672 1790 985 1829 consuetmlinilnis;
1007 1789 1133 1833 privile-

377 1849 594 1892 giisquoque,
610 1847 744 1880 indultis
764 1852 795 1879 et
814 1846 928 1879 litteris
947 1846 1133 1890 apostolicis

379 1909 410 1940 in
442 1909 644 1940 contrarium
676 1905 922 1948 qiu-›modolibet
956 1906 1132 1945 concessis,

380 1965 581 1999 confirmatis
593 1971 623 1998 et
645 1964 814 1996 innovatis.
831 1963 954 2002 Quibus
970 1964 1133 2003 omnibns,

382 2024 511 2056 illorum
546 2028 674 2055 tenores
700 2021 926 2065 praesentibus
961 2032 1020 2065 pro
1046 2022 1135 2054 susti-

382 2082 505 2115 cienter
525 2075 684 2125 expri‘fssis
700 2080 868 2120 habentes,
892 2079 923 2111 in
942 2080 1002 2112 liac
1030 2086 1134 2123 parte,

383 2140 446 2172 illis
463 2139 542 2172 alias
560 2139 592 2171 in
607 2149 666 2171 sno
687 2137 806 2170 robore
820 2138 1055 2181 permansuris,
1079 2138 1137 2169 lias*

384 2199 451 2231 rice
472 2199 650 2237 dumtaxat,
671 2197 857 2240 specialiter
871 2202 1061 2240 etexpresse
1082 2196 1138 2227 de-

386 2267 550 2300 rogamus,
587 2256 767 2299 ceterisque
802 2255 974 2288 contrariis
1004 2254 1139 2298 quibus-

386 2303 540 2358 cumque⁴

430 2375 545 2407 Datum
566 2371 686 2405 Romae
712 2372 796 2415 apud
822 2372 976 2404 Sanctum
999 2372 1141 2411 Petrum,

388 2433 440 2466 die
465 2441 494 2464 iv
520 2431 624 2463 martii
660 2440 830 2470 aiiitxxxix,
860 2430 1067 2472 pontificatus
1087 2440 1143 2462 no-

389 2490 444 2523 stri
462 2499 546 2522 anno
569 2499 609 2521 iv.

433 2553 496 2582 Dat.
516 2551 564 2580 die
583 2550 602 2579 lt
618 2550 716 2579 martii
742 2550 826 2583 1580,
849 2550 953 2588 pontis.
972 2560 1049 2579 anno
1068 2558 1107 2579 lv.

1208 926 1303 953 Sixtus
1316 925 1387 960 Papa
1395 924 1425 957 V,
1438 925 1470 952 ad
1478 924 1641 960 perpetuam
1654 922 1695 951 rei
1703 921 1873 950 memoriam.

1210 1020 1413 1061 Quamquam
1436 1028 1493 1050 nos
1513 1027 1618 1059 nuper
1639 1016 1670 1048 id
1688 1015 1776 1058 quod
1807 1015 1839 1047 in
1864 1025 1918 1047 ca-

1168 1073 1271 1116 pitulo
1291 1072 1433 1115 generali
1462 1071 1560 1103 totius
1572 1069 1701 1103 Ordinis
1718 1069 1855 1102 fratrum
1867 1068 1920 1101 Mi-

1167 1137 1284 1158 norum
1302 1126 1340 1157 de
1357 1124 1565 1157 Observantia
1585 1127 1865 1166 nuncupatorum,
1888 1121 1921 1154 in

1169 1179 1252 1213 Urbe
1262 1179 1435 1212 novissime
1449 1178 1624 1217 celebrate,
1639 1177 1807 1210 decretum
1818 1176 1924 1209 suerat

1168 1233 1330 1267 observari
1350 1232 1468 1265 debere
1487 1231 1593 1275 quoad
1613 1230 1771 1263 moniales
1787 1229 1923 1263 Sanctae

1168 1288 1292 1326 Clarae,
1316 1291 1342 1319 et
1370 1286 1499 1318 illarum
1516 1285 1708 1318 electionem
1731 1284 1762 1317 in
1784 1283 1924 1317 abbatis-

1169 1352 1217 1374 sas
1239 1341 1301 1373 iam
1323 1345 1417 1372 antea
1432 1340 1463 1371 in
1485 1340 1585 1372 altero
1611 1338 1818 1383 praecedenti
1839 1336 1927 1381 capi-

1172 1396 1238 1427 tulo
1250 1394 1407 1437 generali,
1431 1393 1464 1425 in
1489 1392 1615 1426 civitate
1633 1390 1926 1425 Parisiensihabito

1171 1448 1346 1487 sancitum,
1370 1453 1400 1479 et
1420 1447 1482 1479 alia
1502 1446 1577 1479 dicti
1600 1445 1734 1490 capituli
1754 1445 1927 1477 novissime

1172 1501 1324 1534 celebrati
1355 1502 1499 1540 decreta,
1522 1500 1702 1543 apostolica
1735 1498 1928 1532 auctoritate

1172 1555 1477 1588 confirmaverimus
1497 1559 1528 1587 et
1547 1553 1846 1597 approbaverimus,
1867 1552 1930 1584 hoc

1174 1609 1319 1641 videlieet
1346 1608 1442 1641 modo
1463 1608 1549 1649 quod
1571 1607 1751 1639 abbatissae
1773 1606 1822 1639 vel
1847 1605 1930 1638 aliae

1174 1659 1929 1705 praefectaequorumcumquemonasteriorum

1175 1715 1365 1747 monialium
1393 1716 1527 1747 fratrum
1557 1714 1717 1747 Minorum
1749 1713 1788 1746 de
1817 1713 1931 1746 Obser-

1175 1769 1278 1801 vantia
1307 1780 1404 1802 curae
1422 1769 1685 1807 commissarum,
1704 1768 1743 1800 ad
1764 1777 1930 1800 summum

1176 1823 1239 1855 sint
1276 1823 1464 1863 triennales,
1499 1827 1530 1855 et
1563 1822 1629 1855 suis
1654 1821 1780 1860 officiis,
1822 1821 1932 1864 elapso

1178 1876 1331 1917 triennio,
1353 1876 1543 1920 perfunctae
1565 1876 1597 1908 in
1618 1875 1787 1919 quibusvis
1807 1874 1934 1919 provin-

1178 1930 1248 1969 ciis,
1271 1936 1334 1963 tam
1356 1930 1434 1963 citra
1455 1941 1552 1974 quam
1574 1929 1839 1970 ultramontanis,
1868 1937 1934 1961 non

1179 1995 1236 2027 per
1257 1983 1422 2017 biennium
1444 1990 1581 2024 tantum,
1605 1984 1692 2016 iuxta
1712 1983 1880 2016 decretum
1903 1980 1935 2014 in

1179 2038 1264 2069 din-to
1278 2038 1422 2081 capitulo
1443 2037 1587 2080 generali
1608 2036 1738 2069 Parisiis
1760 2036 1935 2075 celebrato,

1180 2092 1232 2123 sed
1255 2092 1368 2123 saltem
1392 2101 1449 2134 per
1471 2090 1647 2129 triennium
1669 2089 1830 2132 integrum
1852 2099 1869 2121 a
1883 2088 1935 2121 die

1182 2145 1280 2177 t'nneti
1299 2145 1394 2176 otticii
1409 2144 1457 2177 sui
1473 2149 1503 2177 et
1518 2142 1808 2177 administrationis
1819 2152 1935 2175 nume-

1183 2199 1332 2237 randum,
1349 2199 1477 2230 nullum
1497 2197 1711 2230 abbatissatus
1732 2207 1788 2230 sen
1810 2195 1936 2240 praese-

1183 2258 1293 2285 cturae
1315 2252 1587 2285 monasteriorum
1608 2256 1663 2284 aut
1683 2251 1771 2283 aliud
1793 2249 1937 2283 officium

1183 2316 1289 2348 neque
1310 2305 1453 2348 aliquam
1473 2310 1664 2348 potestatem
1686 2315 1743 2337 seu
1761 2303 1938 2337 auctorita-

1186 2365 1247 2391 tem
1275 2359 1306 2390 in
1328 2358 1373 2390 eis
1398 2359 1544 2392 obtinere
1568 2359 1616 2391 vel
1642 2368 1793 2391 exercere
1816 2356 1940 2400 possint

1185 2418 1211 2445 et
1248 2412 1397 2445 debeant.
1432 2412 1650 2445 Nihilominus
1675 2410 1824 2454 exposuit
1847 2409 1940 2443 nobis

1186 2462 1323 2494 dilectus
1343 2462 1428 2494 tilius
1456 2466 1650 2504 procurator
1673 2459 1834 2503 generalis
1860 2458 1939 2491 dicti

1186 2510 1328 2550 Ordinis,
1348 2510 1434 2554 quod
1455 2510 1595 2553 aliquae,
1614 2509 1791 2554 praecipue
1803 2508 1940 2541 Sanctae

1187 2559 1298 2592 Clarae
1314 2558 1588 2598 Arinioncnsis,et
1607 2558 1840 2591 nonnullorum
1860 2556 1940 2588 alio-

1188 2619 1259 2640 rum
1281 2609 1553 2641 monasteriorum
1582 2607 1772 2640 monialium
1806 2605 1941 2639 Sanctae

1189 2657 1299 2691 Clarae
1320 2657 1510 2698 abbatissae,
1533 2667 1607 2690 cum
1628 2655 1792 2699 aliquibus
1813 2654 1878 2688 suis
1892 2664 1941 2688 se-

1960 1025 2041 1046 Causne
2049 1023 2119 1044 huius-

1935 1062 1959 1078 ce
1976 1055 2069 1076 faciendi
2085 1054 2121 1074 de>

1936 1088 2000 1109 cren.
