2226 3070
78 276 131 303 An.
144 274 174 303 C.
191 275 259 303 1589

106 706 202 727 clausula
216 706 263 727 eub-

81 738 132 764 laia,
150 740 193 758 etc.

105 1190 216 1212 clausulae
225 1191 263 1211 de-

81 1223 209 1250 inguini-iae.

928 269 1032 294 SIXTUS
1055 270 1074 293 V
1097 270 1145 293 PP.

272 337 349 360 voce
377 332 409 359 et
438 331 510 359 voto
538 336 574 359 ac
603 325 729 359 actione
765 324 881 368 privari
910 334 1020 369 possc;

1709 257 1771 291 109

1391 321 1490 354 CLIII.

273 386 543 426 praesentemque
557 384 692 423 granam
714 383 745 411 et
764 389 1019 418 eoncefflonem’
1063 394 1245 427 Nonnullae
1268 393 1490 426 ordinationes
1518 403 1611 435 super
1633 397 1815 425 controver-

274 436 397 478 hasque
422 434 546 467 litteras
571 443 699 476 semper
719 438 749 466 et
769 438 928 475 perpetuo
948 432 1022 464 vali-

275 488 330 521 das
350 493 381 520 et
400 487 545 521 efficaces
571 486 705 519 existere
732 492 762 518 et
781 485 861 525 fore,
884 495 1022 528 suosque

275 540 437 585 plenarios
457 545 488 573 ct
500 540 644 582 integros
656 539 789 571 effectus
806 538 914 570 sortiri
925 544 953 570 et
969 538 1023 570 ob-

277 594 390 629 tinere.
883 628 888 633 ,

321 649 336 691 §
361 647 392 681 3.
425 647 541 690 Sicque
567 656 624 689 per
653 655 875 688 quoscumque
901 643 1024 677 iudices

277 700 457 735 ordinarios
473 699 688 741 etdelegatos,
711 698 836 730 sublata
857 697 902 730 eis
922 703 949 730 et
972 709 1024 730 eo-

276 765 347 787 rum
369 753 501 786 cuilibet
520 752 632 795 quavis
647 750 915 784 aliteriudicandi
936 751 1023 783 etin-

278 806 472 851 terpretandi
494 807 643 839 facultate
670 811 700 839 et
725 805 927 847 auctoritate,
952 805 1022 837 nbi-

275 872 339 904 que
364 860 499 893 iudicari
530 866 558 892 et
584 859 712 893 definiri
733 859 869 895 debere,
892 870 929 892 ac
949 858 1022 891 irri-

275 919 343 948 tum
364 919 394 948 et
413 914 508 947 inane
529 913 685 957 quidquid
707 925 800 947 secus
820 924 918 957 super
937 913 986 946 liis
1007 924 1022 945 a

275 979 460 1012 quoquam,
493 967 604 1011 quavis
637 968 845 1008 auctoritate,
886 967 1025 1000 scienter

275 1023 323 1056 vel
338 1022 537 1065 ignoranter,
553 1021 724 1064 contigerit
737 1021 898 1062 attentari,
912 1021 1024 1054 decer-

276 1076 393 1109 nimus.

321 1130 336 1173 g
359 1129 390 1163 4.
418 1129 487 1163 Non
508 1129 708 1162 obstantibus
727 1129 839 1172 regula
858 1134 967 1162 nostra
987 1129 1025 1163 de

277 1183 347 1217 iure
368 1184 515 1228 quaesito
535 1193 600 1216 non
620 1183 774 1222 tollendo,
791 1182 926 1225 aliisque
947 1194 1025 1216 con-

276 1237 496 1271 stitutionibus
509 1242 541 1270 et
555 1236 815 1270 ordinationibus
826 1236 1023 1280 apostolicis:

276 1291 452 1336 privilegiis
473 1301 618 1335 quoque,
651 1290 783 1323 indultis
803 1296 833 1323 et
853 1290 967 1324 litteris
995 1303 1027 1324 a·

275 1345 441 1390 postolicis
459 1345 634 1390 praedictis
665 1344 884 1377 visitatoribus
908 1351 939 1378 ct
956 1345 1025 1378 cui-

276 1399 518 1444 libet‘ipsorum
535 1410 572 1432 ac
592 1398 661 1432 aliis
677 1398 948 1443 quibuscumque,
961 1404 1025 1431 tam

276 1452 459 1498 specialiter
478 1463 575 1495 quam
595 1451 799 1495 generaliter,
818 1452 877 1484 sub
893 1452 1026 1496 quihus-

277 1517 415 1550 cumque
435 1505 602 1539 tenoribus
619 1511 649 1539 et
668 1505 791 1545 formis,
814 1516 850 1538 ac
870 1516 944 1538 cuin
959 1506 1028 1550 qui·

277 1560 385 1594 busvis
405 1559 571 1600 clausulis,
594 1570 631 1592 ac
642 1559 919 1602 derogatoriarum
932 1560 1026 1592 dero-

276 1614 426 1659 gatoriis,
448 1614 584 1657 aliisque
610 1612 847 1646 efficacioribus
866 1619 895 1646 et
915 1613 1026 1646 insoli-

277 1669 315 1702 tis
335 1668 506 1707 clausulis,
535 1666 802 1710 irritantibusque
823 1659 852 1700 et
874 1666 945 1700 aliis
972 1667 1026 1700 de-

277 1722 383 1763 cretis,
406 1722 439 1754 in
458 1732 576 1765 genere
587 1721 635 1754 vel
652 1721 684 1753 in
697 1721 815 1764 specie,
830 1720 924 1759 etiam
937 1726 1026 1754 motu

277 1776 374 1809 simili
402 1787 439 1808 ac
459 1775 725 1809 consistorialiter
744 1785 780 1808 ac
802 1774 879 1808 alias
899 1775 932 1807 in
953 1786 1028 1808 con-

278 1830 413 1864 trarium
438 1828 682 1873 quomodolibet
710 1828 881 1869 concessis,
909 1840 1027 1874 appro-

276 1884 359 1918 batis
375 1889 406 1916 et
422 1883 593 1922 innovatis;
606 1893 733 1916 necnon
743 1883 940 1924 iuramento,
953 1894 1028 1916 con-

276 1937 460 1971 firmatione
480 1936 656 1981 apostolica
678 1937 725 1969 vel
746 1936 856 1980 quavis
875 1936 1028 1970 firmitate

277 1992 339 2025 alia
357 1991 528 2031 roboratis,
551 1990 688 2031 statutis,
711 1990 824 2023 usibus
843 1996 874 2023 et
894 2001 1028 2024 consue-

279 2045 455 2085 tudinibus,
474 2044 571 2078 etiam
592 2044 916 2083 immemorabilibus,
931 2050 961 2077 et
975 2056 1028 2078 na-

278 2099 371 2140 turis,
398 2098 516 2143 quibus
546 2098 714 2138 omnibus,
745 2097 868 2131 etiamsi
900 2099 938 2131 de
966 2099 1028 2131 illis

278 2152 437 2196 specialis,
454 2151 605 2195 specifica
621 2157 651 2184 et
671 2151 709 2184 ad
729 2151 862 2184 verbum
881 2162 1029 2195 expressa

280 2206 399 2239 mentio
433 2205 579 2238 habenda
612 2204 705 2245 soret,
735 2205 866 2238 illorum
901 2212 1029 2239 tenores

281 2259 502 2303 praesentibus
523 2270 580 2302 pro
601 2259 759 2303 expressis
779 2259 946 2299 habentes,
969 2260 1028 2293 hac

280 2312 347 2346 vice
368 2313 541 2352 dumtaxat,
561 2311 745 2355 specialiter
764 2317 795 2345 et
814 2323 962 2356 expresse
973 2314 1028 2346 de-

279 2377 441 2409 rogamus,
472 2366 652 2408 ceterisqne
685 2365 857 2399 contrariis
894 2366 1028 2409 quibus-

279 2430 428 2462 eumque.

322 2470 436 2502 Datum
458 2468 577 2500 Romae
597 2467 630 2500 in
656 2468 762 2501 Monte
778 2467 948 2507 Quirinali,
971 2468 1030 2501 sub

279 2519 400 2552 annulo
421 2517 592 2550 piscatoris
606 2544 613 2557 ,
631 2517 682 2550 (lie
711 2517 863 2561 vigesima
889 2518 1030 2550 secunda

280 2568 370 2609 iulii,
399 2566 573 2599 millesimo
593 2566 856 2610 quingentesimo
877 2572 1029 2610 octuage-

279 2617 360 2650 simo
380 2626 479 2656 nono,
501 2616 710 2659 pontificatus
730 2616 830 2649 nostri
848 2627 932 2649 anno
949 2626 978 2649 V.

327 2670 391 2700 Dat.
411 2668 459 2699 die
478 2671 518 2701 22
535 2669 600 2699 iulii
620 2669 708 2709 1589,
731 2670 835 2710 pontis.
855 2679 931 2700 anno
951 2679 979 2699 v.

1107 449 1165 480 siis
1185 449 1272 481 inter
1291 448 1456 480 civitatem
1476 446 1550 479 Este*
1577 450 1605 479 et
1636 446 1703 478 eius
1737 446 1817 479 cives

1109 506 1137 534 et
1157 502 1396 541 unioersitates,
1419 505 1448 533 et
1474 500 1618 532 homines
1638 504 1817 532 castrorum

1109 556 1273 593 Massariz',
1292 555 1412 588 Montis
1430 553 1568 593 Caroni,
1589 553 1769 586 Beluederii
1788 557 1817 586 ct

1109 608 1249 641 aliorum
1269 609 1440 641 comitatus
1460 607 1534 640 Esii‘
1550 607 1671 640 emortis
1692 606 1717 638 1.

1109 689 1204 716 Sixtus
1217 688 1322 723 rapu,
1333 689 1366 716 ad
1377 689 1539 723 perpetuam
1550 688 1591 715 rei
1599 687 1768 715 memoriam.

1109 760 1196 792 Inter
1216 765 1321 792 cetera
1342 760 1448 792 cordis
1465 759 1817 799 nostridesiderabilia,

1066 813 1096 845 id
1118 813 1251 845 intentis
1273 819 1461 857 exoptamus
1482 813 1662 849 affectibus,
1681 818 1717 845 ut
1737 812 1821 846 inter

1066 867 1209 900 subditos
1221 873 1359 899 nostros.
1379 867 1531 909 praecisis
1545 867 1764 910 quarumlibet
1775 866 1821 898 di-

1066 920 1269 953 scordiarum
1301 920 1456 958 materiis,
1485 919 1650 952 caritatem
1681 930 1820 952 concor-

1066 973 1118 1006 dia
1138 973 1271 1013 nutriat,
1295 978 1323 1006 et
1346 983 1457 1016 pac-cm
1479 973 1622 1005 caritatis
1654 973 1760 1005 firmet
1785 983 1819 1005 a-

1067 1026 1236 1059 inoenitas.

1113 1080 1127 1123 ἓ
1153 1080 1183 1112 t.
1204 1080 1284 1113 Cum
1308 1080 1429 1122 itaque,
1451 1084 1487 1112 ut
1508 1079 1712 1122 accepimuS,
1733 1090 1749 1111 a
1775 1079 1820 1111 vi-

1067 1133 1146 1176 ginti
1167 1133 1258 1166 annis
1279 1133 1326 1165 vel
1347 1133 1446 1172 circa,
1473 1132 1582 1176 plures
1608 1131 1679 1165 lites
1710 1138 1740 1165 et
1771 1132 1820 1165 di·

1068 1188 1213 1221 scordiae
1234 1187 1318 1220 inter
1338 1187 1473 1220 dilectos
1494 1187 1578 1219 filios
1590 1186 1750 1219 civitatem
1764 1197 1822 1220 no-

1068 1247 1165 1274 stram
1195 1242 1258 1275 Esii
1285 1247 1316 1274 et
1337 1241 1405 1274 eius
1426 1241 1511 1274 cives
1531 1252 1567 1273 ex
1589 1251 1666 1279 una,
1689 1252 1726 1273 ac
1747 1240 1821 1273 uni-

1067 1295 1231 1328 versitates
1251 1301 1283 1328 et
1303 1295 1451 1328 homines
1472 1299 1651 1327 castrorum
1665 1294 1819 1333 Massarii,

1068 1349 1182 1382 Montis
1206 1349 1337 1389 Carotti,
1360 1348 1536 1382 Belvederii
1558 1353 1588 1381 et
1609 1348 1749 1381 aliorum
1770 1359 1823 1381 co-

1069 1403 1198 1436 mitatus
1217 1403 1332 1436 Esinos
1351 1408 1440 1436 ortae
1457 1408 1488 1435 et
1507 1413 1565 1446 pcr
1580 1402 1690 1446 plures
1720 1412 1823 1435 annos

1068 1456 1241 1489 continuos
1261 1467 1370 1490 coram
1397 1456 1546 1500 pluribus
1566 1461 1596 1488 et
1621 1455 1755 1488 diversis
1775 1456 1824 1488 iu-

1068 1509 1194 1543 dinibus
1213 1510 1352 1553 agitatae
1372 1509 1505 1549 suerint,
1533 1514 1563 1542 ct
1592 1508 1631 1541 de
1660 1509 1822 1552 praesenti

1069 1574 1178 1597 coram
1204 1563 1321 1596 dilecto
1351 1563 1418 1596 filio
1449 1562 1600 1606 magistro
1631 1562 1728 1595 Fabio
1749 1562 1824 1595 Cor-

1069 1617 1300 1657 neo,Carnerae
1313 1616 1515 1660 Apostolicae
1526 1615 1694 1655 clerico,in
1709 1616 1821 1649 eadem

1069 1671 1203 1704 Camcra
1222 1671 1385 1704 indecisae
1405 1670 1579 1715 pendeant,
1601 1680 1700 1713 super
1717 1669 1822 1702 diver-

1069 1725 1111 1758 sis
1131 1724 1331 1765 introitibus,
1363 1724 1468 1768 sylvis,
1490 1723 1596 1764 terris,
1624 1723 1774 1756 domibus
1794 1728 1823 1756 et

1069 1778 1163 1811 bonis
1182 1779 1343 1820 rebusque
1369 1777 1451 1817 aliis,
1472 1783 1569 1821 prout
1588 1777 1620 1809 in
1641 1777 1720 1809 actis
1741 1777 1823 1809 dile-

1069 1832 1110 1865 cti
1131 1832 1190 1865 silii
1205 1832 1303 1876 Tydei
1323 1831 1361 1864 de
1382 1831 1531 1871 biarchis,
1554 1830 1698 1863 eiusdem
1712 1830 1825 1863 Came-

1071 1897 1124 1919 rae
1144 1897 1180 1918 ac
1202 1896 1318 1919 causae
1339 1891 1368 1918 et
1385 1895 1556 1918 causarum
1570 1884 1757 1917 huiusmodi
1770 1895 1827 1917 no-

1070 1939 1152 1979 tarii,
1169 1944 1317 1979 constat3
1336 1950 1372 1971 ac
1393 1938 1532 1981 denique
1552 1948 1651 1981 super
1663 1937 1826 1970 validitate

1070 1993 1285 2036 quorumdam
1309 1992 1541 2036 capitulorum,
1563 2002 1631 2031 seu,
1649 1996 1682 2023 ut
1696 1991 1824 2031 dicitnr,

1071 2046 1278 2087 concordiae,
1301 2051 1333 2079 et
1352 2045 1510 2089 generalis
1541 2044 1667 2078 consilii
1691 2045 1826 2078 civitatis

1071 2106 1102 2133 et
1123 2100 1295 2133 comitatus
1315 2100 1455 2142 desuper
1475 2099 1648 2139 subsecuti,
1661 2099 1778 2132 dilecto
1790 2099 1826 2131 fi-

1071 2154 1114 2186 lio
1147 2159 1258 2187 nostro
1287 2152 1457 2185 Doininico
1489 2152 1574 2184 tituli
1603 2152 1710 2185 Sancti
1741 2153 1825 2185 Lau-

1071 2203 1167 2236 rentii
1196 2203 1228 2235 in
1261 2203 1345 2236 Pane
1367 2208 1399 2235 ct
1418 2202 1520 2235 Perna
1540 2202 1728 2247 presbytero
1755 2213 1824 2234 car-

1071 2252 1170 2285 dinali
1200 2252 1323 2285 Pinello
1357 2257 1558 2295 nuncupato,
1586 2251 1656 2285 lites
1687 2257 1718 2284 et
1738 2251 1826 2285 diffe-

1071 2302 1191 2334 rentias
1204 2301 1391 2334 huiusmodi
1413 2300 1601 2341 audiendas,
1625 2311 1819 2344 cognoscen-

1072 2350 1128 2383 das
1148 2356 1177 2383 et
1200 2356 1311 2394 postea
1330 2349 1423 2382 nobis
1442 2350 1639 2391 referendas,
1665 2350 1827 2384 commisi-

1073 2410 1154 2432 nius.

1116 2450 1130 2492 g
1154 2448 1185 2481 ⁶2.
1214 2448 1292 2481 Cum
1313 2453 1419 2481 autem
1441 2448 1546 2481 dictus
1557 2448 1744 2482 Dominicns
1758 2459 1826 2482 car-

1072 2498 1187 2530 dinalis
1206 2503 1309 2530 totum
1338 2497 1401 2530 hoc
1421 2497 1592 2540 negocium
1615 2504 1741 2531 mature
1768 2509 1826 2541 per

1073 2558 1147 2580 enm
1169 2547 1334 2590 cognitum
1366 2547 1491 2581 sincere
1521 2552 1551 2581 et
1575 2547 1714 2580 fideliter
1734 2547 1825 2581 nobis

1074 2597 1234 2638 retulerit,
1258 2608 1327 2638 nos,
1356 2597 1429 2642 paci
1449 2608 1486 2630 ac
1512 2597 1614 2641 quieti
1640 2597 1774 2630 civitatis
1795 2601 1825 2629 ct

1111 2675 1121 2701 1
1140 2673 1183 2701 Ex
1198 2673 1310 2709 Regest.
1327 2673 1355 2701 in
1375 2673 1480 2702 Secret.
1498 2673 1640 2701 Brew'um.

1833 266 1884 294 An.
1903 265 2013 294 01589

1862 809 1994 830 Prooemium

1836 1086 1954 1107 Nonnullae
1966 1092 2019 1113 pen-

1837 1118 1913 1138 debant
1928 1118 1976 1139 lites
1987 1119 2019 1138 ine

1836 1151 1868 1169 ter
1878 1150 2020 1169 communita-

1836 1182 1877 1199 tem
1904 1180 1944 1200 Esii
1977 1183 2020 1200 tor>

1837 1217 1912 1238 fasque
1926 1212 2020 1231 eiusdem

1837 1244 1960 1263 comitatus.

1868 2202 1906 2223 Eas
1918 2202 1972 2230 Papa
1986 2209 2023 2222 co*

1842 2235 1957 2259 gnoscend.
1966 2240 2024 2254 ruin-

1842 2266 1927 2285 miserat
1956 2266 2024 2285 curdi-

1842 2296 1884 2316 niuli
1901 2296 1988 2317 I'inello.

1869 2462 1897 2481 Ad
1915 2466 1937 2482 se
1959 2462 1994 2480 uda
2009 2471 2022 2478 ι-

1840 2496 1872 2512 cal
1889 2496 1908 2512 (Ἰ
1924 2493 2003 2513 definit.
