2226 3070
91 313 140 340 An.
160 311 189 339 C.
206 310 275 339 1588

115 889 158 911 Nec
167 895 208 910 non
218 888 278 913 biga-

94 926 181 941 ΙΙΙΟΙΊΙΙΠ.

944 311 1052 336 SIXTUS
1071 311 1091 335 V
1110 311 1160 335 PP.

290 358 359 392 aliis
379 358 551 402 praedictis
575 359 692 392 nostris
715 359 828 393 litteris
853 369 1038 403 expressum

290 411 358 452 fuit,
375 412 431 445 sed
445 412 540 445 etiam
562 413 601 445 ad
623 412 880 446 transferendum
901 413 933 445 in
954 413 1039 445 favo-

290 475 359 497 rem
392 464 584 498 clericorum
616 476 680 498 non
712 466 959 508 coniugatorum
990 466 1038 498 vel

291 517 450 550 laicorum
471 518 567 550 etiam
581 518 827 561 coniugatorum
842 519 908 562 (qui
930 524 1038 551 tamen

292 571 483 604 translatarii
505 572 552 604 vel
578 571 637 615 ipsi
662 583 791 616 quoque
816 572 933 605 milites
956 573 1038 605 Lau-

292 625 395 658 retani
416 624 560 664 existant,
584 625 631 657 vel
658 625 735 657 alias
760 636 778 657 a
801 625 882 658 Sede
903 626 1038 668 Aposto-

293 677 355 710 lica
393 677 605 710 sufficientem
645 677 917 721 dispensationem
956 677 1039 710 obti-

293 731 406 773 neant)
439 731 484 763 eis
522 737 551 763 et
591 741 703 763 corum
736 731 851 774 cuique
883 736 1039 774 perpetuo

293 784 496 827 suffragetur.

338 836 404 880 53.
429 837 493 870 Nec
524 847 589 870 non
620 844 685 870 tam
717 838 917 881 praedictum
943 847 1039 881 quam

294 891 390 924 etiam
404 891 492 924 aliud
513 891 716 935 privilegium
743 897 772 925 et
797 891 957 924 indultum
978 891 1042 923 fru-

294 951 373 985 ctus,
397 945 542 978 redditus
573 951 601 977 et
633 951 807 989 proventus
837 951 890 978 aut
911 944 1042 988 praedia

294 998 444 1042 bonaque
483 998 697 1031 ecclesiastica
734 998 921 1031 huiusmodi
960 998 1042 1031 reci-

295 1051 403 1095 piendi
424 1057 479 1084 aut
509 1051 683 1091 retinendi,
707 1062 762 1084 seu
788 1052 883 1085 etiam
908 1051 1042 1084 transfe-

296 1105 387 1138 rendi
407 1105 578 1149 pensiones
591 1105 746 1138 militibus
766 1105 855 1138 laicis
872 1116 928 1137 seu
949 1105 1043 1138 cleri-

297 1159 341 1192 cis
361 1159 551 1201 coniugatis,
568 1159 592 1192 si
611 1165 682 1203 post
702 1159 933 1192 reservationes
953 1170 1045 1203 prae-

297 1212 397 1245 dictas
422 1212 665 1245 matrimonium
698 1212 928 1253 contraxerint,
953 1213 1040 1250 alias,

297 1271 332 1298 ut.
362 1275 459 1309 supra
491 1265 612 1298 dictum
645 1271 701 1304 est,
726 1276 930 1306 concessum,
955 1271 985 1299 et
1005 1266 1045 1299 ad

298 1318 414 1351 milites
434 1318 634 1351 Lauretanos
664 1318 826 1360 bigamos,
851 1319 904 1362 qui
925 1319 1047 1351 scilicet

298 1383 371 1405 cum
393 1373 528 1411 duabus,
553 1372 654 1405 tribus
674 1378 727 1405 aut
747 1373 895 1416 pluribus
913 1373 1046 1415 virgini-

297 1426 358 1459 bus
377 1426 425 1458 vel
445 1425 549 1458 viduis
574 1432 627 1458 aut
653 1426 721 1458 aliis
746 1426 905 1470 corruptis
931 1426 1046 1458 mulie-

299 1479 398 1519 ribus,
416 1480 511 1513 etiam
532 1480 721 1519 successive,
739 1480 858 1524 pluries
879 1480 1047 1513 matrimo-

300 1533 353 1566 nia
373 1533 600 1572 contraxerint,
625 1539 726 1573 motu,
750 1533 881 1566 scientia
902 1539 930 1566 et
956 1540 1047 1577 pote-

301 1587 387 1620 statis
407 1587 606 1630 plenitudine
620 1587 778 1619 similibus
798 1587 998 1619 extendimus
1019 1593 1047 1620 et

301 1640 505 1684 ampliamus,
529 1651 565 1673 ac
586 1651 658 1673 cum
680 1640 866 1672 huiusmodi
894 1640 1049 1672 militibus

302 1693 488 1726 Lauretanis
508 1692 563 1732 sic,
587 1699 619 1725 ut
640 1693 830 1736 praefertur,
853 1692 1001 1734 bigamis,
1021 1699 1048 1725 et

304 1756 416 1779 eorum
449 1746 607 1790 quolibet,
631 1746 727 1778 etiam
759 1746 894 1789 duplici,
918 1746 1046 1789 triplici,

304 1806 356 1833 aut
377 1800 439 1832 alia
459 1800 569 1844 quavis
590 1800 758 1843 multiplici
773 1806 801 1832 et
822 1810 895 1832 vera
916 1810 952 1832 ac
972 1799 1050 1832 reali

304 1854 445 1896 bigamia
474 1854 601 1893 notatis,
635 1864 721 1886 nunc
753 1859 782 1886 et
814 1864 873 1897 pro
905 1859 1050 1897 tempore

305 1907 523 1946 existentibus,
547 1913 579 1940 ut
601 1907 725 1940 etiamsi
747 1912 819 1940 ante
844 1907 892 1939 vel
913 1913 985 1950 post
1009 1907 1052 1939 fa-

306 1966 372 1994 ctas
391 1971 503 1994 eorum
525 1961 641 2004 cuique
662 1960 900 2004 praedictarum
921 1960 1051 2003 pensio-

306 2025 384 2047 num
409 2020 463 2047 aut
493 2015 670 2053 fructuum,
693 2014 890 2052 reddituum,
914 2024 1052 2058 proven-

308 2074 398 2101 tuum
418 2078 474 2101 seu
494 2067 655 2100 honorum
687 2073 739 2100 aut
761 2067 968 2111 praediorum
1000 2078 1053 2099 ec—

308 2122 559 2155 clesiasticorum
572 2122 803 2155 reservationes
817 2128 845 2155 et
864 2121 1054 2164 assignatio-

309 2186 379 2216 nes,
414 2186 486 2208 cum
520 2175 659 2214 duabus,
693 2176 795 2208 tribus
829 2176 878 2208 vel
909 2175 1055 2219 pluribus

309 2229 485 2271 virginibus
505 2235 560 2262 aut.
578 2230 682 2262 viduis
702 2236 756 2263 aut
776 2230 846 2262 aliis
866 2230 1056 2262 mulieribus

310 2282 430 2326 pluries
451 2283 656 2316 matrimonia
681 2283 912 2321 contraxerint,
937 2283 1056 2316 nihilo—

312 2335 428 2375 minus,
445 2335 540 2368 etiam
562 2336 682 2379 absque
696 2336 757 2368 alia
778 2347 795 2368 a
816 2336 908 2369 nobis
931 2336 977 2368 vel
998 2346 1056 2380 pro

313 2394 456 2431 tempore
477 2389 627 2422 existente
644 2389 791 2422 Romano
811 2389 965 2422 Pontifice
985 2400 1058 2432 par-

314 2442 438 2474 ticulari
458 2442 633 2474 obtinenda
664 2442 793 2474 licentia
817 2448 869 2475 aut
892 2443 1057 2485 dispensa-

315 2495 410 2535 tione,
445 2495 614 2538 pensiones
645 2501 698 2528 aut
729 2496 865 2534 fructus,
900 2495 1055 2534 redditus,

314 2554 496 2593 proventus,
520 2548 690 2592 praediave
721 2555 773 2581 aut
799 2549 884 2581 bona
908 2548 1059 2581 ecclesia-

315 2602 392 2634 stica
412 2601 595 2645 supradicta
609 2601 653 2634 eis
674 2607 702 2635 et
724 2612 836 2635 eorum
858 2602 989 2635 cuilibet
1008 2612 1059 2634 re-

315 2655 452 2693 servari,
492 2661 523 2687 et
562 2655 593 2686 in
626 2665 739 2687 eorum
774 2655 915 2688 favorem
951 2655 1060 2697 vigore

315 2707 556 2751 privilegiorum
577 2708 816 2753 praedictorum
835 2708 1013 2748 transferri3
1031 2713 1062 2742 et

400 2779 479 2807 Bull.
500 2780 581 2808 Rom.
605 2780 664 2808 Vol.
685 2779 729 2808 IX
922 2779 956 2806 42

1073 359 1131 403 ipsi
1152 368 1281 402 quoque
1303 357 1411 400 vigore
1425 356 1614 390 eorumdem
1632 355 1815 400 privilegio-

1072 423 1143 445 rum
1165 413 1293 445 easdem
1314 411 1495 455 pensiones,
1513 411 1642 449 fructus,
1659 410 1813 449 redditus,

1072 471 1256 508 proventus,
1273 464 1405 508 praedia
1424 468 1478 496 aut
1498 463 1584 496 hona
1604 462 1818 495 ecclesiastica

1072 518 1248 561 percipere,
1266 518 1391 560 exigere
1412 523 1441 550 et
1462 517 1493 549 in
1515 526 1589 549 suos
1610 527 1686 548 usus
1707 521 1735 548 et
1755 515 1818 547 uti-

1073 571 1192 603 litatem
1215 576 1415 609 convertere,
1440 581 1476 603 ac
1496 570 1528 604 in
1550 570 1627 602 alias
1648 578 1819 613 quascum-

1073 635 1135 667 que
1155 635 1308 667 personas
1328 635 1386 668 per
1416 635 1448 657 se
1481 634 1536 657 seu
1568 623 1676 665 vigore
1707 622 1820 655 similis

1074 677 1187 710 indulti
1209 684 1261 710 aut
1282 677 1527 721 dispensationis
1548 687 1691 720 capaces,
1717 686 1819 719 quan-

1074 731 1279 774 documque,
1317 731 1412 763 etiam
1453 731 1485 763 in
1517 731 1629 763 mortis
1660 730 1817 771 articulo,

1074 784 1256 823 transferre,
1271 795 1307 816 ac
1327 784 1352 816 si
1366 784 1493 817 interim
1514 784 1634 828 pluries
1645 784 1821 816 successive

1075 837 1281 870 matrimonia
1317 849 1390 870 cum
1422 838 1599 879 virginibus
1635 843 1689 870 aut
1718 837 1822 870 viduis

1076 890 1122 922 vel
1148 890 1217 923 aliis
1239 890 1428 923 mulieribus
1455 890 1680 929 contraxerint,
1703 890 1821 922 nibilo-

1076 943 1182 976 minus
1202 943 1331 976 easdem
1352 944 1538 987 pensiones,
1562 945 1692 982 fructus,
1716 944 1823 976 reddi-

1077 1002 1136 1035 tus,
1161 1002 1345 1040 proventus,
1365 997 1496 1040 praedia
1516 1002 1544 1030 et
1566 997 1651 1029 bona
1672 996 1822 1029 ecclesia-

1076 1049 1153 1082 stica
1173 1049 1322 1087 retinere,
1346 1055 1380 1082 ut
1402 1050 1500 1093 prius,
1525 1056 1555 1083 et
1574 1050 1750 1093 percipere,
1774 1050 1823 1082 bi-

1077 1103 1183 1145 gamia
1214 1102 1416 1142 huiusmodi,
1452 1104 1548 1136 etiam
1580 1103 1760 1146 multiplici,
1795 1108 1825 1135 et

1078 1166 1282 1199 quacumque
1319 1156 1517 1189 inhabilitate
1554 1162 1581 1188 et
1615 1155 1825 1199 incapacitate

1079 1209 1152 1242 inde
1172 1210 1346 1243 resultante
1367 1216 1398 1242 et
1417 1209 1580 1253 quibusvis
1602 1209 1671 1242 aliis
1698 1214 1826 1241 contra-

1079 1263 1133 1295 riis
1153 1274 1359 1307 nequaquam
1381 1263 1592 1302 obstantibus,
1617 1263 1716 1295 libere
1738 1268 1767 1295 et
1788 1262 1826 1294 li-

1080 1317 1139 1350 cite
1159 1318 1295 1357 valeant,
1320 1318 1456 1360 gratiose
1479 1317 1712 1361 dispensamus.

1125 1371 1139 1413 §
1159 1370 1190 1403 4.
1207 1371 1420 1403 Decernentes
1440 1381 1498 1414 per
1518 1380 1757 1414 quamcumque
1777 1369 1827 1402 bi-

1081 1424 1232 1466 gamiam,
1249 1425 1345 1457 etiam
1359 1424 1583 1468 multiplicem,
1599 1423 1827 1468 supervenien-

1082 1483 1157 1516 tem,
1181 1478 1347 1521 privilegia
1366 1478 1530 1521 praedicta
1551 1477 1607 1514 eis,
1631 1483 1663 1510 ut
1685 1477 1827 1520 praefer-

1082 1536 1143 1568 tur,
1168 1541 1330 1571 concessa,
1347 1541 1383 1563 ac
1404 1531 1635 1563 reservationes
1656 1530 1700 1563 eis
1718 1530 1825 1568 factas,

1082 1584 1129 1616 vel
1151 1584 1314 1616 facultates
1335 1584 1557 1623 transferendi,
1575 1589 1627 1616 aut
1648 1583 1829 1615 translatio-

1083 1648 1138 1670 nes
1159 1637 1198 1669 ah
1221 1637 1289 1670 aliis
1310 1637 1341 1669 in
1363 1647 1474 1670 eorum
1496 1638 1637 1669 favorem
1655 1636 1827 1675 faciendas,

1083 1691 1271 1734 recipiendi,
1290 1691 1379 1723 nullo
1401 1691 1498 1723 modo
1520 1690 1675 1734 expirare,
1693 1700 1828 1729 cessare,

1084 1750 1135 1777 aut
1158 1750 1295 1777 cessatas
1315 1744 1363 1777 vel
1379 1744 1532 1776 extinctas
1546 1744 1612 1776 fore
1633 1749 1688 1776 aut
1708 1743 1770 1776 dici
1783 1743 1831 1775 vel

1085 1797 1207 1830 censeri
1220 1807 1328 1841 posse;
1346 1797 1610 1839 declarantesque
1624 1795 1719 1828 etiam
1736 1806 1832 1838 quas-

1085 1862 1224 1894 cumque
1254 1850 1426 1894 pensiones
1457 1856 1508 1882 aut
1535 1850 1656 1882 fructus
1681 1849 1832 1881 ecclesia-

1085 1904 1180 1936 sticos
1211 1904 1311 1936 aliave
1340 1903 1504 1947 praedicta
1536 1902 1631 1935 etiam
1661 1902 1739 1934 alias
1768 1911 1833 1934 nou

1086 1958 1184 1990 semel
1206 1963 1341 1997 tantum,
1370 1957 1425 1990 sed
1457 1956 1600 2000 saepius,
1623 1956 1733 1998 vigore
1754 1966 1833 1999 qua-

1086 2021 1301 2054 rumcumque
1315 2010 1502 2043 facultatum
1517 2015 1571 2042 aut
1590 2009 1834 2053 privilegiorum

1087 2065 1251 2109 quibusvis
1272 2064 1428 2108 personis,
1451 2064 1481 2096 in
1502 2072 1619 2106 genere
1640 2064 1688 2096 vel
1710 2063 1741 2096 in
1762 2073 1834 2107 spe⁴

1088 2118 1146 2157 cie,
1164 2118 1407 2162 quomodolibet
1422 2127 1648 2150 concessorum
1667 2117 1835 2149 translatas

1089 2177 1119 2204 et
1139 2172 1308 2204 translatos
1328 2169 1540 2203 nibilominus
1554 2170 1593 2202 de
1613 2179 1695 2202 novo
1716 2179 1774 2212 per
1787 2169 1835 2212 ip-

1089 2235 1140 2257 sos
1160 2225 1356 2257 Lauretanos
1377 2223 1494 2256 milites
1519 2223 1551 2255 in
1572 2223 1635 2255 rim
1656 2222 1837 2266 praedicto-

1089 2290 1161 2311 rum
1183 2277 1436 2322 privilegiorum,
1460 2277 1646 2309 facultatum
1679 2282 1707 2309 et
1730 2275 1837 2308 indul-

1091 2338 1197 2364 torum
1219 2331 1250 2363 in
1272 2331 1349 2363 alias
1368 2340 1523 2374 personas
1543 2330 1587 2363 eis
1607 2329 1784 2367 benevisas,
1804 2335 1838 2361 ut

1091 2386 1212 2419 dictum
1233 2390 1290 2425 est,
1316 2384 1478 2417 transferri
1498 2394 1603 2428 posse,
1627 2394 1662 2416 ac
1684 2394 1731 2421 ea,
1756 2393 1838 2427 quae

1092 2439 1292 2483 presentibus
1328 2437 1444 2471 nostris
1478 2437 1590 2470 litteris
1620 2436 1835 2475 continentur,

1093 2494 1131 2526 de
1152 2503 1234 2526 novo
1264 2503 1431 2529 concessa,
1463 2491 1625 2536 ampliata,
1661 2497 1788 2524 extensa
1810 2496 1840 2522 et

1093 2547 1255 2580 declarata
1283 2545 1460 2590 privilegia,
1493 2545 1621 2587 gratias,
1657 2544 1780 2577 indulta
1811 2549 1841 2575 et

1094 2599 1347 2644 dispensationes
1360 2609 1425 2632 non
1440 2599 1544 2632 solum
1566 2597 1778 2641 quadraginta
1796 2595 1840 2628 sic

1094 2664 1151 2698 per
1171 2654 1300 2687 easdem
1321 2658 1506 2697 praesentes
1539 2652 1662 2691 erectis,
1686 2652 1741 2684 sed
1772 2651 1841 2683 aliis

1095 2707 1240 2741 ducentis
1267 2712 1297 2740 et
1329 2707 1492 2749 sexaginta
1518 2705 1679 2750 prioribus
1703 2703 1840 2737 militum

1717 297 1781 331 329
1828 307 1878 334 An.
1897 307 1923 333 c.
1946 306 2014 334 1588

1870 1383 1969 1403 Decet-nit
1989 1386 2026 1407 per

1843 1410 2017 1436 qualemcumque

1842 1436 1957 1462 bigamiam
1979 1440 2027 1454 con·

1843 1469 1903 1484 cessa
1917 1461 2028 1488 privilegia

1844 1496 1884 1511 non
1899 1490 1974 1510 amitti.
