<?xml version="1.0" encoding="UTF-8"?>
<!DOCTYPE html PUBLIC "-//W3C//DTD XHTML 1.0 Transitional//EN"
    "http://www.w3.org/TR/xhtml1/DTD/xhtml1-transitional.dtd">
<html xmlns="http://www.w3.org/1999/xhtml" xml:lang="en" lang="en">
 <head>
  <title>
</title>
<meta http-equiv="Content-Type" content="text/html;charset=utf-8" />
  <meta name='ocr-system' content='tesseract 3.04.00' />
  <meta name='ocr-capabilities' content='ocr_page ocr_carea ocr_par ocr_line ocrx_word'/>
</head>
<body>
  <div class='ocr_page' id='page_1' title='image "./bullarumdiplomat09cath_0480.png"; bbox 0 0 2226 3070; ppageno 0'>
   <div class='ocr_carea' id='block_1_1' title="bbox 214 309 393 337">
    <p class='ocr_par' dir='ltr' id='par_1_1' title="bbox 214 309 393 337">
     <span class='ocr_line' id='line_1_1' title="bbox 214 309 393 337; baseline 0 0"><span class='ocrx_word' id='word_1_1' title='bbox 214 310 262 337; x_wconf 87' lang='lat' dir='ltr'>An.</span> <span class='ocrx_word' id='word_1_2' title='bbox 280 310 308 337; x_wconf 77' lang='lat' dir='ltr'>G.</span> <span class='ocrx_word' id='word_1_3' title='bbox 330 309 393 337; x_wconf 81' lang='grc'>1591</span> 
     </span>
    </p>
   </div>
   <div class='ocr_carea' id='block_1_2' title="bbox 222 1846 407 2055">
    <p class='ocr_par' dir='ltr' id='par_1_2' title="bbox 222 1846 407 2055">
     <span class='ocr_line' id='line_1_2' title="bbox 256 1846 405 1869; baseline -0.034 0"><span class='ocrx_word' id='word_1_4' title='bbox 256 1849 319 1869; x_wconf 72' lang='lat' dir='ltr'>lulius</span> <span class='ocrx_word' id='word_1_5' title='bbox 334 1847 360 1867; x_wconf 89' lang='lat'>111</span> <span class='ocrx_word' id='word_1_6' title='bbox 376 1846 405 1865; x_wconf 92' lang='lat' dir='ltr'>iu·</span> 
     </span>
     <span class='ocr_line' id='line_1_3' title="bbox 222 1875 406 1896; baseline -0.033 0"><span class='ocrx_word' id='word_1_7' title='bbox 222 1875 364 1896; x_wconf 65' lang='lat' dir='ltr'>risdictiencm</span> <span class='ocrx_word' id='word_1_8' title='bbox 373 1877 406 1891; x_wconf 75' lang='lat' dir='ltr'>co-</span> 
     </span>
     <span class='ocr_line' id='line_1_4' title="bbox 222 1900 407 1927; baseline -0.032 -4"><span class='ocrx_word' id='word_1_9' title='bbox 222 1900 336 1927; x_wconf 71' lang='lat' dir='ltr'>guest-endi</span> <span class='ocrx_word' id='word_1_10' title='bbox 359 1904 407 1918; x_wconf 76' lang='lat' dir='ltr'>cau-</span> 
     </span>
     <span class='ocr_line' id='line_1_5' title="bbox 222 1926 407 1949; baseline -0.027 0"><span class='ocrx_word' id='word_1_11' title='bbox 222 1935 256 1949; x_wconf 73' lang='lat' dir='ltr'>sas</span> <span class='ocrx_word' id='word_1_12' title='bbox 297 1926 407 1946; x_wconf 79' lang='lat' dir='ltr'>mulierum</span> 
     </span>
     <span class='ocr_line' id='line_1_6' title="bbox 222 1954 405 1975; baseline -0.022 0"><span class='ocrx_word' id='word_1_13' title='bbox 222 1955 344 1975; x_wconf 77' lang='lat' dir='ltr'>monialium</span> <span class='ocrx_word' id='word_1_14' title='bbox 387 1954 405 1971; x_wconf 83' lang='lat' dir='ltr'>et</span> 
     </span>
     <span class='ocr_line' id='line_1_7' title="bbox 222 1979 407 2005; baseline -0.027 -3"><span class='ocrx_word' id='word_1_15' title='bbox 222 1983 312 2002; x_wconf 81' lang='lat' dir='ltr'>monast.</span> <span class='ocrx_word' id='word_1_16' title='bbox 323 1979 407 2005; x_wconf 74' lang='lat' dir='ltr'>praedi-</span> 
     </span>
     <span class='ocr_line' id='line_1_8' title="bbox 223 2011 406 2028; baseline -0.022 0"><span class='ocrx_word' id='word_1_17' title='bbox 223 2011 303 2028; x_wconf 85' lang='lat' dir='ltr'>ctorum</span> <span class='ocrx_word' id='word_1_18' title='bbox 321 2011 406 2027; x_wconf 71' lang='lat' dir='ltr'>cences-</span> 
     </span>
     <span class='ocr_line' id='line_1_9' title="bbox 223 2037 256 2055; baseline -0.03 0"><span class='ocrx_word' id='word_1_19' title='bbox 223 2037 256 2055; x_wconf 78' lang='lat' dir='ltr'>sit.</span> 
     </span>
    </p>
   </div>
   <div class='ocr_carea' id='block_1_3' title="bbox 413 299 1167 2736">
    <p class='ocr_par' dir='ltr' id='par_1_3' title="bbox 413 299 1163 1716">
     <span class='ocr_line' id='line_1_10' title="bbox 443 299 508 332; baseline 0 0"><span class='ocrx_word' id='word_1_20' title='bbox 443 299 508 332; x_wconf 53' lang='lat'><em>[1152</em></span> 
     </span>
     <span class='ocr_line' id='line_1_11' title="bbox 413 352 1152 399; baseline -0.008 -9"><span class='ocrx_word' id='word_1_21' title='bbox 413 357 555 391; x_wconf 89' lang='lat' dir='ltr'>eiusdem</span> <span class='ocrx_word' id='word_1_22' title='bbox 590 354 855 399; x_wconf 76' lang='lat' dir='ltr'>praedecessoris,</span> <span class='ocrx_word' id='word_1_23' title='bbox 890 358 1014 396; x_wconf 84' lang='lat' dir='ltr'>partem</span> <span class='ocrx_word' id='word_1_24' title='bbox 1050 352 1152 385; x_wconf 88' lang='lat' dir='ltr'>dictae</span> 
     </span>
     <span class='ocr_line' id='line_1_12' title="bbox 413 405 1152 444; baseline -0.009 -2"><span class='ocrx_word' id='word_1_25' title='bbox 413 411 528 443; x_wconf 85' lang='lat' dir='ltr'>domus</span> <span class='ocrx_word' id='word_1_26' title='bbox 549 409 580 441; x_wconf 92' lang='lat' dir='ltr'>in</span> <span class='ocrx_word' id='word_1_27' title='bbox 602 407 832 441; x_wconf 88' lang='lat' dir='ltr'>monasterium</span> <span class='ocrx_word' id='word_1_28' title='bbox 865 405 1070 444; x_wconf 87' lang='lat' dir='ltr'>monialium,</span> <span class='ocrx_word' id='word_1_29' title='bbox 1094 405 1152 437; x_wconf 86' lang='lat' dir='ltr'>sub</span> 
     </span>
     <span class='ocr_line' id='line_1_13' title="bbox 414 460 1152 501; baseline -0.007 -6"><span class='ocrx_word' id='word_1_30' title='bbox 414 463 614 495; x_wconf 84' lang='lat' dir='ltr'>invocatione</span> <span class='ocrx_word' id='word_1_31' title='bbox 635 462 767 494; x_wconf 83' lang='lat' dir='ltr'>Sanctae</span> <span class='ocrx_word' id='word_1_32' title='bbox 787 460 938 498; x_wconf 84' lang='lat' dir='ltr'>Marthae,</span> <span class='ocrx_word' id='word_1_33' title='bbox 962 469 1019 501; x_wconf 88' lang='lat' dir='ltr'>per</span> <span class='ocrx_word' id='word_1_34' title='bbox 1044 464 1152 501; x_wconf 84' lang='lat' dir='ltr'>prote-</span> 
     </span>
     <span class='ocr_line' id='line_1_14' title="bbox 414 512 1150 555; baseline -0.008 -6"><span class='ocrx_word' id='word_1_35' title='bbox 414 522 534 549; x_wconf 81' lang='lat' dir='ltr'>ctorem</span> <span class='ocrx_word' id='word_1_36' title='bbox 555 522 585 547; x_wconf 87' lang='lat' dir='ltr'>et</span> <span class='ocrx_word' id='word_1_37' title='bbox 605 515 779 547; x_wconf 70' lang='lat' dir='ltr'>confratres</span> <span class='ocrx_word' id='word_1_38' title='bbox 803 512 984 555; x_wconf 84' lang='lat' dir='ltr'>praedictos</span> <span class='ocrx_word' id='word_1_39' title='bbox 1005 512 1150 549; x_wconf 86' lang='lat' dir='ltr'>electam,</span> 
     </span>
     <span class='ocr_line' id='line_1_15' title="bbox 414 565 1154 605; baseline -0.005 -4"><span class='ocrx_word' id='word_1_40' title='bbox 414 581 486 601; x_wconf 81' lang='lat' dir='ltr'>cuni</span> <span class='ocrx_word' id='word_1_41' title='bbox 505 568 647 605; x_wconf 81' lang='lat' dir='ltr'>ecelesia,</span> <span class='ocrx_word' id='word_1_42' title='bbox 663 568 811 603; x_wconf 84' lang='lat' dir='ltr'>claustro,</span> <span class='ocrx_word' id='word_1_43' title='bbox 828 565 1016 598; x_wconf 90' lang='lat' dir='ltr'>dormitorio</span> <span class='ocrx_word' id='word_1_44' title='bbox 1035 571 1065 597; x_wconf 89' lang='lat' dir='ltr'>et</span> <span class='ocrx_word' id='word_1_45' title='bbox 1085 565 1154 597; x_wconf 91' lang='lat' dir='ltr'>aliis</span> 
     </span>
     <span class='ocr_line' id='line_1_16' title="bbox 414 617 1155 662; baseline -0.007 -9"><span class='ocrx_word' id='word_1_46' title='bbox 414 620 611 656; x_wconf 83' lang='lat' dir='ltr'>necessariis,</span> <span class='ocrx_word' id='word_1_47' title='bbox 635 630 693 662; x_wconf 87' lang='lat' dir='ltr'>pro</span> <span class='ocrx_word' id='word_1_48' title='bbox 711 629 774 651; x_wconf 89' lang='lat' dir='ltr'>una</span> <span class='ocrx_word' id='word_1_49' title='bbox 803 617 962 650; x_wconf 76' lang='lat' dir='ltr'>abbatissa</span> <span class='ocrx_word' id='word_1_50' title='bbox 992 628 1050 660; x_wconf 89' lang='lat' dir='ltr'>per</span> <span class='ocrx_word' id='word_1_51' title='bbox 1077 627 1155 649; x_wconf 91' lang='lat' dir='ltr'>eun-</span> 
     </span>
     <span class='ocr_line' id='line_1_17' title="bbox 415 672 1154 716; baseline -0.007 -9"><span class='ocrx_word' id='word_1_52' title='bbox 415 676 487 707; x_wconf 87' lang='lat' dir='ltr'>dem</span> <span class='ocrx_word' id='word_1_53' title='bbox 509 673 714 716; x_wconf 86' lang='lat' dir='ltr'>Rodulphum</span> <span class='ocrx_word' id='word_1_54' title='bbox 733 672 928 705; x_wconf 87' lang='lat' dir='ltr'>cardinalem</span> <span class='ocrx_word' id='word_1_55' title='bbox 950 677 978 704; x_wconf 90' lang='lat' dir='ltr'>et</span> <span class='ocrx_word' id='word_1_56' title='bbox 997 681 1055 714; x_wconf 90' lang='lat' dir='ltr'>pro</span> <span class='ocrx_word' id='word_1_57' title='bbox 1074 676 1154 704; x_wconf 89' lang='lat' dir='ltr'>tem-</span> 
     </span>
     <span class='ocr_line' id='line_1_18' title="bbox 414 724 1156 771; baseline -0.007 -11"><span class='ocrx_word' id='word_1_58' title='bbox 414 738 491 771; x_wconf 87' lang='lat' dir='ltr'>pore</span> <span class='ocrx_word' id='word_1_59' title='bbox 509 727 695 759; x_wconf 84' lang='lat' dir='ltr'>existentem</span> <span class='ocrx_word' id='word_1_60' title='bbox 715 731 931 769; x_wconf 70' lang='lat' dir='ltr'>protectorem</span> <span class='ocrx_word' id='word_1_61' title='bbox 952 724 1050 768; x_wconf 82' lang='lat' dir='ltr'>ipsius</span> <span class='ocrx_word' id='word_1_62' title='bbox 1080 735 1156 757; x_wconf 84' lang='lat' dir='ltr'>con-</span> 
     </span>
     <span class='ocr_line' id='line_1_19' title="bbox 415 778 1152 822; baseline -0.004 -10"><span class='ocrx_word' id='word_1_63' title='bbox 415 779 628 815; x_wconf 81' lang='lat' dir='ltr'>fraternitatis,</span> <span class='ocrx_word' id='word_1_64' title='bbox 663 784 818 822; x_wconf 88' lang='lat' dir='ltr'>perpetuo</span> <span class='ocrx_word' id='word_1_65' title='bbox 849 789 905 810; x_wconf 89' lang='lat' dir='ltr'>scu</span> <span class='ocrx_word' id='word_1_66' title='bbox 940 778 980 810; x_wconf 90' lang='lat' dir='ltr'>ad</span> <span class='ocrx_word' id='word_1_67' title='bbox 1017 783 1152 820; x_wconf 88' lang='lat' dir='ltr'>tempus,</span> 
     </span>
     <span class='ocr_line' id='line_1_20' title="bbox 414 830 1152 876; baseline -0.003 -12"><span class='ocrx_word' id='word_1_68' title='bbox 414 838 509 876; x_wconf 89' lang='lat' dir='ltr'>prout</span> <span class='ocrx_word' id='word_1_69' title='bbox 530 832 587 875; x_wconf 86' lang='lat' dir='ltr'>ipsi</span> <span class='ocrx_word' id='word_1_70' title='bbox 605 831 779 875; x_wconf 89' lang='lat' dir='ltr'>protectori</span> <span class='ocrx_word' id='word_1_71' title='bbox 800 831 971 871; x_wconf 82' lang='lat' dir='ltr'>videretur,</span> <span class='ocrx_word' id='word_1_72' title='bbox 995 830 1152 872; x_wconf 69' lang='lat' dir='ltr'>eligenda,</span> 
     </span>
     <span class='ocr_line' id='line_1_21' title="bbox 415 877 1155 928; baseline -0.004 -10"><span class='ocrx_word' id='word_1_73' title='bbox 415 897 451 918; x_wconf 87' lang='lat' dir='ltr'>ac</span> <span class='ocrx_word' id='word_1_74' title='bbox 471 896 528 928; x_wconf 85' lang='lat' dir='ltr'>per</span> <span class='ocrx_word' id='word_1_75' title='bbox 548 890 690 918; x_wconf 86' lang='lat' dir='ltr'>caeteras</span> <span class='ocrx_word' id='word_1_76' title='bbox 708 885 863 917; x_wconf 75' lang='lat' dir='ltr'>moniales</span> <span class='ocrx_word' id='word_1_77' title='bbox 877 877 1110 921; x_wconf 82' lang='lat' dir='ltr'>confirmanda,</span> <span class='ocrx_word' id='word_1_78' title='bbox 1127 889 1155 916; x_wconf 92' lang='lat' dir='ltr'>et</span> 
     </span>
     <span class='ocr_line' id='line_1_22' title="bbox 415 938 1156 972; baseline -0.004 -1"><span class='ocrx_word' id='word_1_79' title='bbox 415 939 485 972; x_wconf 88' lang='lat' dir='ltr'>aliis</span> <span class='ocrx_word' id='word_1_80' title='bbox 510 939 700 971; x_wconf 88' lang='lat' dir='ltr'>mulieribus</span> <span class='ocrx_word' id='word_1_81' title='bbox 724 939 764 971; x_wconf 89' lang='lat' dir='ltr'>ad</span> <span class='ocrx_word' id='word_1_82' title='bbox 796 938 915 971; x_wconf 88' lang='lat' dir='ltr'>dictam</span> <span class='ocrx_word' id='word_1_83' title='bbox 945 938 1078 970; x_wconf 89' lang='lat' dir='ltr'>domum</span> <span class='ocrx_word' id='word_1_84' title='bbox 1104 947 1156 969; x_wconf 87' lang='lat' dir='ltr'>ac-</span> 
     </span>
     <span class='ocr_line' id='line_1_23' title="bbox 416 989 1156 1033; baseline -0.004 -8"><span class='ocrx_word' id='word_1_85' title='bbox 416 992 551 1026; x_wconf 79' lang='lat' dir='ltr'>cessuris</span> <span class='ocrx_word' id='word_1_86' title='bbox 577 998 607 1025; x_wconf 89' lang='lat' dir='ltr'>et</span> <span class='ocrx_word' id='word_1_87' title='bbox 636 992 837 1033; x_wconf 74' lang='lat' dir='ltr'>Religionem</span> <span class='ocrx_word' id='word_1_88' title='bbox 869 990 1074 1033; x_wconf 75' lang='lat' dir='ltr'>ingressuris,</span> <span class='ocrx_word' id='word_1_89' title='bbox 1098 989 1156 1022; x_wconf 87' lang='lat' dir='ltr'>sub</span> 
     </span>
     <span class='ocr_line' id='line_1_24' title="bbox 416 1045 1158 1087; baseline -0.004 -8"><span class='ocrx_word' id='word_1_90' title='bbox 416 1046 508 1080; x_wconf 89' lang='lat' dir='ltr'>certis</span> <span class='ocrx_word' id='word_1_91' title='bbox 526 1047 624 1079; x_wconf 90' lang='lat' dir='ltr'>modo</span> <span class='ocrx_word' id='word_1_92' title='bbox 645 1051 674 1079; x_wconf 89' lang='lat' dir='ltr'>ct</span> <span class='ocrx_word' id='word_1_93' title='bbox 694 1046 796 1078; x_wconf 86' lang='lat' dir='ltr'>forma</span> <span class='ocrx_word' id='word_1_94' title='bbox 817 1050 891 1077; x_wconf 89' lang='lat' dir='ltr'>tunc</span> <span class='ocrx_word' id='word_1_95' title='bbox 918 1045 1011 1077; x_wconf 87' lang='lat' dir='ltr'>latius</span> <span class='ocrx_word' id='word_1_96' title='bbox 1032 1055 1158 1087; x_wconf 88' lang='lat' dir='ltr'>expres-</span> 
     </span>
     <span class='ocr_line' id='line_1_25' title="bbox 415 1098 1159 1143; baseline -0.004 -11"><span class='ocrx_word' id='word_1_97' title='bbox 415 1100 468 1140; x_wconf 86' lang='lat' dir='ltr'>sis,</span> <span class='ocrx_word' id='word_1_98' title='bbox 492 1105 648 1143; x_wconf 87' lang='lat' dir='ltr'>perpetuo</span> <span class='ocrx_word' id='word_1_99' title='bbox 670 1099 768 1131; x_wconf 87' lang='lat' dir='ltr'>erexit</span> <span class='ocrx_word' id='word_1_100' title='bbox 788 1104 818 1131; x_wconf 91' lang='lat' dir='ltr'>et</span> <span class='ocrx_word' id='word_1_101' title='bbox 838 1098 982 1137; x_wconf 86' lang='lat' dir='ltr'>instituit,</span> <span class='ocrx_word' id='word_1_102' title='bbox 1007 1103 1035 1130; x_wconf 89' lang='lat' dir='ltr'>ct</span> <span class='ocrx_word' id='word_1_103' title='bbox 1062 1098 1159 1130; x_wconf 89' lang='lat' dir='ltr'>abba-</span> 
     </span>
     <span class='ocr_line' id='line_1_26' title="bbox 417 1150 1157 1194; baseline -0.004 -10"><span class='ocrx_word' id='word_1_104' title='bbox 417 1152 525 1185; x_wconf 89' lang='lat' dir='ltr'>tissam</span> <span class='ocrx_word' id='word_1_105' title='bbox 546 1151 702 1194; x_wconf 68' lang='lat' dir='ltr'>eligendi,</span> <span class='ocrx_word' id='word_1_106' title='bbox 727 1157 756 1184; x_wconf 89' lang='lat' dir='ltr'>et</span> <span class='ocrx_word' id='word_1_107' title='bbox 788 1151 982 1183; x_wconf 78' lang='lat' dir='ltr'>monialibus</span> <span class='ocrx_word' id='word_1_108' title='bbox 1013 1150 1157 1182; x_wconf 88' lang='lat' dir='ltr'>habitum</span> 
     </span>
     <span class='ocr_line' id='line_1_27' title="bbox 417 1203 1155 1248; baseline -0.004 -10"><span class='ocrx_word' id='word_1_109' title='bbox 417 1205 586 1239; x_wconf 85' lang='lat' dir='ltr'>exhibendi</span> <span class='ocrx_word' id='word_1_110' title='bbox 607 1205 694 1237; x_wconf 86' lang='lat' dir='ltr'>acad</span> <span class='ocrx_word' id='word_1_111' title='bbox 715 1204 947 1248; x_wconf 78' lang='lat' dir='ltr'>professionem</span> <span class='ocrx_word' id='word_1_112' title='bbox 968 1203 1155 1246; x_wconf 78' lang='lat' dir='ltr'>reeipiendi,</span> 
     </span>
     <span class='ocr_line' id='line_1_28' title="bbox 417 1256 1160 1301; baseline -0.004 -10"><span class='ocrx_word' id='word_1_113' title='bbox 417 1258 522 1291; x_wconf 85' lang='lat' dir='ltr'>eidem</span> <span class='ocrx_word' id='word_1_114' title='bbox 543 1257 714 1301; x_wconf 75' lang='lat' dir='ltr'>Rodulpllo</span> <span class='ocrx_word' id='word_1_115' title='bbox 735 1257 888 1290; x_wconf 85' lang='lat' dir='ltr'>cardinali</span> <span class='ocrx_word' id='word_1_116' title='bbox 909 1256 1083 1300; x_wconf 86' lang='lat' dir='ltr'>protectori</span> <span class='ocrx_word' id='word_1_117' title='bbox 1104 1267 1160 1299; x_wconf 87' lang='lat' dir='ltr'>per</span> 
     </span>
     <span class='ocr_line' id='line_1_29' title="bbox 417 1310 1160 1354; baseline -0.004 -9"><span class='ocrx_word' id='word_1_118' title='bbox 417 1312 567 1345; x_wconf 89' lang='lat' dir='ltr'>eumdem</span> <span class='ocrx_word' id='word_1_119' title='bbox 592 1312 872 1354; x_wconf 76' lang='lat' dir='ltr'>praedecessorem</span> <span class='ocrx_word' id='word_1_120' title='bbox 904 1310 998 1353; x_wconf 86' lang='lat' dir='ltr'>plena</span> <span class='ocrx_word' id='word_1_121' title='bbox 1028 1310 1160 1342; x_wconf 87' lang='lat' dir='ltr'>facultas</span> 
     </span>
     <span class='ocr_line' id='line_1_30' title="bbox 418 1363 1156 1399; baseline -0.005 -1"><span class='ocrx_word' id='word_1_122' title='bbox 418 1376 568 1399; x_wconf 87' lang='lat' dir='ltr'>concessa</span> <span class='ocrx_word' id='word_1_123' title='bbox 596 1365 663 1397; x_wconf 87' lang='lat' dir='ltr'>suit.</span> <span class='ocrx_word' id='word_1_124' title='bbox 689 1365 819 1397; x_wconf 78' lang='lat' dir='ltr'>Necnon</span> <span class='ocrx_word' id='word_1_125' title='bbox 851 1363 1156 1399; x_wconf 78' lang='lat' dir='ltr'>confraternitatem,</span> 
     </span>
     <span class='ocr_line' id='line_1_31' title="bbox 418 1416 1161 1452; baseline -0.004 -1"><span class='ocrx_word' id='word_1_126' title='bbox 418 1420 551 1452; x_wconf 90' lang='lat' dir='ltr'>domum</span> <span class='ocrx_word' id='word_1_127' title='bbox 564 1424 594 1451; x_wconf 88' lang='lat' dir='ltr'>et</span> <span class='ocrx_word' id='word_1_128' title='bbox 608 1417 839 1450; x_wconf 85' lang='lat' dir='ltr'>monasterium</span> <span class='ocrx_word' id='word_1_129' title='bbox 851 1417 881 1450; x_wconf 81' lang='lat' dir='ltr'>S.</span> <span class='ocrx_word' id='word_1_130' title='bbox 898 1417 1038 1449; x_wconf 83' lang='lat' dir='ltr'>Marthae</span> <span class='ocrx_word' id='word_1_131' title='bbox 1051 1416 1161 1448; x_wconf 89' lang='lat' dir='ltr'>huius—</span> 
     </span>
     <span class='ocr_line' id='line_1_32' title="bbox 418 1468 1161 1513; baseline -0.005 -9"><span class='ocrx_word' id='word_1_132' title='bbox 418 1471 506 1504; x_wconf 88' lang='lat' dir='ltr'>modi</span> <span class='ocrx_word' id='word_1_133' title='bbox 525 1480 702 1513; x_wconf 89' lang='lat' dir='ltr'>corumque</span> <span class='ocrx_word' id='word_1_134' title='bbox 719 1470 805 1502; x_wconf 85' lang='lat' dir='ltr'>bona</span> <span class='ocrx_word' id='word_1_135' title='bbox 815 1469 873 1501; x_wconf 88' lang='lat' dir='ltr'>sub</span> <span class='ocrx_word' id='word_1_136' title='bbox 888 1468 1089 1512; x_wconf 85' lang='lat' dir='ltr'>protectione</span> <span class='ocrx_word' id='word_1_137' title='bbox 1100 1469 1161 1501; x_wconf 86' lang='lat' dir='ltr'>Ro-</span> 
     </span>
     <span class='ocr_line' id='line_1_33' title="bbox 418 1521 1161 1565; baseline -0.005 -9"><span class='ocrx_word' id='word_1_138' title='bbox 418 1524 505 1556; x_wconf 89' lang='lat' dir='ltr'>mani</span> <span class='ocrx_word' id='word_1_139' title='bbox 525 1522 689 1556; x_wconf 79' lang='lat' dir='ltr'>Pontiticis</span> <span class='ocrx_word' id='word_1_140' title='bbox 709 1528 739 1555; x_wconf 90' lang='lat' dir='ltr'>et</span> <span class='ocrx_word' id='word_1_141' title='bbox 758 1532 816 1565; x_wconf 88' lang='lat' dir='ltr'>pro</span> <span class='ocrx_word' id='word_1_142' title='bbox 835 1527 980 1564; x_wconf 88' lang='lat' dir='ltr'>tempore</span> <span class='ocrx_word' id='word_1_143' title='bbox 1001 1521 1161 1553; x_wconf 79' lang='lat' dir='ltr'>existentis</span> 
     </span>
     <span class='ocr_line' id='line_1_34' title="bbox 418 1574 1161 1621; baseline -0.007 -11"><span class='ocrx_word' id='word_1_144' title='bbox 418 1576 607 1621; x_wconf 89' lang='lat' dir='ltr'>protectoris</span> <span class='ocrx_word' id='word_1_145' title='bbox 633 1575 764 1618; x_wconf 84' lang='lat' dir='ltr'>recepit,</span> <span class='ocrx_word' id='word_1_146' title='bbox 788 1586 824 1607; x_wconf 89' lang='lat' dir='ltr'>ac</span> <span class='ocrx_word' id='word_1_147' title='bbox 851 1574 1064 1610; x_wconf 80' lang='lat' dir='ltr'>obedientiae.</span> <span class='ocrx_word' id='word_1_148' title='bbox 1090 1584 1161 1606; x_wconf 91' lang='lat' dir='ltr'>cor—</span> 
     </span>
     <span class='ocr_line' id='line_1_35' title="bbox 419 1627 1163 1669; baseline -0.007 -6"><span class='ocrx_word' id='word_1_149' title='bbox 419 1630 553 1663; x_wconf 87' lang='lat' dir='ltr'>rectioni</span> <span class='ocrx_word' id='word_1_150' title='bbox 565 1635 593 1662; x_wconf 88' lang='lat' dir='ltr'>et</span> <span class='ocrx_word' id='word_1_151' title='bbox 606 1628 775 1661; x_wconf 75' lang='lat' dir='ltr'>visitationi</span> <span class='ocrx_word' id='word_1_152' title='bbox 788 1628 872 1660; x_wconf 88' lang='lat' dir='ltr'>illius</span> <span class='ocrx_word' id='word_1_153' title='bbox 884 1627 993 1660; x_wconf 76' lang='lat' dir='ltr'>vicarii</span> <span class='ocrx_word' id='word_1_154' title='bbox 1005 1627 1163 1669; x_wconf 67' lang='lat' dir='ltr'>generalis</span> 
     </span>
     <span class='ocr_line' id='line_1_36' title="bbox 419 1681 1159 1716; baseline -0.004 -1"><span class='ocrx_word' id='word_1_155' title='bbox 419 1683 561 1716; x_wconf 87' lang='lat' dir='ltr'>subiecta</span> <span class='ocrx_word' id='word_1_156' title='bbox 578 1683 645 1715; x_wconf 90' lang='lat' dir='ltr'>fore</span> <span class='ocrx_word' id='word_1_157' title='bbox 660 1688 689 1714; x_wconf 89' lang='lat' dir='ltr'>et</span> <span class='ocrx_word' id='word_1_158' title='bbox 701 1692 767 1714; x_wconf 87' lang='lat' dir='ltr'>esse</span> <span class='ocrx_word' id='word_1_159' title='bbox 784 1681 921 1714; x_wconf 69' lang='lat' dir='ltr'>decrevit</span> <span class='ocrx_word' id='word_1_160' title='bbox 936 1686 966 1713; x_wconf 88' lang='lat' dir='ltr'>et</span> <span class='ocrx_word' id='word_1_161' title='bbox 979 1681 1159 1713; x_wconf 79' lang='lat' dir='ltr'>declaravit.</span> 
     </span>
    </p>

    <p class='ocr_par' dir='ltr' id='par_1_4' title="bbox 420 1735 1167 2736">
     <span class='ocr_line' id='line_1_37' title="bbox 465 1735 1164 1779; baseline -0.004 -10"><span class='ocrx_word' id='word_1_162' title='bbox 465 1738 480 1779; x_wconf 57' lang='grc' dir='ltr'><strong>ἓ</strong></span> <span class='ocrx_word' id='word_1_163' title='bbox 504 1736 534 1769; x_wconf 82' lang='lat'>3.</span> <span class='ocrx_word' id='word_1_164' title='bbox 568 1737 604 1768; x_wconf 87' lang='lat' dir='ltr'>Et</span> <span class='ocrx_word' id='word_1_165' title='bbox 626 1735 741 1767; x_wconf 86' lang='lat' dir='ltr'>deinde</span> <span class='ocrx_word' id='word_1_166' title='bbox 761 1735 831 1778; x_wconf 87' lang='lat' dir='ltr'>piae</span> <span class='ocrx_word' id='word_1_167' title='bbox 864 1735 1038 1767; x_wconf 81' lang='lat' dir='ltr'>memoriae</span> <span class='ocrx_word' id='word_1_168' title='bbox 1067 1735 1164 1767; x_wconf 89' lang='lat' dir='ltr'>Iulius</span> 
     </span>
     <span class='ocr_line' id='line_1_38' title="bbox 420 1787 1164 1833; baseline -0.005 -10"><span class='ocrx_word' id='word_1_169' title='bbox 420 1791 505 1833; x_wconf 84' lang='lat' dir='ltr'>Papa</span> <span class='ocrx_word' id='word_1_170' title='bbox 523 1789 618 1822; x_wconf 88' lang='lat' dir='ltr'>etiam</span> <span class='ocrx_word' id='word_1_171' title='bbox 638 1789 688 1828; x_wconf 82' lang='grc' dir='ltr'>ΙΙΙ,</span> <span class='ocrx_word' id='word_1_172' title='bbox 705 1798 763 1831; x_wconf 92' lang='lat' dir='ltr'>pro</span> <span class='ocrx_word' id='word_1_173' title='bbox 784 1787 898 1819; x_wconf 89' lang='lat' dir='ltr'>maiori</span> <span class='ocrx_word' id='word_1_174' title='bbox 920 1787 1077 1820; x_wconf 86' lang='lat' dir='ltr'>dictarum</span> <span class='ocrx_word' id='word_1_175' title='bbox 1096 1798 1164 1819; x_wconf 92' lang='lat' dir='ltr'>mu-</span> 
     </span>
     <span class='ocr_line' id='line_1_39' title="bbox 421 1841 1165 1885; baseline -0.004 -10"><span class='ocrx_word' id='word_1_176' title='bbox 421 1843 536 1875; x_wconf 89' lang='lat' dir='ltr'>lierum</span> <span class='ocrx_word' id='word_1_177' title='bbox 558 1842 663 1885; x_wconf 85' lang='lat' dir='ltr'>quiete</span> <span class='ocrx_word' id='word_1_178' title='bbox 679 1869 686 1881; x_wconf 95' lang='lat'>,</span> <span class='ocrx_word' id='word_1_179' title='bbox 710 1841 814 1873; x_wconf 87' lang='lat' dir='ltr'>eidem</span> <span class='ocrx_word' id='word_1_180' title='bbox 835 1841 1006 1884; x_wconf 83' lang='lat' dir='ltr'>Rodulpho</span> <span class='ocrx_word' id='word_1_181' title='bbox 1035 1841 1165 1884; x_wconf 75' lang='lat' dir='ltr'>presby-</span> 
     </span>
     <span class='ocr_line' id='line_1_40' title="bbox 422 1893 1164 1937; baseline -0.005 -8"><span class='ocrx_word' id='word_1_182' title='bbox 422 1902 490 1929; x_wconf 88' lang='lat' dir='ltr'>tero</span> <span class='ocrx_word' id='word_1_183' title='bbox 521 1894 675 1928; x_wconf 79' lang='lat' dir='ltr'>cardinali</span> <span class='ocrx_word' id='word_1_184' title='bbox 706 1899 736 1927; x_wconf 89' lang='lat' dir='ltr'>et</span> <span class='ocrx_word' id='word_1_185' title='bbox 766 1904 824 1937; x_wconf 91' lang='lat' dir='ltr'>pro</span> <span class='ocrx_word' id='word_1_186' title='bbox 846 1899 990 1936; x_wconf 84' lang='lat' dir='ltr'>tempore</span> <span class='ocrx_word' id='word_1_187' title='bbox 1021 1893 1164 1926; x_wconf 74' lang='lat' dir='ltr'>existenti</span> 
     </span>
     <span class='ocr_line' id='line_1_41' title="bbox 422 1946 1161 1993; baseline -0.007 -11"><span class='ocrx_word' id='word_1_188' title='bbox 422 1948 607 1993; x_wconf 83' lang='lat' dir='ltr'>protectori,</span> <span class='ocrx_word' id='word_1_189' title='bbox 631 1959 667 1980; x_wconf 85' lang='lat' dir='ltr'>ae</span> <span class='ocrx_word' id='word_1_190' title='bbox 688 1946 947 1990; x_wconf 81' lang='lat' dir='ltr'>vice-protectori</span> <span class='ocrx_word' id='word_1_191' title='bbox 965 1946 1161 1985; x_wconf 80' lang='lat' dir='ltr'>monasterii,</span> 
     </span>
     <span class='ocr_line' id='line_1_42' title="bbox 423 1999 1165 2043; baseline -0.005 -8"><span class='ocrx_word' id='word_1_192' title='bbox 423 2003 538 2035; x_wconf 89' lang='lat' dir='ltr'>domus</span> <span class='ocrx_word' id='word_1_193' title='bbox 547 2008 575 2034; x_wconf 88' lang='lat' dir='ltr'>ct</span> <span class='ocrx_word' id='word_1_194' title='bbox 586 2000 854 2034; x_wconf 79' lang='lat' dir='ltr'>confraternitatis</span> <span class='ocrx_word' id='word_1_195' title='bbox 862 1999 1044 2043; x_wconf 81' lang='lat' dir='ltr'>praedictae</span> <span class='ocrx_word' id='word_1_196' title='bbox 1054 2010 1165 2032; x_wconf 89' lang='lat' dir='ltr'>omnes</span> 
     </span>
     <span class='ocr_line' id='line_1_43' title="bbox 423 2052 1165 2096; baseline -0.004 -9"><span class='ocrx_word' id='word_1_197' title='bbox 423 2061 451 2088; x_wconf 91' lang='lat' dir='ltr'>et</span> <span class='ocrx_word' id='word_1_198' title='bbox 473 2055 613 2096; x_wconf 78' lang='lat' dir='ltr'>singulas</span> <span class='ocrx_word' id='word_1_199' title='bbox 630 2064 752 2093; x_wconf 82' lang='lat' dir='ltr'>causas,</span> <span class='ocrx_word' id='word_1_200' title='bbox 765 2052 968 2096; x_wconf 86' lang='lat' dir='ltr'>quaestiones</span> <span class='ocrx_word' id='word_1_201' title='bbox 989 2058 1017 2085; x_wconf 89' lang='lat' dir='ltr'>et</span> <span class='ocrx_word' id='word_1_202' title='bbox 1039 2058 1165 2085; x_wconf 88' lang='lat' dir='ltr'>contro-</span> 
     </span>
     <span class='ocr_line' id='line_1_44' title="bbox 421 2106 1161 2145; baseline -0.001 -5"><span class='ocrx_word' id='word_1_203' title='bbox 421 2108 550 2145; x_wconf 72' lang='lat' dir='ltr'>vei-sias,</span> <span class='ocrx_word' id='word_1_204' title='bbox 574 2107 681 2140; x_wconf 78' lang='lat' dir='ltr'>civiles</span> <span class='ocrx_word' id='word_1_205' title='bbox 702 2112 731 2139; x_wconf 90' lang='lat' dir='ltr'>et</span> <span class='ocrx_word' id='word_1_206' title='bbox 751 2106 934 2139; x_wconf 75' lang='lat' dir='ltr'>criminales</span> <span class='ocrx_word' id='word_1_207' title='bbox 963 2116 999 2138; x_wconf 87' lang='lat' dir='ltr'>ac</span> <span class='ocrx_word' id='word_1_208' title='bbox 1028 2106 1161 2144; x_wconf 77' lang='lat' dir='ltr'>mixtas,</span> 
     </span>
     <span class='ocr_line' id='line_1_45' title="bbox 422 2159 1165 2204; baseline -0.004 -10"><span class='ocrx_word' id='word_1_209' title='bbox 422 2172 518 2204; x_wconf 89' lang='lat' dir='ltr'>super</span> <span class='ocrx_word' id='word_1_210' title='bbox 532 2161 670 2201; x_wconf 82' lang='lat' dir='ltr'>dotibus,</span> <span class='ocrx_word' id='word_1_211' title='bbox 686 2160 782 2192; x_wconf 87' lang='lat' dir='ltr'>rebus</span> <span class='ocrx_word' id='word_1_212' title='bbox 802 2165 832 2192; x_wconf 89' lang='lat' dir='ltr'>et</span> <span class='ocrx_word' id='word_1_213' title='bbox 851 2159 944 2191; x_wconf 90' lang='lat' dir='ltr'>bonis</span> <span class='ocrx_word' id='word_1_214' title='bbox 958 2159 1165 2202; x_wconf 81' lang='lat' dir='ltr'>quibuscum-</span> 
     </span>
     <span class='ocr_line' id='line_1_46' title="bbox 423 2212 1163 2258; baseline -0.003 -12"><span class='ocrx_word' id='word_1_215' title='bbox 423 2225 485 2258; x_wconf 91' lang='lat' dir='ltr'>que</span> <span class='ocrx_word' id='word_1_216' title='bbox 503 2213 686 2253; x_wconf 79' lang='lat' dir='ltr'>mulierum,</span> <span class='ocrx_word' id='word_1_217' title='bbox 710 2212 899 2245; x_wconf 90' lang='lat' dir='ltr'>monialium</span> <span class='ocrx_word' id='word_1_218' title='bbox 921 2218 949 2245; x_wconf 87' lang='lat' dir='ltr'>et</span> <span class='ocrx_word' id='word_1_219' title='bbox 980 2212 1163 2245; x_wconf 88' lang='lat' dir='ltr'>monasterii</span> 
     </span>
     <span class='ocr_line' id='line_1_47' title="bbox 423 2266 1164 2306; baseline -0.003 -6"><span class='ocrx_word' id='word_1_220' title='bbox 423 2267 619 2306; x_wconf 86' lang='lat' dir='ltr'>huiusmodi,</span> <span class='ocrx_word' id='word_1_221' title='bbox 643 2278 678 2299; x_wconf 86' lang='lat' dir='ltr'>ac</span> <span class='ocrx_word' id='word_1_222' title='bbox 700 2267 828 2299; x_wconf 92' lang='lat' dir='ltr'>illorum</span> <span class='ocrx_word' id='word_1_223' title='bbox 851 2266 1031 2305; x_wconf 88' lang='lat' dir='ltr'>occasione,</span> <span class='ocrx_word' id='word_1_224' title='bbox 1056 2277 1164 2299; x_wconf 88' lang='lat' dir='ltr'>coram</span> 
     </span>
     <span class='ocr_line' id='line_1_48' title="bbox 423 2319 1166 2364; baseline -0.001 -11"><span class='ocrx_word' id='word_1_225' title='bbox 423 2320 587 2364; x_wconf 79' lang='lat' dir='ltr'>quibusvis</span> <span class='ocrx_word' id='word_1_226' title='bbox 626 2319 799 2359; x_wconf 85' lang='lat' dir='ltr'>iudicibus,</span> <span class='ocrx_word' id='word_1_227' title='bbox 842 2325 905 2351; x_wconf 90' lang='lat' dir='ltr'>tam</span> <span class='ocrx_word' id='word_1_228' title='bbox 945 2319 1166 2352; x_wconf 84' lang='lat' dir='ltr'>ecclesiasticis</span> 
     </span>
     <span class='ocr_line' id='line_1_49' title="bbox 423 2372 1166 2417; baseline -0.003 -11"><span class='ocrx_word' id='word_1_229' title='bbox 423 2384 520 2417; x_wconf 87' lang='lat' dir='ltr'>quam</span> <span class='ocrx_word' id='word_1_230' title='bbox 540 2373 772 2412; x_wconf 81' lang='lat' dir='ltr'>saecularilms,</span> <span class='ocrx_word' id='word_1_231' title='bbox 794 2372 897 2405; x_wconf 88' lang='lat' dir='ltr'>dictae</span> <span class='ocrx_word' id='word_1_232' title='bbox 917 2373 1010 2406; x_wconf 83' lang='lat' dir='ltr'>Urbis</span> <span class='ocrx_word' id='word_1_233' title='bbox 1031 2383 1166 2416; x_wconf 87' lang='lat' dir='ltr'>quomo-</span> 
     </span>
     <span class='ocr_line' id='line_1_50' title="bbox 423 2426 1166 2465; baseline -0.001 -6"><span class='ocrx_word' id='word_1_234' title='bbox 423 2426 545 2459; x_wconf 88' lang='lat' dir='ltr'>dolibet</span> <span class='ocrx_word' id='word_1_235' title='bbox 571 2431 672 2457; x_wconf 91' lang='lat' dir='ltr'>motas</span> <span class='ocrx_word' id='word_1_236' title='bbox 704 2431 734 2457; x_wconf 91' lang='lat' dir='ltr'>et</span> <span class='ocrx_word' id='word_1_237' title='bbox 762 2426 957 2465; x_wconf 75' lang='lat' dir='ltr'>movendas,</span> <span class='ocrx_word' id='word_1_238' title='bbox 982 2431 1045 2458; x_wconf 89' lang='lat' dir='ltr'>tam</span> <span class='ocrx_word' id='word_1_239' title='bbox 1066 2426 1166 2458; x_wconf 82' lang='lat' dir='ltr'>active</span> 
     </span>
     <span class='ocr_line' id='line_1_51' title="bbox 424 2479 1166 2523; baseline -0.001 -11"><span class='ocrx_word' id='word_1_240' title='bbox 424 2490 522 2523; x_wconf 87' lang='lat' dir='ltr'>quam</span> <span class='ocrx_word' id='word_1_241' title='bbox 543 2479 677 2523; x_wconf 82' lang='lat' dir='ltr'>passive,</span> <span class='ocrx_word' id='word_1_242' title='bbox 701 2489 774 2511; x_wconf 86' lang='lat' dir='ltr'>eum</span> <span class='ocrx_word' id='word_1_243' title='bbox 795 2479 945 2511; x_wconf 88' lang='lat' dir='ltr'>omnibus</span> <span class='ocrx_word' id='word_1_244' title='bbox 976 2484 1006 2512; x_wconf 91' lang='lat' dir='ltr'>et</span> <span class='ocrx_word' id='word_1_245' title='bbox 1034 2479 1166 2521; x_wconf 77' lang='lat' dir='ltr'>singulis</span> 
     </span>
     <span class='ocr_line' id='line_1_52' title="bbox 424 2531 1167 2575; baseline -0.003 -9"><span class='ocrx_word' id='word_1_246' title='bbox 424 2544 534 2566; x_wconf 90' lang='lat' dir='ltr'>earum</span> <span class='ocrx_word' id='word_1_247' title='bbox 546 2531 770 2570; x_wconf 76' lang='lat' dir='ltr'>incidentibus,</span> <span class='ocrx_word' id='word_1_248' title='bbox 782 2532 1047 2575; x_wconf 80' lang='lat' dir='ltr'>dependentibus,</span> <span class='ocrx_word' id='word_1_249' title='bbox 1064 2543 1167 2565; x_wconf 88' lang='lat' dir='ltr'>emer-</span> 
     </span>
     <span class='ocr_line' id='line_1_53' title="bbox 424 2584 1167 2629; baseline -0.001 -11"><span class='ocrx_word' id='word_1_250' title='bbox 424 2585 593 2629; x_wconf 83' lang='lat' dir='ltr'>gentibus,</span> <span class='ocrx_word' id='word_1_251' title='bbox 621 2584 751 2617; x_wconf 82' lang='lat' dir='ltr'>annexis</span> <span class='ocrx_word' id='word_1_252' title='bbox 783 2590 813 2617; x_wconf 87' lang='lat' dir='ltr'>et</span> <span class='ocrx_word' id='word_1_253' title='bbox 844 2584 1015 2622; x_wconf 78' lang='lat' dir='ltr'>connexis,</span> <span class='ocrx_word' id='word_1_254' title='bbox 1039 2585 1167 2628; x_wconf 86' lang='lat' dir='ltr'>praevia</span> 
     </span>
     <span class='ocr_line' id='line_1_54' title="bbox 425 2637 1165 2682; baseline -0.003 -11"><span class='ocrx_word' id='word_1_255' title='bbox 425 2643 607 2682; x_wconf 84' lang='lat' dir='ltr'>opportuna</span> <span class='ocrx_word' id='word_1_256' title='bbox 635 2637 840 2677; x_wconf 80' lang='lat' dir='ltr'>avocatione,</span> <span class='ocrx_word' id='word_1_257' title='bbox 863 2647 921 2680; x_wconf 87' lang='lat' dir='ltr'>per</span> <span class='ocrx_word' id='word_1_258' title='bbox 947 2648 980 2670; x_wconf 90' lang='lat' dir='ltr'>se</span> <span class='ocrx_word' id='word_1_259' title='bbox 1001 2637 1047 2669; x_wconf 78' lang='lat' dir='ltr'>vel</span> <span class='ocrx_word' id='word_1_260' title='bbox 1068 2637 1165 2670; x_wconf 90' lang='lat' dir='ltr'>alium</span> 
     </span>
     <span class='ocr_line' id='line_1_55' title="bbox 425 2689 1167 2736; baseline -0.005 -11"><span class='ocrx_word' id='word_1_261' title='bbox 425 2691 464 2725; x_wconf 82' lang='lat' dir='ltr'>ab</span> <span class='ocrx_word' id='word_1_262' title='bbox 486 2701 524 2725; x_wconf 89' lang='lat' dir='ltr'>eo</span> <span class='ocrx_word' id='word_1_263' title='bbox 544 2696 575 2725; x_wconf 88' lang='lat' dir='ltr'>et</span> <span class='ocrx_word' id='word_1_264' title='bbox 593 2700 652 2736; x_wconf 90' lang='lat' dir='ltr'>pro</span> <span class='ocrx_word' id='word_1_265' title='bbox 665 2695 810 2734; x_wconf 87' lang='lat' dir='ltr'>tempore</span> <span class='ocrx_word' id='word_1_266' title='bbox 823 2689 974 2723; x_wconf 81' lang='lat' dir='ltr'>existente</span> <span class='ocrx_word' id='word_1_267' title='bbox 987 2695 1167 2734; x_wconf 69' lang='lat' dir='ltr'>protectore</span> 
     </span>
    </p>
   </div>
   <div class='ocr_carea' id='block_1_4' title="bbox 1168 354 1177 1364">
    <p class='ocr_par' dir='ltr' id='par_1_5' title="bbox 1168 354 1177 1364">
     <span class='ocr_line' id='line_1_56' title="bbox 1168 354 1177 1364; baseline 0 0"><span class='ocrx_word' id='word_1_268' title='bbox 1168 354 1177 1364; x_wconf 95' lang='lat' dir='ltr'> </span> 
     </span>
    </p>
   </div>
   <div class='ocr_carea' id='block_1_5' title="bbox 996 303 1351 329">
    <p class='ocr_par' dir='ltr' id='par_1_6' title="bbox 996 303 1351 329">
     <span class='ocr_line' id='line_1_57' title="bbox 996 303 1351 329; baseline 0 -1"><span class='ocrx_word' id='word_1_269' title='bbox 996 304 1178 329; x_wconf 76' lang='lat' dir='ltr'><strong>BULLARIUM</strong></span> <span class='ocrx_word' id='word_1_270' title='bbox 1198 303 1351 328; x_wconf 74' lang='lat' dir='ltr'>ROMANUM</span> 
     </span>
    </p>
   </div>
   <div class='ocr_carea' id='block_1_6' title="bbox 1188 350 1944 2680">
    <p class='ocr_par' dir='ltr' id='par_1_7' title="bbox 1188 350 1944 2680">
     <span class='ocr_line' id='line_1_58' title="bbox 1188 350 1930 395; baseline -0.001 -11"><span class='ocrx_word' id='word_1_271' title='bbox 1188 352 1429 395; x_wconf 85' lang='lat' dir='ltr'>deputandum,</span> <span class='ocrx_word' id='word_1_272' title='bbox 1457 350 1651 391; x_wconf 88' lang='lat' dir='ltr'>summarie,</span> <span class='ocrx_word' id='word_1_273' title='bbox 1679 350 1866 394; x_wconf 86' lang='lat' dir='ltr'>simpliciter</span> <span class='ocrx_word' id='word_1_274' title='bbox 1900 357 1930 384; x_wconf 60' lang='lat' dir='ltr'>et,</span> 
     </span>
     <span class='ocr_line' id='line_1_59' title="bbox 1188 403 1926 448; baseline -0.001 -11"><span class='ocrx_word' id='word_1_275' title='bbox 1188 405 1227 437; x_wconf 86' lang='lat' dir='ltr'>de</span> <span class='ocrx_word' id='word_1_276' title='bbox 1247 405 1361 448; x_wconf 84' lang='lat' dir='ltr'>plano,</span> <span class='ocrx_word' id='word_1_277' title='bbox 1383 404 1450 436; x_wconf 87' lang='lat' dir='ltr'>sine</span> <span class='ocrx_word' id='word_1_278' title='bbox 1471 403 1604 447; x_wconf 91' lang='lat' dir='ltr'>strepitu</span> <span class='ocrx_word' id='word_1_279' title='bbox 1625 408 1655 436; x_wconf 91' lang='lat' dir='ltr'>et</span> <span class='ocrx_word' id='word_1_280' title='bbox 1674 403 1779 445; x_wconf 78' lang='lat' dir='ltr'>figura</span> <span class='ocrx_word' id='word_1_281' title='bbox 1798 403 1926 444; x_wconf 86' lang='lat' dir='ltr'>iudicii,</span> 
     </span>
     <span class='ocr_line' id='line_1_60' title="bbox 1188 456 1932 500; baseline 0 -10"><span class='ocrx_word' id='word_1_282' title='bbox 1188 459 1255 490; x_wconf 87' lang='lat' dir='ltr'>sola</span> <span class='ocrx_word' id='word_1_283' title='bbox 1275 458 1347 491; x_wconf 88' lang='lat' dir='ltr'>facti</span> <span class='ocrx_word' id='word_1_284' title='bbox 1368 457 1497 490; x_wconf 87' lang='lat' dir='ltr'>veritate</span> <span class='ocrx_word' id='word_1_285' title='bbox 1518 457 1670 500; x_wconf 88' lang='lat' dir='ltr'>inspecta,</span> <span class='ocrx_word' id='word_1_286' title='bbox 1694 456 1857 497; x_wconf 87' lang='lat' dir='ltr'>audiendi,</span> <span class='ocrx_word' id='word_1_287' title='bbox 1879 467 1932 490; x_wconf 90' lang='lat' dir='ltr'>co-</span> 
     </span>
     <span class='ocr_line' id='line_1_61' title="bbox 1188 508 1932 551; baseline -0.001 -9"><span class='ocrx_word' id='word_1_288' title='bbox 1188 509 1379 551; x_wconf 65' lang='lat' dir='ltr'>gnoscendi,</span> <span class='ocrx_word' id='word_1_289' title='bbox 1404 509 1572 542; x_wconf 90' lang='lat' dir='ltr'>decidendi</span> <span class='ocrx_word' id='word_1_290' title='bbox 1593 514 1623 541; x_wconf 91' lang='lat' dir='ltr'>et</span> <span class='ocrx_word' id='word_1_291' title='bbox 1642 509 1707 541; x_wconf 91' lang='lat' dir='ltr'>fine</span> <span class='ocrx_word' id='word_1_292' title='bbox 1735 508 1843 541; x_wconf 89' lang='lat' dir='ltr'>debito</span> <span class='ocrx_word' id='word_1_293' title='bbox 1872 514 1932 541; x_wconf 87' lang='lat' dir='ltr'>ter-</span> 
     </span>
     <span class='ocr_line' id='line_1_62' title="bbox 1190 562 1932 606; baseline -0.003 -10"><span class='ocrx_word' id='word_1_294' title='bbox 1190 564 1347 603; x_wconf 89' lang='lat' dir='ltr'>minandi,</span> <span class='ocrx_word' id='word_1_295' title='bbox 1364 574 1399 596; x_wconf 89' lang='lat' dir='ltr'>ac</span> <span class='ocrx_word' id='word_1_296' title='bbox 1421 563 1575 606; x_wconf 86' lang='lat' dir='ltr'>quicquid</span> <span class='ocrx_word' id='word_1_297' title='bbox 1597 562 1787 595; x_wconf 88' lang='lat' dir='ltr'>decrevisset</span> <span class='ocrx_word' id='word_1_298' title='bbox 1807 562 1932 595; x_wconf 83' lang='lat' dir='ltr'>debitae</span> 
     </span>
     <span class='ocr_line' id='line_1_63' title="bbox 1189 615 1932 650; baseline -0.001 -1"><span class='ocrx_word' id='word_1_299' title='bbox 1189 617 1367 650; x_wconf 82' lang='lat' dir='ltr'>executioni</span> <span class='ocrx_word' id='word_1_300' title='bbox 1400 616 1573 649; x_wconf 89' lang='lat' dir='ltr'>mandandi</span> <span class='ocrx_word' id='word_1_301' title='bbox 1605 627 1641 649; x_wconf 89' lang='lat' dir='ltr'>ac</span> <span class='ocrx_word' id='word_1_302' title='bbox 1673 615 1860 649; x_wconf 87' lang='lat' dir='ltr'>demandari</span> <span class='ocrx_word' id='word_1_303' title='bbox 1887 616 1932 648; x_wconf 85' lang='lat' dir='ltr'>fa-</span> 
     </span>
     <span class='ocr_line' id='line_1_64' title="bbox 1190 668 1934 713; baseline -0.001 -10"><span class='ocrx_word' id='word_1_304' title='bbox 1190 670 1309 707; x_wconf 79' lang='lat' dir='ltr'>ciendi;</span> <span class='ocrx_word' id='word_1_305' title='bbox 1343 681 1379 703; x_wconf 90' lang='lat' dir='ltr'>ac</span> <span class='ocrx_word' id='word_1_306' title='bbox 1409 669 1611 702; x_wconf 83' lang='lat' dir='ltr'>indemnitati</span> <span class='ocrx_word' id='word_1_307' title='bbox 1646 668 1788 713; x_wconf 88' lang='lat' dir='ltr'>partium</span> <span class='ocrx_word' id='word_1_308' title='bbox 1819 679 1934 702; x_wconf 86' lang='lat' dir='ltr'>consu-</span> 
     </span>
     <span class='ocr_line' id='line_1_65' title="bbox 1190 721 1934 766; baseline 0 -11"><span class='ocrx_word' id='word_1_309' title='bbox 1190 724 1291 763; x_wconf 87' lang='lat' dir='ltr'>lendi,</span> <span class='ocrx_word' id='word_1_310' title='bbox 1316 723 1347 755; x_wconf 93' lang='lat' dir='ltr'>in</span> <span class='ocrx_word' id='word_1_311' title='bbox 1368 723 1471 756; x_wconf 89' lang='lat' dir='ltr'>causis</span> <span class='ocrx_word' id='word_1_312' title='bbox 1501 723 1576 766; x_wconf 86' lang='lat' dir='ltr'>ipsis</span> <span class='ocrx_word' id='word_1_313' title='bbox 1603 733 1639 755; x_wconf 87' lang='lat' dir='ltr'>ac</span> <span class='ocrx_word' id='word_1_314' title='bbox 1664 721 1814 755; x_wconf 89' lang='lat' dir='ltr'>omnibus</span> <span class='ocrx_word' id='word_1_315' title='bbox 1833 732 1934 763; x_wconf 83' lang='lat' dir='ltr'>nego-</span> 
     </span>
     <span class='ocr_line' id='line_1_66' title="bbox 1191 774 1933 815; baseline -0.004 -6"><span class='ocrx_word' id='word_1_316' title='bbox 1191 777 1257 815; x_wconf 83' lang='lat' dir='ltr'>ciis,</span> <span class='ocrx_word' id='word_1_317' title='bbox 1281 777 1413 809; x_wconf 88' lang='lat' dir='ltr'>domum</span> <span class='ocrx_word' id='word_1_318' title='bbox 1435 787 1470 809; x_wconf 85' lang='lat' dir='ltr'>ac</span> <span class='ocrx_word' id='word_1_319' title='bbox 1495 776 1652 809; x_wconf 87' lang='lat' dir='ltr'>moniales</span> <span class='ocrx_word' id='word_1_320' title='bbox 1672 781 1702 808; x_wconf 89' lang='lat' dir='ltr'>ct</span> <span class='ocrx_word' id='word_1_321' title='bbox 1722 774 1933 808; x_wconf 80' lang='lat' dir='ltr'>confraterni-</span> 
     </span>
     <span class='ocr_line' id='line_1_67' title="bbox 1191 829 1933 872; baseline -0.003 -10"><span class='ocrx_word' id='word_1_322' title='bbox 1191 835 1286 862; x_wconf 84' lang='lat' dir='ltr'>tatem</span> <span class='ocrx_word' id='word_1_323' title='bbox 1318 829 1503 862; x_wconf 86' lang='lat' dir='ltr'>huiusmodi</span> <span class='ocrx_word' id='word_1_324' title='bbox 1533 839 1591 872; x_wconf 88' lang='lat' dir='ltr'>pro</span> <span class='ocrx_word' id='word_1_325' title='bbox 1621 834 1767 872; x_wconf 86' lang='lat' dir='ltr'>tempore</span> <span class='ocrx_word' id='word_1_326' title='bbox 1799 838 1933 861; x_wconf 88' lang='lat' dir='ltr'>concer—</span> 
     </span>
     <span class='ocr_line' id='line_1_68' title="bbox 1191 880 1936 925; baseline -0.003 -10"><span class='ocrx_word' id='word_1_327' title='bbox 1191 883 1349 922; x_wconf 84' lang='lat' dir='ltr'>nentibus,</span> <span class='ocrx_word' id='word_1_328' title='bbox 1374 882 1468 915; x_wconf 88' lang='lat' dir='ltr'>etiam</span> <span class='ocrx_word' id='word_1_329' title='bbox 1481 882 1569 914; x_wconf 91' lang='lat' dir='ltr'>nullo</span> <span class='ocrx_word' id='word_1_330' title='bbox 1582 881 1708 925; x_wconf 89' lang='lat' dir='ltr'>penitus</span> <span class='ocrx_word' id='word_1_331' title='bbox 1725 881 1802 914; x_wconf 91' lang='lat' dir='ltr'>iuris</span> <span class='ocrx_word' id='word_1_332' title='bbox 1823 880 1936 914; x_wconf 85' lang='lat' dir='ltr'>ordine</span> 
     </span>
     <span class='ocr_line' id='line_1_69' title="bbox 1191 934 1936 979; baseline -0.003 -11"><span class='ocrx_word' id='word_1_333' title='bbox 1191 947 1246 969; x_wconf 83' lang='lat' dir='ltr'>seu</span> <span class='ocrx_word' id='word_1_334' title='bbox 1266 936 1416 969; x_wconf 84' lang='lat' dir='ltr'>Gamerae</span> <span class='ocrx_word' id='word_1_335' title='bbox 1437 935 1639 979; x_wconf 85' lang='lat' dir='ltr'>Apostolicae</span> <span class='ocrx_word' id='word_1_336' title='bbox 1670 935 1749 978; x_wconf 70' lang='lat' dir='ltr'>stylo</span> <span class='ocrx_word' id='word_1_337' title='bbox 1778 934 1828 967; x_wconf 89' lang='lat' dir='ltr'>vel</span> <span class='ocrx_word' id='word_1_338' title='bbox 1859 944 1936 967; x_wconf 91' lang='lat' dir='ltr'>eon-</span> 
     </span>
     <span class='ocr_line' id='line_1_70' title="bbox 1191 987 1936 1029; baseline -0.003 -7"><span class='ocrx_word' id='word_1_339' title='bbox 1191 990 1359 1022; x_wconf 88' lang='lat' dir='ltr'>suetudine</span> <span class='ocrx_word' id='word_1_340' title='bbox 1379 989 1525 1029; x_wconf 87' lang='lat' dir='ltr'>servatis,</span> <span class='ocrx_word' id='word_1_341' title='bbox 1549 989 1604 1021; x_wconf 89' lang='lat' dir='ltr'>sed</span> <span class='ocrx_word' id='word_1_342' title='bbox 1621 989 1689 1021; x_wconf 86' lang='lat' dir='ltr'>sola</span> <span class='ocrx_word' id='word_1_343' title='bbox 1708 987 1781 1021; x_wconf 85' lang='lat' dir='ltr'>facti</span> <span class='ocrx_word' id='word_1_344' title='bbox 1804 987 1936 1020; x_wconf 84' lang='lat' dir='ltr'>veritate</span> 
     </span>
     <span class='ocr_line' id='line_1_71' title="bbox 1193 1040 1936 1086; baseline -0.004 -11"><span class='ocrx_word' id='word_1_345' title='bbox 1193 1043 1344 1086; x_wconf 85' lang='lat' dir='ltr'>inspecta,</span> <span class='ocrx_word' id='word_1_346' title='bbox 1361 1043 1400 1075; x_wconf 90' lang='lat' dir='ltr'>de</span> <span class='ocrx_word' id='word_1_347' title='bbox 1420 1042 1506 1074; x_wconf 89' lang='lat' dir='ltr'>bono</span> <span class='ocrx_word' id='word_1_348' title='bbox 1528 1047 1558 1074; x_wconf 86' lang='lat' dir='ltr'>et</span> <span class='ocrx_word' id='word_1_349' title='bbox 1578 1051 1693 1084; x_wconf 87' lang='lat' dir='ltr'>aequo,</span> <span class='ocrx_word' id='word_1_350' title='bbox 1711 1040 1936 1084; x_wconf 89' lang='lat' dir='ltr'>quandocum-</span> 
     </span>
     <span class='ocr_line' id='line_1_72' title="bbox 1193 1092 1933 1139; baseline -0.003 -11"><span class='ocrx_word' id='word_1_351' title='bbox 1193 1107 1253 1139; x_wconf 88' lang='lat' dir='ltr'>que</span> <span class='ocrx_word' id='word_1_352' title='bbox 1272 1096 1299 1128; x_wconf 87' lang='lat' dir='ltr'>ei</span> <span class='ocrx_word' id='word_1_353' title='bbox 1320 1095 1422 1128; x_wconf 88' lang='lat' dir='ltr'>visum</span> <span class='ocrx_word' id='word_1_354' title='bbox 1444 1096 1534 1135; x_wconf 87' lang='lat' dir='ltr'>foret,</span> <span class='ocrx_word' id='word_1_355' title='bbox 1552 1095 1591 1127; x_wconf 89' lang='lat' dir='ltr'>de</span> <span class='ocrx_word' id='word_1_356' title='bbox 1611 1095 1705 1134; x_wconf 89' lang='lat' dir='ltr'>facto,</span> <span class='ocrx_word' id='word_1_357' title='bbox 1721 1104 1820 1126; x_wconf 86' lang='lat' dir='ltr'>manu</span> <span class='ocrx_word' id='word_1_358' title='bbox 1835 1092 1933 1135; x_wconf 79' lang='lat' dir='ltr'>regia,</span> 
     </span>
     <span class='ocr_line' id='line_1_73' title="bbox 1193 1147 1937 1191; baseline -0.004 -9"><span class='ocrx_word' id='word_1_359' title='bbox 1193 1150 1262 1182; x_wconf 86' lang='lat' dir='ltr'>velo</span> <span class='ocrx_word' id='word_1_360' title='bbox 1282 1150 1384 1181; x_wconf 82' lang='lat' dir='ltr'>levato</span> <span class='ocrx_word' id='word_1_361' title='bbox 1405 1154 1435 1181; x_wconf 90' lang='lat' dir='ltr'>et</span> <span class='ocrx_word' id='word_1_362' title='bbox 1454 1148 1532 1181; x_wconf 87' lang='lat' dir='ltr'>alias</span> <span class='ocrx_word' id='word_1_363' title='bbox 1553 1159 1610 1191; x_wconf 86' lang='lat' dir='ltr'>pro</span> <span class='ocrx_word' id='word_1_364' title='bbox 1632 1148 1699 1180; x_wconf 89' lang='lat' dir='ltr'>eius</span> <span class='ocrx_word' id='word_1_365' title='bbox 1713 1147 1846 1180; x_wconf 88' lang='lat' dir='ltr'>arbitrio</span> <span class='ocrx_word' id='word_1_366' title='bbox 1861 1157 1937 1190; x_wconf 92' lang='lat' dir='ltr'>pro-</span> 
     </span>
     <span class='ocr_line' id='line_1_74' title="bbox 1193 1201 1938 1241; baseline -0.004 -7"><span class='ocrx_word' id='word_1_367' title='bbox 1193 1201 1327 1234; x_wconf 88' lang='lat' dir='ltr'>cedendi</span> <span class='ocrx_word' id='word_1_368' title='bbox 1348 1207 1376 1234; x_wconf 84' lang='lat' dir='ltr'>ct</span> <span class='ocrx_word' id='word_1_369' title='bbox 1398 1201 1577 1241; x_wconf 73' lang='lat' dir='ltr'>iudicandi,</span> <span class='ocrx_word' id='word_1_370' title='bbox 1602 1211 1727 1233; x_wconf 86' lang='lat' dir='ltr'>necnon</span> <span class='ocrx_word' id='word_1_371' title='bbox 1754 1209 1938 1233; x_wconf 88' lang='lat' dir='ltr'>exeommu-</span> 
     </span>
     <span class='ocr_line' id='line_1_75' title="bbox 1194 1250 1938 1297; baseline -0.001 -10"><span class='ocrx_word' id='word_1_372' title='bbox 1194 1250 1369 1287; x_wconf 81' lang='lat' dir='ltr'>nicatiories</span> <span class='ocrx_word' id='word_1_373' title='bbox 1387 1260 1417 1287; x_wconf 89' lang='lat' dir='ltr'>et</span> <span class='ocrx_word' id='word_1_374' title='bbox 1437 1254 1514 1287; x_wconf 87' lang='lat' dir='ltr'>alias</span> <span class='ocrx_word' id='word_1_375' title='bbox 1535 1264 1685 1287; x_wconf 88' lang='lat' dir='ltr'>censuras</span> <span class='ocrx_word' id='word_1_376' title='bbox 1706 1259 1737 1286; x_wconf 90' lang='lat' dir='ltr'>et.</span> <span class='ocrx_word' id='word_1_377' title='bbox 1753 1263 1873 1297; x_wconf 88' lang='lat' dir='ltr'>poenas</span> <span class='ocrx_word' id='word_1_378' title='bbox 1884 1253 1938 1286; x_wconf 89' lang='lat' dir='ltr'>de-</span> 
     </span>
     <span class='ocr_line' id='line_1_76' title="bbox 1194 1306 1938 1352; baseline -0.003 -11"><span class='ocrx_word' id='word_1_379' title='bbox 1194 1319 1290 1352; x_wconf 86' lang='lat' dir='ltr'>super</span> <span class='ocrx_word' id='word_1_380' title='bbox 1309 1307 1535 1351; x_wconf 66' lang='lat' dir='ltr'>promnlgandi</span> <span class='ocrx_word' id='word_1_381' title='bbox 1554 1313 1584 1340; x_wconf 88' lang='lat' dir='ltr'>et</span> <span class='ocrx_word' id='word_1_382' title='bbox 1604 1306 1777 1346; x_wconf 86' lang='lat' dir='ltr'>relaxandi,</span> <span class='ocrx_word' id='word_1_383' title='bbox 1793 1312 1824 1339; x_wconf 88' lang='lat' dir='ltr'>et</span> <span class='ocrx_word' id='word_1_384' title='bbox 1840 1307 1879 1339; x_wconf 85' lang='lat' dir='ltr'>ab</span> <span class='ocrx_word' id='word_1_385' title='bbox 1893 1306 1938 1339; x_wconf 87' lang='lat' dir='ltr'>eis</span> 
     </span>
     <span class='ocr_line' id='line_1_77' title="bbox 1195 1359 1939 1401; baseline -0.004 -7"><span class='ocrx_word' id='word_1_386' title='bbox 1195 1361 1392 1401; x_wconf 83' lang='lat' dir='ltr'>absolvendi,</span> <span class='ocrx_word' id='word_1_387' title='bbox 1417 1366 1447 1393; x_wconf 90' lang='lat' dir='ltr'>et</span> <span class='ocrx_word' id='word_1_388' title='bbox 1463 1360 1633 1393; x_wconf 85' lang='lat' dir='ltr'>brachium</span> <span class='ocrx_word' id='word_1_389' title='bbox 1658 1360 1821 1393; x_wconf 84' lang='lat' dir='ltr'>saeculare</span> <span class='ocrx_word' id='word_1_390' title='bbox 1850 1359 1939 1392; x_wconf 89' lang='lat' dir='ltr'>invo-</span> 
     </span>
     <span class='ocr_line' id='line_1_78' title="bbox 1196 1415 1935 1457; baseline -0.004 -9"><span class='ocrx_word' id='word_1_391' title='bbox 1196 1415 1305 1451; x_wconf 68' lang='lat' dir='ltr'>candi:</span> <span class='ocrx_word' id='word_1_392' title='bbox 1329 1420 1357 1447; x_wconf 89' lang='lat' dir='ltr'>et</span> <span class='ocrx_word' id='word_1_393' title='bbox 1379 1420 1490 1447; x_wconf 87' lang='lat' dir='ltr'>contra</span> <span class='ocrx_word' id='word_1_394' title='bbox 1510 1424 1730 1457; x_wconf 88' lang='lat' dir='ltr'>quascumque</span> <span class='ocrx_word' id='word_1_395' title='bbox 1760 1423 1935 1457; x_wconf 84' lang='lat' dir='ltr'>personas,</span> 
     </span>
     <span class='ocr_line' id='line_1_79' title="bbox 1196 1465 1939 1511; baseline -0.004 -11"><span class='ocrx_word' id='word_1_396' title='bbox 1196 1478 1399 1511; x_wconf 85' lang='lat' dir='ltr'>quacumque</span> <span class='ocrx_word' id='word_1_397' title='bbox 1420 1467 1606 1499; x_wconf 86' lang='lat' dir='ltr'>auctoritate</span> <span class='ocrx_word' id='word_1_398' title='bbox 1635 1472 1666 1499; x_wconf 83' lang='lat' dir='ltr'>et</span> <span class='ocrx_word' id='word_1_399' title='bbox 1685 1465 1839 1508; x_wconf 76' lang='lat' dir='ltr'>dignitate</span> <span class='ocrx_word' id='word_1_400' title='bbox 1865 1466 1939 1497; x_wconf 89' lang='lat' dir='ltr'>sun-</span> 
     </span>
     <span class='ocr_line' id='line_1_80' title="bbox 1196 1517 1939 1562; baseline -0.004 -9"><span class='ocrx_word' id='word_1_401' title='bbox 1196 1526 1326 1562; x_wconf 73' lang='lat' dir='ltr'>gentes,</span> <span class='ocrx_word' id='word_1_402' title='bbox 1359 1525 1390 1552; x_wconf 90' lang='lat' dir='ltr'>ct</span> <span class='ocrx_word' id='word_1_403' title='bbox 1416 1519 1592 1559; x_wconf 85' lang='lat' dir='ltr'>moniales,</span> <span class='ocrx_word' id='word_1_404' title='bbox 1614 1524 1645 1551; x_wconf 86' lang='lat' dir='ltr'>et</span> <span class='ocrx_word' id='word_1_405' title='bbox 1675 1518 1826 1551; x_wconf 89' lang='lat' dir='ltr'>mulieres</span> <span class='ocrx_word' id='word_1_406' title='bbox 1855 1517 1939 1561; x_wconf 86' lang='lat' dir='ltr'>ipsas</span> 
     </span>
     <span class='ocr_line' id='line_1_81' title="bbox 1197 1571 1939 1616; baseline -0.004 -9"><span class='ocrx_word' id='word_1_407' title='bbox 1197 1579 1308 1607; x_wconf 88' lang='lat' dir='ltr'>contra</span> <span class='ocrx_word' id='word_1_408' title='bbox 1319 1574 1514 1606; x_wconf 75' lang='lat' dir='ltr'>voluntatem</span> <span class='ocrx_word' id='word_1_409' title='bbox 1526 1572 1600 1605; x_wconf 91' lang='lat' dir='ltr'>dicti</span> <span class='ocrx_word' id='word_1_410' title='bbox 1613 1571 1775 1616; x_wconf 86' lang='lat' dir='ltr'>Rodulphi</span> <span class='ocrx_word' id='word_1_411' title='bbox 1792 1571 1939 1605; x_wconf 84' lang='lat' dir='ltr'>cardina-</span> 
     </span>
     <span class='ocr_line' id='line_1_82' title="bbox 1198 1623 1939 1669; baseline -0.003 -10"><span class='ocrx_word' id='word_1_412' title='bbox 1198 1627 1234 1659; x_wconf 90' lang='lat' dir='ltr'>lis</span> <span class='ocrx_word' id='word_1_413' title='bbox 1262 1632 1293 1659; x_wconf 82' lang='lat' dir='ltr'>et</span> <span class='ocrx_word' id='word_1_414' title='bbox 1312 1637 1370 1669; x_wconf 83' lang='lat' dir='ltr'>pro</span> <span class='ocrx_word' id='word_1_415' title='bbox 1403 1632 1546 1669; x_wconf 88' lang='lat' dir='ltr'>tempore</span> <span class='ocrx_word' id='word_1_416' title='bbox 1567 1625 1727 1658; x_wconf 87' lang='lat' dir='ltr'>existentis</span> <span class='ocrx_word' id='word_1_417' title='bbox 1747 1623 1939 1668; x_wconf 84' lang='lat' dir='ltr'>protectoris</span> 
     </span>
     <span class='ocr_line' id='line_1_83' title="bbox 1197 1679 1939 1722; baseline -0.004 -10"><span class='ocrx_word' id='word_1_418' title='bbox 1197 1691 1253 1713; x_wconf 88' lang='lat' dir='ltr'>scu</span> <span class='ocrx_word' id='word_1_419' title='bbox 1281 1679 1564 1722; x_wconf 79' lang='lat' dir='ltr'>vice-protectoris</span> <span class='ocrx_word' id='word_1_420' title='bbox 1595 1679 1670 1711; x_wconf 86' lang='lat' dir='ltr'>alibi</span> <span class='ocrx_word' id='word_1_421' title='bbox 1702 1688 1799 1721; x_wconf 88' lang='lat' dir='ltr'>quam</span> <span class='ocrx_word' id='word_1_422' title='bbox 1831 1687 1939 1710; x_wconf 87' lang='lat' dir='ltr'>eoram</span> 
     </span>
     <span class='ocr_line' id='line_1_84' title="bbox 1199 1731 1940 1776; baseline -0.003 -11"><span class='ocrx_word' id='word_1_423' title='bbox 1199 1744 1235 1766; x_wconf 84' lang='lat' dir='ltr'>eo</span> <span class='ocrx_word' id='word_1_424' title='bbox 1256 1744 1311 1765; x_wconf 87' lang='lat' dir='ltr'>scu</span> <span class='ocrx_word' id='word_1_425' title='bbox 1330 1733 1397 1766; x_wconf 89' lang='lat' dir='ltr'>eius</span> <span class='ocrx_word' id='word_1_426' title='bbox 1418 1734 1581 1776; x_wconf 87' lang='lat' dir='ltr'>deputato,</span> <span class='ocrx_word' id='word_1_427' title='bbox 1606 1731 1851 1775; x_wconf 88' lang='lat' dir='ltr'>quomodolibet</span> <span class='ocrx_word' id='word_1_428' title='bbox 1871 1741 1940 1764; x_wconf 90' lang='lat' dir='ltr'>mo-</span> 
     </span>
     <span class='ocr_line' id='line_1_85' title="bbox 1199 1783 1940 1828; baseline -0.003 -10"><span class='ocrx_word' id='word_1_429' title='bbox 1199 1786 1321 1826; x_wconf 83' lang='lat' dir='ltr'>lestari;</span> <span class='ocrx_word' id='word_1_430' title='bbox 1345 1791 1373 1818; x_wconf 91' lang='lat' dir='ltr'>et</span> <span class='ocrx_word' id='word_1_431' title='bbox 1394 1785 1532 1828; x_wconf 85' lang='lat' dir='ltr'>denique</span> <span class='ocrx_word' id='word_1_432' title='bbox 1560 1785 1669 1817; x_wconf 87' lang='lat' dir='ltr'>omnia</span> <span class='ocrx_word' id='word_1_433' title='bbox 1695 1790 1725 1817; x_wconf 89' lang='lat' dir='ltr'>et</span> <span class='ocrx_word' id='word_1_434' title='bbox 1754 1784 1879 1826; x_wconf 79' lang='lat' dir='ltr'>singula</span> <span class='ocrx_word' id='word_1_435' title='bbox 1908 1783 1940 1816; x_wconf 90' lang='lat' dir='ltr'>in</span> 
     </span>
     <span class='ocr_line' id='line_1_86' title="bbox 1200 1837 1940 1883; baseline -0.001 -12"><span class='ocrx_word' id='word_1_436' title='bbox 1200 1839 1382 1883; x_wconf 77' lang='lat' dir='ltr'>praemissis</span> <span class='ocrx_word' id='word_1_437' title='bbox 1403 1844 1433 1871; x_wconf 86' lang='lat' dir='ltr'>et</span> <span class='ocrx_word' id='word_1_438' title='bbox 1453 1838 1536 1870; x_wconf 82' lang='lat' dir='ltr'>circa</span> <span class='ocrx_word' id='word_1_439' title='bbox 1557 1849 1594 1870; x_wconf 91' lang='lat' dir='ltr'>ea</span> <span class='ocrx_word' id='word_1_440' title='bbox 1621 1837 1865 1880; x_wconf 86' lang='lat' dir='ltr'>quomodolibet</span> <span class='ocrx_word' id='word_1_441' title='bbox 1883 1847 1940 1870; x_wconf 88' lang='lat' dir='ltr'>ne-</span> 
     </span>
     <span class='ocr_line' id='line_1_87' title="bbox 1200 1890 1940 1934; baseline -0.003 -9"><span class='ocrx_word' id='word_1_442' title='bbox 1200 1892 1335 1925; x_wconf 88' lang='lat' dir='ltr'>cessaria</span> <span class='ocrx_word' id='word_1_443' title='bbox 1357 1897 1387 1924; x_wconf 87' lang='lat' dir='ltr'>et.</span> <span class='ocrx_word' id='word_1_444' title='bbox 1406 1896 1604 1934; x_wconf 82' lang='lat' dir='ltr'>opportuna,</span> <span class='ocrx_word' id='word_1_445' title='bbox 1629 1890 1723 1922; x_wconf 90' lang='lat' dir='ltr'>etiam</span> <span class='ocrx_word' id='word_1_446' title='bbox 1753 1890 1848 1923; x_wconf 80' lang='lat' dir='ltr'>unica</span> <span class='ocrx_word' id='word_1_447' title='bbox 1867 1900 1940 1923; x_wconf 87' lang='lat' dir='ltr'>sen-</span> 
     </span>
     <span class='ocr_line' id='line_1_88' title="bbox 1200 1943 1941 1987; baseline -0.003 -9"><span class='ocrx_word' id='word_1_448' title='bbox 1200 1945 1307 1985; x_wconf 84' lang='lat' dir='ltr'>tentia,</span> <span class='ocrx_word' id='word_1_449' title='bbox 1323 1945 1365 1977; x_wconf 85' lang='lat' dir='ltr'>ita</span> <span class='ocrx_word' id='word_1_450' title='bbox 1382 1945 1469 1987; x_wconf 89' lang='lat' dir='ltr'>quod</span> <span class='ocrx_word' id='word_1_451' title='bbox 1489 1944 1528 1976; x_wconf 89' lang='lat' dir='ltr'>ab</span> <span class='ocrx_word' id='word_1_452' title='bbox 1549 1954 1597 1983; x_wconf 86' lang='lat' dir='ltr'>ea,</span> <span class='ocrx_word' id='word_1_453' title='bbox 1621 1949 1651 1976; x_wconf 55' lang='lat' dir='ltr'>et,</span> <span class='ocrx_word' id='word_1_454' title='bbox 1671 1943 1739 1975; x_wconf 89' lang='lat' dir='ltr'>aliis</span> <span class='ocrx_word' id='word_1_455' title='bbox 1760 1943 1941 1986; x_wconf 87' lang='lat' dir='ltr'>praemissis</span> 
     </span>
     <span class='ocr_line' id='line_1_89' title="bbox 1199 1996 1938 2041; baseline -0.003 -10"><span class='ocrx_word' id='word_1_456' title='bbox 1199 1999 1287 2031; x_wconf 93' lang='lat' dir='ltr'>nullo</span> <span class='ocrx_word' id='word_1_457' title='bbox 1301 2008 1455 2041; x_wconf 87' lang='lat' dir='ltr'>umquam</span> <span class='ocrx_word' id='word_1_458' title='bbox 1470 2003 1614 2040; x_wconf 88' lang='lat' dir='ltr'>tempore</span> <span class='ocrx_word' id='word_1_459' title='bbox 1635 1997 1797 2040; x_wconf 84' lang='lat' dir='ltr'>appellare</span> <span class='ocrx_word' id='word_1_460' title='bbox 1817 1996 1938 2037; x_wconf 85' lang='lat' dir='ltr'>liceret,</span> 
     </span>
     <span class='ocr_line' id='line_1_90' title="bbox 1200 2049 1941 2094; baseline -0.004 -10"><span class='ocrx_word' id='word_1_461' title='bbox 1200 2052 1294 2084; x_wconf 88' lang='lat' dir='ltr'>etiam</span> <span class='ocrx_word' id='word_1_462' title='bbox 1324 2061 1382 2094; x_wconf 85' lang='lat' dir='ltr'>per</span> <span class='ocrx_word' id='word_1_463' title='bbox 1413 2051 1494 2082; x_wconf 74' lang='lat' dir='ltr'>viam</span> <span class='ocrx_word' id='word_1_464' title='bbox 1526 2050 1668 2082; x_wconf 84' lang='lat' dir='ltr'>mandati</span> <span class='ocrx_word' id='word_1_465' title='bbox 1700 2049 1870 2089; x_wconf 88' lang='lat' dir='ltr'>executivi,</span> <span class='ocrx_word' id='word_1_466' title='bbox 1894 2050 1941 2082; x_wconf 86' lang='lat' dir='ltr'>fa-</span> 
     </span>
     <span class='ocr_line' id='line_1_91' title="bbox 1200 2102 1942 2146; baseline -0.001 -9"><span class='ocrx_word' id='word_1_467' title='bbox 1200 2104 1315 2141; x_wconf 77' lang='lat' dir='ltr'>ciendi,</span> <span class='ocrx_word' id='word_1_468' title='bbox 1337 2103 1469 2146; x_wconf 70' lang='lat' dir='ltr'>gerendi</span> <span class='ocrx_word' id='word_1_469' title='bbox 1491 2108 1520 2135; x_wconf 88' lang='lat' dir='ltr'>et</span> <span class='ocrx_word' id='word_1_470' title='bbox 1541 2102 1719 2145; x_wconf 78' lang='lat' dir='ltr'>exequendi</span> <span class='ocrx_word' id='word_1_471' title='bbox 1739 2102 1770 2134; x_wconf 92' lang='lat' dir='ltr'>in</span> <span class='ocrx_word' id='word_1_472' title='bbox 1792 2102 1942 2136; x_wconf 89' lang='lat' dir='ltr'>omnibus</span> 
     </span>
     <span class='ocr_line' id='line_1_92' title="bbox 1200 2155 1939 2201; baseline -0.003 -11"><span class='ocrx_word' id='word_1_473' title='bbox 1200 2164 1227 2190; x_wconf 87' lang='lat' dir='ltr'>et</span> <span class='ocrx_word' id='word_1_474' title='bbox 1249 2168 1306 2201; x_wconf 85' lang='lat' dir='ltr'>per</span> <span class='ocrx_word' id='word_1_475' title='bbox 1326 2156 1445 2195; x_wconf 87' lang='lat' dir='ltr'>onmia,</span> <span class='ocrx_word' id='word_1_476' title='bbox 1469 2167 1504 2188; x_wconf 89' lang='lat' dir='ltr'>ae</span> <span class='ocrx_word' id='word_1_477' title='bbox 1525 2156 1551 2188; x_wconf 87' lang='lat' dir='ltr'>si</span> <span class='ocrx_word' id='word_1_478' title='bbox 1580 2161 1642 2188; x_wconf 90' lang='lat' dir='ltr'>tres</span> <span class='ocrx_word' id='word_1_479' title='bbox 1664 2155 1839 2188; x_wconf 82' lang='lat' dir='ltr'>sententiae</span> <span class='ocrx_word' id='word_1_480' title='bbox 1859 2166 1939 2189; x_wconf 86' lang='lat' dir='ltr'>con-</span> 
     </span>
     <span class='ocr_line' id='line_1_93' title="bbox 1201 2209 1943 2253; baseline -0.001 -10"><span class='ocrx_word' id='word_1_481' title='bbox 1201 2212 1318 2243; x_wconf 83' lang='lat' dir='ltr'>formes</span> <span class='ocrx_word' id='word_1_482' title='bbox 1337 2211 1475 2253; x_wconf 79' lang='lat' dir='ltr'>desuper</span> <span class='ocrx_word' id='word_1_483' title='bbox 1494 2210 1576 2242; x_wconf 88' lang='lat' dir='ltr'>latae</span> <span class='ocrx_word' id='word_1_484' title='bbox 1598 2214 1711 2247; x_wconf 78' lang='lat' dir='ltr'>essent,</span> <span class='ocrx_word' id='word_1_485' title='bbox 1728 2209 1852 2242; x_wconf 88' lang='lat' dir='ltr'>sublata</span> <span class='ocrx_word' id='word_1_486' title='bbox 1865 2219 1943 2252; x_wconf 88' lang='lat' dir='ltr'>qua-</span> 
     </span>
     <span class='ocr_line' id='line_1_94' title="bbox 1200 2262 1941 2307; baseline -0.003 -10"><span class='ocrx_word' id='word_1_487' title='bbox 1200 2275 1338 2307; x_wconf 90' lang='lat' dir='ltr'>cumque</span> <span class='ocrx_word' id='word_1_488' title='bbox 1358 2263 1540 2307; x_wconf 86' lang='lat' dir='ltr'>appellandi</span> <span class='ocrx_word' id='word_1_489' title='bbox 1553 2268 1583 2295; x_wconf 89' lang='lat' dir='ltr'>et</span> <span class='ocrx_word' id='word_1_490' title='bbox 1596 2263 1634 2295; x_wconf 88' lang='lat' dir='ltr'>de</span> <span class='ocrx_word' id='word_1_491' title='bbox 1649 2262 1794 2295; x_wconf 88' lang='lat' dir='ltr'>nullitate</span> <span class='ocrx_word' id='word_1_492' title='bbox 1815 2262 1941 2296; x_wconf 87' lang='lat' dir='ltr'>dicendi</span> 
     </span>
     <span class='ocr_line' id='line_1_95' title="bbox 1201 2317 1941 2361; baseline 0 -11"><span class='ocrx_word' id='word_1_493' title='bbox 1201 2319 1359 2357; x_wconf 84' lang='lat' dir='ltr'>facultate,</span> <span class='ocrx_word' id='word_1_494' title='bbox 1374 2318 1502 2361; x_wconf 88' lang='lat' dir='ltr'>plenam</span> <span class='ocrx_word' id='word_1_495' title='bbox 1523 2317 1658 2349; x_wconf 85' lang='lat' dir='ltr'>liberam</span> <span class='ocrx_word' id='word_1_496' title='bbox 1675 2322 1705 2349; x_wconf 89' lang='lat' dir='ltr'>et</span> <span class='ocrx_word' id='word_1_497' title='bbox 1719 2317 1941 2350; x_wconf 86' lang='lat' dir='ltr'>omnimodam</span> 
     </span>
     <span class='ocr_line' id='line_1_96' title="bbox 1200 2371 1944 2414; baseline 0 -10"><span class='ocrx_word' id='word_1_498' title='bbox 1200 2372 1381 2404; x_wconf 79' lang='lat' dir='ltr'>facultatem</span> <span class='ocrx_word' id='word_1_499' title='bbox 1402 2371 1573 2411; x_wconf 64' lang='lat' dir='ltr'>concessit,</span> <span class='ocrx_word' id='word_1_500' title='bbox 1598 2371 1761 2414; x_wconf 86' lang='lat' dir='ltr'>dictasque</span> <span class='ocrx_word' id='word_1_501' title='bbox 1775 2381 1896 2411; x_wconf 85' lang='lat' dir='ltr'>causas,</span> <span class='ocrx_word' id='word_1_502' title='bbox 1908 2376 1944 2404; x_wconf 83' lang='lat' dir='ltr'>ut</span> 
     </span>
     <span class='ocr_line' id='line_1_97' title="bbox 1200 2423 1942 2468; baseline -0.001 -11"><span class='ocrx_word' id='word_1_503' title='bbox 1200 2425 1388 2468; x_wconf 84' lang='lat' dir='ltr'>praefertur,</span> <span class='ocrx_word' id='word_1_504' title='bbox 1413 2423 1575 2464; x_wconf 89' lang='lat' dir='ltr'>audiendi,</span> <span class='ocrx_word' id='word_1_505' title='bbox 1600 2423 1815 2465; x_wconf 78' lang='lat' dir='ltr'>cognoscendi</span> <span class='ocrx_word' id='word_1_506' title='bbox 1837 2428 1868 2456; x_wconf 91' lang='lat' dir='ltr'>et</span> <span class='ocrx_word' id='word_1_507' title='bbox 1887 2423 1942 2456; x_wconf 87' lang='lat' dir='ltr'>de-</span> 
     </span>
     <span class='ocr_line' id='line_1_98' title="bbox 1201 2476 1942 2520; baseline -0.004 -9"><span class='ocrx_word' id='word_1_508' title='bbox 1201 2479 1327 2511; x_wconf 91' lang='lat' dir='ltr'>cidendi</span> <span class='ocrx_word' id='word_1_509' title='bbox 1349 2478 1453 2511; x_wconf 88' lang='lat' dir='ltr'>eidem</span> <span class='ocrx_word' id='word_1_510' title='bbox 1473 2477 1644 2520; x_wconf 86' lang='lat' dir='ltr'>Rodulpho</span> <span class='ocrx_word' id='word_1_511' title='bbox 1665 2476 1819 2509; x_wconf 87' lang='lat' dir='ltr'>cardinali</span> <span class='ocrx_word' id='word_1_512' title='bbox 1840 2481 1871 2509; x_wconf 89' lang='lat' dir='ltr'>et</span> <span class='ocrx_word' id='word_1_513' title='bbox 1882 2486 1942 2520; x_wconf 84' lang='lat' dir='ltr'>pro</span> 
     </span>
     <span class='ocr_line' id='line_1_99' title="bbox 1200 2528 1942 2574; baseline -0.004 -11"><span class='ocrx_word' id='word_1_514' title='bbox 1200 2536 1345 2574; x_wconf 88' lang='lat' dir='ltr'>tempore</span> <span class='ocrx_word' id='word_1_515' title='bbox 1365 2530 1509 2563; x_wconf 88' lang='lat' dir='ltr'>existenti</span> <span class='ocrx_word' id='word_1_516' title='bbox 1530 2529 1702 2573; x_wconf 88' lang='lat' dir='ltr'>protectori</span> <span class='ocrx_word' id='word_1_517' title='bbox 1731 2534 1761 2561; x_wconf 88' lang='lat' dir='ltr'>et</span> <span class='ocrx_word' id='word_1_518' title='bbox 1779 2528 1942 2571; x_wconf 80' lang='lat' dir='ltr'>vice-pro-</span> 
     </span>
     <span class='ocr_line' id='line_1_100' title="bbox 1202 2581 1942 2625; baseline -0.004 -9"><span class='ocrx_word' id='word_1_519' title='bbox 1202 2583 1312 2616; x_wconf 88' lang='lat' dir='ltr'>tectori</span> <span class='ocrx_word' id='word_1_520' title='bbox 1332 2594 1388 2616; x_wconf 88' lang='lat' dir='ltr'>seu</span> <span class='ocrx_word' id='word_1_521' title='bbox 1410 2583 1449 2615; x_wconf 89' lang='lat' dir='ltr'>ab</span> <span class='ocrx_word' id='word_1_522' title='bbox 1470 2583 1514 2615; x_wconf 91' lang='lat' dir='ltr'>eis</span> <span class='ocrx_word' id='word_1_523' title='bbox 1536 2582 1719 2625; x_wconf 82' lang='lat' dir='ltr'>deputando</span> <span class='ocrx_word' id='word_1_524' title='bbox 1740 2581 1772 2614; x_wconf 93' lang='lat' dir='ltr'>in</span> <span class='ocrx_word' id='word_1_525' title='bbox 1793 2581 1942 2614; x_wconf 89' lang='lat' dir='ltr'>omnibus</span> 
     </span>
     <span class='ocr_line' id='line_1_101' title="bbox 1201 2635 1942 2680; baseline -0.004 -11"><span class='ocrx_word' id='word_1_526' title='bbox 1201 2642 1232 2669; x_wconf 85' lang='lat' dir='ltr'>et</span> <span class='ocrx_word' id='word_1_527' title='bbox 1251 2647 1308 2680; x_wconf 90' lang='lat' dir='ltr'>per</span> <span class='ocrx_word' id='word_1_528' title='bbox 1335 2635 1443 2669; x_wconf 88' lang='lat' dir='ltr'>omnia</span> <span class='ocrx_word' id='word_1_529' title='bbox 1472 2635 1642 2668; x_wconf 84' lang='lat' dir='ltr'>commisit.</span> <span class='ocrx_word' id='word_1_530' title='bbox 1667 2635 1847 2668; x_wconf 86' lang='lat' dir='ltr'>Decernens</span> <span class='ocrx_word' id='word_1_531' title='bbox 1867 2643 1942 2677; x_wconf 88' lang='lat' dir='ltr'>pro-</span> 
     </span>
    </p>
   </div>
   <div class='ocr_carea' id='block_1_7' title="bbox 1237 2695 1873 2733">
    <p class='ocr_par' dir='ltr' id='par_1_8' title="bbox 1237 2695 1873 2733">
     <span class='ocr_line' id='line_1_102' title="bbox 1237 2695 1873 2733; baseline -0.003 -8"><span class='ocrx_word' id='word_1_532' title='bbox 1237 2701 1247 2725; x_wconf 89' lang='lat'><strong>1</strong></span> <span class='ocrx_word' id='word_1_533' title='bbox 1271 2698 1334 2733; x_wconf 83' lang='lat' dir='ltr'>Legi</span> <span class='ocrx_word' id='word_1_534' title='bbox 1352 2697 1464 2725; x_wconf 81' lang='lat' dir='ltr'>forsitan</span> <span class='ocrx_word' id='word_1_535' title='bbox 1484 2697 1564 2726; x_wconf 80' lang='lat' dir='ltr'>debet</span> <span class='ocrx_word' id='word_1_536' title='bbox 1581 2697 1751 2732; x_wconf 80' lang='lat' dir='ltr'>procedendi</span> <span class='ocrx_word' id='word_1_537' title='bbox 1769 2696 1806 2731; x_wconf 74' lang='lat' dir='ltr'>(R.</span> <span class='ocrx_word' id='word_1_538' title='bbox 1823 2695 1873 2730; x_wconf 83' lang='lat' dir='ltr'>T.).</span> 
     </span>
    </p>
   </div>
   <div class='ocr_carea' id='block_1_8' title="bbox 1942 301 2125 330">
    <p class='ocr_par' dir='ltr' id='par_1_9' title="bbox 1942 301 2125 330">
     <span class='ocr_line' id='line_1_103' title="bbox 1942 301 2125 330; baseline 0.005 -1"><span class='ocrx_word' id='word_1_539' title='bbox 1942 302 1992 329; x_wconf 77' lang='lat' dir='ltr'>An.</span> <span class='ocrx_word' id='word_1_540' title='bbox 2010 302 2039 329; x_wconf 92' lang='lat' dir='ltr'>C.</span> <span class='ocrx_word' id='word_1_541' title='bbox 2061 301 2125 330; x_wconf 80' lang='lat'>1591</span> 
     </span>
    </p>
   </div>
   <div class='ocr_carea' id='block_1_9' title="bbox 1945 365 2129 471">
    <p class='ocr_par' dir='ltr' id='par_1_10' title="bbox 1945 365 2129 471">
     <span class='ocr_line' id='line_1_104' title="bbox 1998 365 2128 385; baseline -0.008 0"><span class='ocrx_word' id='word_1_542' title='bbox 1998 365 2128 385; x_wconf 68' lang='lat' dir='ltr'>Facultatum</span> 
     </span>
     <span class='ocr_line' id='line_1_105' title="bbox 1945 396 2128 418; baseline -0.011 -6"><span class='ocrx_word' id='word_1_543' title='bbox 1945 398 2028 418; x_wconf 67' lang='lat' dir='ltr'>qumque</span> <span class='ocrx_word' id='word_1_544' title='bbox 2039 396 2128 411; x_wconf 60' lang='lat' dir='ltr'>§munia-</span> 
     </span>
     <span class='ocr_line' id='line_1_106' title="bbox 1945 417 2129 443; baseline -0.011 -4"><span class='ocrx_word' id='word_1_545' title='bbox 1945 419 1975 439; x_wconf 85' lang='lat' dir='ltr'>rie</span> <span class='ocrx_word' id='word_1_546' title='bbox 1996 420 2015 439; x_wconf 80' lang='lat' dir='ltr'>el</span> <span class='ocrx_word' id='word_1_547' title='bbox 2029 417 2129 443; x_wconf 72' lang='lat' dir='ltr'>simplici-</span> 
     </span>
     <span class='ocr_line' id='line_1_107' title="bbox 1945 443 2128 471; baseline -0.011 -6"><span class='ocrx_word' id='word_1_548' title='bbox 1945 447 1977 465; x_wconf 87' lang='lat' dir='ltr'>ter</span> <span class='ocrx_word' id='word_1_549' title='bbox 1992 443 2128 471; x_wconf 76' lang='lat' dir='ltr'>procedendi.</span> 
     </span>
    </p>
   </div>
   <div class='ocr_carea' id='block_1_10' title="bbox 1955 2266 2142 2317">
    <p class='ocr_par' dir='ltr' id='par_1_11' title="bbox 1955 2266 2142 2317">
     <span class='ocr_line' id='line_1_108' title="bbox 1995 2266 2142 2293; baseline -0.007 -5"><span class='ocrx_word' id='word_1_550' title='bbox 1995 2266 2142 2293; x_wconf 60' lang='lat' dir='ltr'>appellatione</span> 
     </span>
     <span class='ocr_line' id='line_1_109' title="bbox 1955 2297 2042 2317; baseline -0.011 0"><span class='ocrx_word' id='word_1_551' title='bbox 1955 2297 2042 2317; x_wconf 73' lang='lat' dir='ltr'>remota.</span> 
     </span>
    </p>
   </div>
  </div>
 </body>
</html>
