2226 3070
37 301 88 328 An.
107 299 135 328 C.
155 299 221 329 1587

55 833 220 854 aeclesiasticos

37 864 156 886 'uniusmodi
171 865 222 885 ban-

37 897 140 917 dosituies
168 901 221 923 per-

37 930 150 955 petrantes
166 933 222 954 quo-

37 963 126 985 cumque
147 958 222 979 accie-

11 998 14 999 ⁷
37 990 124 1010 siastico
139 989 220 1010 beneti-

37 1022 79 1047 rin,
102 1021 221 1047 pensiones

38 1055 77 1072 etr,
94 1051 193 1078 privavit.

67 1962 124 1988 Quos
140 1967 191 1981 vero
203 1962 223 1981 in

41 1994 102 2012 nutus
140 1994 226 2017 generis

42 2026 116 2051 pussnis
173 2026 224 2046 mort

41 2058 226 2081 contingerehec-

43 2087 167 2107 i-lesiastlra
182 2093 225 2107 ca—

42 2123 89 2137 rcre
107 2118 223 2145 sepultura.

95 2445 226 2472 ceterosque

42 2483 115 2498 annues
151 2478 226 2503 pcents

43 2516 53 2528 a
68 2509 163 2528 (luni-ilio
179 2508 226 2528 'sti-

43 2541 130 2560 ttentino
152 2543 226 2559 eunt-n

43 2574 163 2597 ‚ugnantes
206 2572 225 2590 in

42 2602 112 2623 duella
123 2604 226 2628 praescri-

43 2636 84 2659 ptis
100 2634 164 2654 »oluit
180 2635 227 2654 subv

43 2671 123 2686 iacere.

900 296 1004 321 8thth
1019 296 1050 319 V.
1068 295 1116 319 Pr.

236 351 367 392 cationi,
389 351 599 391 anathemati,
636 349 854 384 maledictioni
885 354 989 382 aeter-
1033 348 1121 380 nulla
1142 347 1226 380 circa
1245 347 1421 391 praemissa
1436 345 1607 385 ordinavit,
1629 352 1726 390 prout
1753 347 1783 379 in

236 415 308 446 nae,
328 405 499 438 interdicto
520 404 735 448 omnibusque
756 404 825 436 aliis
846 402 991 436 censuris

236 464 266 492 et
280 458 393 502 poenis
413 458 652 498 ecclesiasticis,
676 468 713 490 eo
730 457 798 501 ipso
819 462 849 489 ct
869 457 990 499 absque

235 512 298 545 alia
322 512 539 545 declaratione
574 511 789 549 incurrendis,
803 509 902 542 voluit
919 520 988 542 om-

236 566 313 598 nino
343 576 411 599 esse
436 565 617 604 subiectos,
650 569 679 597 et
700 575 717 596 a
737 563 853 597 Christi
871 574 987 606 corpo-

237 618 281 651 ris
301 618 437 659 unitate,
465 618 521 661 qui
546 622 659 650 auctor
686 623 733 650 est
753 616 842 660 pacis
863 622 892 648 ct
913 626 990 648 con-

237 671 378 712 cordiae,
401 671 535 705 omnino
550 670 724 714 praecisos,
741 680 920 712 eorumque
937 669 992 701 ab-

236 725 432 758 solutionem
458 724 519 757 sibi
546 729 577 757 et
597 724 744 756 Romano
764 722 912 755 Pontifici
933 732 991 765 pro

238 783 384 821 tempore
405 777 562 817 existenti,
587 782 813 820 praeterquam
831 776 863 808 iu
880 775 992 808 mortis

238 831 389 871 articulo,
410 830 601 865 reservavit:
634 835 664 862 et
691 830 716 862 si
751 839 908 874 personae
933 828 993 860 liu-

238 883 379 916 iusmodi
391 883 627 917 ecclesiasticae
643 884 761 923 forent,
777 882 871 916 etiam
889 882 993 915 omni-

237 936 297 969 bus
319 942 350 970 et
369 936 504 980 singulis
524 936 680 977 ecclesiis,
704 935 920 973 monasteriis,
943 935 992 968 di-

237 990 413 1033 gnitatibus
439 997 468 1024 et
489 991 560 1024 aliis
580 990 746 1024 beneficiis
767 988 993 1023 ecclesiasticis

237 1054 296 1088 per
316 1055 371 1077 eos
390 1044 542 1084 obtentis,
559 1055 616 1077 seu
632 1043 664 1076 in
680 1043 799 1087 quihus
812 1044 892 1076 etad
910 1052 992 1086 quae

239 1097 289 1131 ius
318 1098 363 1131 eis
396 1103 607 1142 competeret,
640 1097 789 1130 similiter
808 1107 846 1130 eo
873 1096 942 1139 ipso
963 1101 994 1128 et

238 1152 358 1194 absque
378 1152 442 1185 alia
461 1151 692 1191 declaratione,
725 1150 870 1194 privavit,
899 1155 929 1182 ct
954 1149 992 1181 ad

237 1205 292 1238 illa
312 1210 345 1238 et
360 1205 422 1238 alia
438 1205 649 1248 imposterum
671 1204 847 1237 obtinenda
869 1202 993 1236 inhabi-

239 1259 284 1292 les
299 1258 447 1299 existere,
467 1269 595 1292 necnon
607 1258 674 1298 illa,
689 1264 842 1301 tanquam
858 1268 916 1302 per
929 1257 994 1300 pri-

238 1313 399 1345 vationem
420 1311 607 1345 huiusmodi
632 1311 788 1351 vacantia,
806 1322 862 1355 per
880 1311 960 1343 alios
975 1322 993 1344 a

237 1365 403 1400 se'etSede
414 1365 599 1410 Apostolica
614 1365 781 1408 impetrari
794 1375 898 1408 posse3
917 1376 993 1398 nec-

239 1430 302 1452 non
328 1430 552 1463 qnascumque
578 1419 750 1462 pensiones
770 1429 895 1451 annuas
915 1425 945 1452 et
959 1419 995 1451 il-

238 1473 345 1506 lorum
366 1473 438 1506 loco
459 1473 623 1506 fructuum
656 1472 900 1512 reservationes,
933 1473 996 1506 illis

238 1527 417 1570 apostolica
437 1526 628 1560 auctoritate
648 1531 834 1565 reservatas
860 1537 995 1559 conces-

240 1591 290 1613 sas
305 1586 336 1613 et.
353 1579 542 1624 assignatas,
566 1590 704 1620 cessare,
724 1580 872 1623 expirare
893 1585 924 1612 et
944 1591 996 1613 ex-

241 1633 357 1667 tinctas
374 1644 443 1666 esse
466 1633 534 1677 ipso
556 1633 651 1673 saet03
674 1643 710 1666 ac
731 1643 797 1672 eos,
820 1633 874 1676 qui
896 1634 934 1666 ad
957 1633 995 1665 il-

241 1688 345 1720 larum
367 1687 543 1721 solutiones
564 1692 766 1726 tenerentur,
785 1687 823 1719 ad
837 1687 907 1720 illas
924 1698 997 1731 per—

240 1741 475 1774 solvendasaut
494 1740 705 1784 praestandas
723 1739 856 1773 minime
879 1741 993 1781 teneri,

240 1805 300 1827 nec
325 1800 499 1838 propterea
520 1794 645 1837 aliquas
666 1804 819 1826 censuras
838 1800 893 1826 aut
918 1805 996 1838 poe-

240 1859 296 1881 nas
321 1849 353 1881 in
388 1848 502 1882 litteris
533 1847 721 1892 apostolicis
742 1848 995 1881 reservationum

239 1902 428 1935 huiusmodi
449 1907 627 1941 contentas,
644 1901 811 1934 incurrere
832 1902 994 1939 decrevit3

240 1965 295 1988 eos
315 1966 401 1996 vero,
424 1955 478 1999 qui
500 1966 537 1988 ex
553 1955 657 1988 causis
668 1954 842 1999 praedictis
856 1966 995 1998 pugnas—

240 2015 313 2042 sent
332 2015 363 2042 et
383 2009 480 2042 occisi
502 2009 650 2048 fuissent,
673 2015 830 2052 perpetua
847 2010 996 2042 ecclesia-

241 2063 320 2095 stica
341 2073 453 2095 carere
473 2063 571 2095 voluit
595 2063 780 2106 sepultura;
808 2074 844 2095 ac
865 2063 995 2095 eosdem

242 2126 355 2148 omnes
373 2116 443 2159 qui,
473 2116 577 2148 dictae
604 2126 720 2159 pravae
752 2117 998 2149 consuetudinis

244 2175 408 2212 praetextu
425 2175 479 2201 aut
495 2169 585 2209 alias,
603 2169 789 2202 inimicitias
805 2175 856 2202 aut
875 2170 998 2202 bando-

243 2223 351 2255 sitates
371 2222 552 2265 praedictas
568 2233 732 2262 exercere,
755 2228 784 2254 et
799 2233 854 2255 eos
874 2233 997 2263 omnes,

242 2276 297 2320 qui
324 2276 373 2308 liis
392 2276 431 2308 de
460 2276 567 2309 causis
587 2287 676 2309 arma
701 2287 829 2309 sumere
854 2276 922 2309 ausi
950 2276 996 2308 so-

244 2335 326 2369 rent,
350 2335 400 2362 aut
425 2329 726 2372 quidquamcontra
742 2329 997 2361 litterarumtiu-

244 2383 383 2415 iusmodi
404 2383 627 2416 auctoritatem
649 2383 898 2422 commisissent,
920 2394 996 2426 poe.-

243 2446 300 2468 nas
325 2441 435 2469 contra
457 2441 636 2480 pugnantes
654 2435 685 2467 in
702 2435 811 2468 duello
825 2436 869 2467 ve}
888 2436 995 2468 locum

242 2485 280 2517 ad
305 2485 565 2518 monomachiam
599 2485 826 2521 concedentes,
861 2490 915 2516 aut.
936 2485 996 2517 alia

242 2533 328 2566 circa
359 2534 442 2566 idem
468 2534 631 2575 singulare
658 2539 821 2565 certamen
848 2533 996 2565 contrait,-

242 2583 388 2624 tendum,
406 2583 452 2615 illi
474 2590 503 2616 et
522 2583 743 2615 interessendo
761 2582 996 2625 delinquentes,

242 2642 299 2674 per
324 2633 499 2665 concilium
521 2633 746 2664 Tridentinnm
770 2633 847 2664 latas
869 2638 896 2663 et
921 2632 997 2663 irro-

241 2687 330 2723 gatas
353 2682 519 2714 incurrere
539 2681 726 2720 declaravit,
755 2681 882 2723 aliaque
915 2691 996 2712 non-

1032 400 1126 434 dictis
1148 400 1260 433 litteris
1280 400 1375 433 latius
1395 399 1591 433 continetur.

1078 454 1092 497 ξ
1117 454 1148 486 9,.
1175 454 1252 487 Cum
1270 459 1391 493 autem,
1412 453 1495 485 sicut
1512 453 1605 486 uobis
1625 452 1785 495 signitica-

1034 508 1073 539 vit
1100 508 1285 540 carissimus
1309 508 1340 539 in
1355 507 1479 540 Christo
1497 507 1787 540 tiliusnosterPhi-

1034 561 1142 604 lippus
1163 561 1389 604 Hispaniarum
1408 572 1460 594 rex
1483 560 1673 600 catholicus,
1696 566 1786 604 opta-

1035 619 1084 646 tus
1104 614 1177 646 finis
1207 615 1256 647 his
1292 614 1507 647 incommodis
1535 626 1570 647 ex
1603 614 1788 657 praemissis

1035 678 1097 699 non
1126 668 1333 709 stit-,resserih
1357 679 1416 701 nec
1447 679 1504 712 per
1527 668 1629 701 dictas
1650 668 1786 712 praede-

1034 720 1170 752 cessoris
1191 721 1290 753 nostri
1309 721 1431 754 litteras
1452 721 1528 754 satis
1547 721 1710 764 provisum
1724 721 1789 754 sue-

1034 773 1088 813 rit,
1121 773 1187 817 ipse
1214 774 1245 806 in
1272 780 1432 807 conventu
1453 785 1508 807 seu
1530 775 1679 815 consilio,
1701 775 1787 819 quod

1036 826 1145 859 Cortes
1165 827 1296 867 dicitur,
1320 838 1426 872 nuper
1446 827 1477 861 in
1499 828 1620 872 oppido
1641 829 1679 861 de
1699 829 1788 862 Mon-

1035 889 1092 911 son
1114 879 1145 912 in
1164 879 1248 913 dicto
1270 891 1382 923 regno,
1405 881 1436 913 in
1457 892 1515 914 sua
1536 882 1719 925 praesentia
1740 893 1791 915 ce-

1035 934 1169 973 lebrato,
1203 935 1347 977 gravium
1379 945 1556 978 rerumque
1593 936 1791 980 experientia

1036 987 1209 1029 insignium
1236 988 1379 1020 virorum
1396 988 1534 1021 consilio
1555 994 1680 1022 mature
1701 989 1791 1022 adhi-

1035 1040 1118 1080 bito',
1145 1041 1320 1084 quamdam
1354 1041 1617 1075 constitutionem
1639 1053 1694 1075 seu
1722 1043 1789 1075 edi-

1035 1099 1133 1133 ctum,
1147 1094 1290 1127 Fuerum
1302 1101 1540 1138 nuncupatum,
1564 1096 1791 1139 promulgave—

1036 1147 1088 1187 rit,
1112 1159 1170 1192 per
1186 1160 1282 1190 quam
1306 1148 1457 1191 gravibus
1483 1153 1513 1181 et
1538 1149 1654 1181 severis
1678 1150 1792 1193 poeuis

1036 1201 1146 1234 talium
1169 1202 1340 1235 hominum
1354 1201 1488 1235 audacia
1500 1207 1681 1243 coercetur,
1695 1209 1791 1246 atque

1035 1255 1111 1288 huic
1132 1256 1217 1289 malo
1238 1255 1300 1289 iam
1323 1256 1400 1288 satis
1416 1266 1597 1299 congruum
1610 1256 1790 1289 remedium

1035 1308 1217 1342 adhibitum
1236 1309 1395 1342 videatur.

1080 1362 1095 1405 ἓ
1119 1361 1150 1395 3.
1179 1362 1253 1402 Nos,
1276 1362 1495 1396 existimantes
1516 1374 1574 1407 per
1596 1364 1791 1407 temporales

1037 1426 1157 1458 poenas
1178 1416 1306 1448 abunde
1319 1416 1425 1459 quoad
1440 1416 1616 1459 praemissa
1630 1416 1791 1460 provideri

1036 1479 1142 1512 posse,
1166 1475 1196 1502 et
1215 1470 1416 1502 attendentes
1438 1470 1580 1512 gladium
1602 1480 1791 1503 excommu-

1037 1523 1208 1556 nicationis
1237 1523 1343 1556 sobrie
1377 1533 1557 1566 magnaque
1592 1523 1791 1568 circumspe-

1037 1576 1144 1609 ctione
1165 1576 1380 1609 exereendum
1399 1586 1480 1616 esse,
1496 1587 1533 1609 ac
1550 1576 1643 1609 facile
1665 1577 1792 1610 evenire

1038 1641 1130 1674 posse
1151 1636 1183 1663 ut
1207 1631 1404 1674 complures,
1425 1629 1494 1662 eius
1514 1629 1559 1662 rei
1575 1630 1690 1672 ignari,
1706 1631 1793 1663 inla-

1037 1694 1159 1727 queum
1190 1684 1307 1716 misere
1338 1683 1536 1723 inciderent,
1563 1683 1671 1715 multis
1698 1683 1792 1716 etiam

1039 1738 1135 1770 talem
1166 1748 1302 1781 poenam
1330 1736 1509 1780 perniciem
1540 1736 1649 1779 potius
1679 1736 1794 1769 afferre

1038 1801 1134 1834 quam
1162 1790 1319 1831 salutem,
1349 1790 1495 1823 eiusdem
1528 1789 1670 1832 Philippi
1709 1790 1793 1832 regis

1039 1845 1190 1889 precibus
1212 1844 1370 1883 inclinati,
1390 1843 1515 1876 litteras
1524 1842 1670 1885 Gregorii
1688 1849 1719 1876 et
1733 1844 1793 1876 for—

1039 1909 1094 1932 san
1113 1899 1250 1931 aliorum
1274 1897 1560 1941 praedecessorum
1580 1907 1678 1939 super
1699 1908 1793 1940 prae-

1017 1975 1019 1981 *
1040 1952 1144 1986 missis
1161 1952 1263 1985 editas
1276 1978 1283 1991 ,
1310 1961 1449 1994 quarum
1472 1956 1598 1983 tenores
1619 1950 1795 1993 praesenti-

1039 2007 1098 2039 bus
1119 2005 1230 2038 haberi
1252 2005 1402 2037 volumus
1420 2014 1478 2048 pro
1498 2003 1668 2048 expressis,
1687 2004 1793 2047 quoad

1039 2060 1240 2103 supradicta,
1263 2059 1358 2091 etiam
1382 2058 1412 2090 in
1433 2063 1592 2100 quantum
1608 2067 1794 2090 excommu—

1039 2113 1212 2146 nicationis
1241 2112 1432 2145 sententiam
1462 2121 1517 2143 seu
1544 2110 1622 2142 alias
1641 2120 1796 2143 censuras

1040 2173 1070 2200 et
1087 2178 1208 2210 poenas
1227 2165 1463 2198 ecclesiasticas
1477 2169 1589 2197 contra
1613 2163 1796 2207 praedictos

1041 2221 1203 2263 infligunt,
1227 2225 1279 2252 aut
1298 2219 1340 2251 vin
1369 2218 1414 2251 eis
1441 2223 1592 2250 contenta
1618 2227 1795 2261 quaecum-

1040 2286 1116 2318 que,
1143 2273 1334 2307 auctoritate
1370 2270 1601 2315 praesentium,
1636 2275 1796 2314 perpetuo

1040 2337 1241 2365 revocamus,
1269 2335 1433 2359 cassamus
1458 2330 1489 2357 et
1517 2324 1744 2363 annullamus,
1766 2329 1793 2356 et

1040 2382 1188 2414 volumus
1209 2380 1279 2412 illas
1299 2379 1382 2411 vires
1402 2384 1433 2411 et
1453 2378 1604 2411 effectum
1626 2377 1665 2410 de
1686 2382 1795 2410 cetero

1041 2445 1104 2467 non
1125 2434 1257 2471 habere,
1275 2443 1311 2464 ac
1333 2431 1570 2471 nullaS,i1¹ritas
1590 2436 1620 2463 et
1641 2430 1796 2463 invalidas

1040 2489 1070 2515 et.
1089 2483 1212 2515 nullius
1232 2482 1359 2514 roboris
1375 2481 1423 2513 vel
1436 2480 1590 2513 momenti
1600 2490 1668 2512 esse
1680 2479 1792 2511 decer-

1040 2533 1160 2571 uimus,
1185 2530 1318 2574 perinde
1343 2541 1380 2563 ac
1401 2530 1425 2562 si
1453 2530 1492 2562 ab
1513 2529 1633 2562 eisdem
1659 2528 1793 2571 praede-

1040 2581 1222 2613 cessoribus
1242 2590 1305 2611 non
1323 2585 1539 2618 emanassent,
1559 2589 1622 2611 non
1643 2576 1793 2609 obstanti‘

1040 2629 1099 2661 bus
1119 2629 1231 2661 iisdem
1259 2628 1384 2667 litteris,
1414 2628 1594 2669 ceterisque
1623 2624 1793 2658 contrariis

1038 2678 1308 2721 quibuscumque.

1675 282 1741 318 263
1799 292 1851 320 An.
1870 292 1898 321 c.
1918 292 1984 322 1587

1829 466 1944 486 {intueat-tort
1956 469 1986 485 ta-

1802 502 1849 516 mon
1860 498 1985 518 mediol-uic

1802 529 1855 548 mato
1867 529 1986 548 consultum

1802 567 1813 580 a
1824 559 1921 586 Philippo
1933 566 1983 585 regi*

1802 597 1848 611 suni
1861 591 1932 611 luerit:

1833 1375 1902 1396 Sinus
1913 1374 1990 1400 Grego⁴

1807 1408 1831 1427 rii
1849 1407 1933 1427 litteras
1950 1412 1990 1426 re-

1806 1441 1869 1458 vocat
1924 1438 1991 1464 quoad

1807 1475 1888 1496 poenas
1896 1470 1982 1495 spiritua

1808 1502 1847 1522 les.
