2226 3070
78 253 130 281 An.
147 253 176 282 G.
195 253 262 282 1588

940 252 1043 276 SIXTUS
1063 252 1082 276 V
1101 252 1150 276 1³1¹.

1737 243 1780 276 43
1840 251 1893 280 An.
1910 252 1939 282 C.
1958 254 2025 282 1588

277 304 481 348 martyribus,
505 305 595 348 quasi
613 304 1027 348 fortissimispropugnato·
1070 304 1241 343 venissent,
1270 308 1301 336 et
1319 304 1406 347 apud
1435 314 1510 336 eum
1537 304 1586 336 vix
1607 315 1664 346 pei·
1701 315 1821 347 paucos

277 357 377 399 ribus,
404 358 500 397 tueri,
522 368 633 391 verum
654 358 844 391 eormudem
879 358 1027 400 gloriosis
1069 357 1136 390 dies
1165 357 1281 390 morati
1308 362 1424 398 essent,
1453 357 1668 390 viustelissimi
1696 369 1822 391 sarace-

276 411 452 454 trophaeis,
484 411 527 444 ita
551 412 582 444 in
603 411 671 444 dies
705 412 868 451 illustrari,
894 417 929 443 ut
962 422 1026 444 non
1069 421 1186 443 norum
1208 411 1361 453 1·eg·is,vel
1377 410 1485 454 potius
1505 410 1647 453 tyranni,
1667 411 1820 451 Abdalae,

276 465 373 497 modo
398 464 444 497 illi
465 464 665 497 felicissimas
685 465 722 497 de
743 465 850 508 impiis
872 476 1026 508 perseeu-
1069 464 1190 503 elassis,
1213 463 1389 497 christiano
1421 463 1544 495 nemini
1573 463 1732 496 nefarium
1755 465 1821 497 bel-

277 517 401 550 torihus
436 523 466 551 et
490 517 683 550 christianae
712 518 787 550 fidei
823 518 968 551 hostibus
994 519 1025 551 in

276 572 337 603 hoe
351 571 479 604 saeculo
488 570 638 603 victorias
653 571 862 614 reportando,
879 571 1023 604 eamdem

275 628 502 667 propagarent,
536 624 591 656 sed
620 634 693 656 mox
717 625 756 656 ad
777 629 939 657 aeternam
965 624 1024 667 ips-i

275 677 420 710 caelestis
440 676 563 720 patriae
583 676 816 710 beatitudinem
838 678 950 717 evecti,
974 677 1024 721 pie

274 730 360 773 apud
388 729 488 763 Deum
510 730 751 771 intercedendo,
780 730 868 763 illam
889 731 937 763 vel
960 742 1025 763 ma-

274 783 356 815 xime
377 783 521 816 iuvarent
548 794 584 816 ac
609 789 767 827 perpetuo
789 783 908 816 iuvent.
933 784 1023 817 L'nde

272 846 336 868 non
356 835 518 869 immerito
539 846 648 870 sacrae
678 847 791 869 eorum
813 836 972 880 reliquiae
994 843 1024 870 ct

272 889 460 922 eorumdem
473 889 660 933 passionum
670 895 878 923 monumenta
890 890 921 922 in
931 889 1024 923 terris

271 943 395 983 relicta,
419 942 630 975 christianum
652 943 809 986 populum
830 944 869 976 ad
890 944 1022 976 laudan·

272 997 349 1029 dum
371 996 403 1028 in
425 996 470 1029 eis
489 996 628 1029 divinam
654 996 866 1038 maiestatem,
889 997 928 1030 ad
949 997 1020 1030 illo-

271 1060 343 1083 rum
351 1049 506 1082 salutaria
522 1050 667 1093 exempla
678 1049 845 1090 imitanda,
860 1051 1021 1083 adrerum

271 1103 500 1143 humanarum,
515 1103 790 1146 etpraetereuntis
802 1103 900 1136 huius
912 1104 1020 1136 saectili

269 1155 530 1199 despicientiam,
551 1156 590 1188 ad
611 1166 725 1189 eorum
754 1156 894 1199 denique
926 1167 1020 1200 opem

268 1214 299 1242 et
318 1208 536 1252 patrocinium
568 1209 600 1241 in
621 1209 886 1243 tribulationilnis
916 1216 946 1243 et
966 1221 1021 1243 ne-

268 1262 470 1296 cessitatibus
483 1262 697 1296 invocandum
712 1263 830 1296 mirum
843 1263 875 1296 in
887 1264 1019 1297 modum

267 1315 416 1350 excitant.

311 1370 326 1413 ξ
343 1370 374 1402 1.
397 1369 483 1402 Inter
499 1370 558 1403 hos
576 1380 652 1402 vero
668 1369 754 1413 ipsos
774 1381 856 1414 qnos
877 1371 1019 1415 martyrii

85 1431 387 1467 §.Ptucffgiusetcorona
416 1423 551 1456 donatos
576 1423 736 1456 catholica
761 1424 888 1457 invocat
912 1430 940 1457 et
967 1436 1019 1457 re-

69 1468 189 1519 ῗιῗζυιῗιοοέἶ
210 1462 252 1514 ἒὲῗ
265 1482 399 1509 neratur
423 1476 576 1517 Ecclesia,
609 1476 725 1509 merito
751 1477 867 1519 insigni
897 1478 1019 1511 honore

69 1525 149 1546 mm*
164 1529 187 1545 ⁵⁹
208 1524 250 1545 ⁰⁰⁰
266 1530 458 1563 celebranda
474 1535 519 1563 est
533 1529 688 1562 memoria
700 1535 884 1563 sanctorum
899 1532 1019 1564 Placidi

68 1556 165 1577 dicarunt
187 1558 209 1576 et
229 1556 250 1576 in

68 1587 252 1638 Ἥῑῆῖιῑὲἑὲέῃᾶζῖ
265 1588 296 1617 et
325 1584 488 1617 sociorum
524 1583 719 1627 Martyrum,
756 1584 812 1627 qui
851 1585 1018 1618 Iustiniani

66 1624 174 1685 innatam
213 1636 373 1680 permagni
398 1636 604 1680 imperatoris
629 1637 842 1680 temporibus,
876 1649 949 1670 cum
983 1639 1015 1671 S.

65 1679 250 1738 ζξζεζξᾚζξᾞζζῖ
263 1690 439 1730 Benedicti,
467 1695 544 1722 tunc
561 1689 667 1722 adhuc
684 1690 830 1730 viventis,
851 1691 1018 1734 religionis

65 1740 248 1793 ffllfjffffifflnffg
262 1743 365 1776 zelum
386 1748 418 1776 et
433 1742 516 1776 vitae
538 1742 741 1776 sanctitatem
775 1744 938 1785 admirati,
958 1745 1017 1778 sub

65 1803 216 1825 exhibuerunt-
261 1795 349 1829 illius
368 1796 489 1840 Regula
509 1807 542 1829 se
561 1796 616 1830 Dei
628 1796 792 1840 obsequiis
811 1797 1014 1838 dicavissent,

263 1855 294 1883 et
313 1849 346 1882 in
361 1849 572 1889 monasterio,
595 1859 670 1882 cum
686 1849 830 1883 Ecclesia
841 1850 873 1884 S.
889 1852 1016 1885 Ioannis

262 1902 432 1947 Baptistae,
452 1913 555 1947 prope
570 1913 682 1936 muros
693 1903 856 1937 Messanae
869 1904 1014 1945 civitatis,

261 1962 340 1990 tunc
360 1961 509 1990 recenter
526 1955 712 2000 abipsomet
722 1957 851 1991 Placido
865 1957 897 1990 in
910 1964 1017 2002 pater-

259 2022 302 2044 no
323 2011 425 2045 fundo
445 2016 590 2044 extructo
612 2016 643 2044 et
666 2010 827 2052 instituto,
851 2012 903 2045 cui
930 2013 1014 2046 idem

258 2065 408 2099 Placidus
431 2075 450 2098 a
483 2070 593 2098 sancto
620 2065 794 2099 Benedicto
824 2076 862 2099 eo
883 2067 1011 2107 missus,

260 2124 348 2152 tanto
361 2118 514 2162 magistro
534 2118 650 2162 dignus
668 2118 850 2163 discipulus
860 2126 1011 2163 praeerat,

259 2177 388 2215 gratum
410 2172 574 2206 Altissimo
595 2172 786 2206 exhiberent
805 2174 1011 2211 famulatum2

260 2226 299 2258 ad
319 2235 390 2258 eam
411 2225 643 2269 perfectionem
671 2226 759 2259 brevi
780 2235 1011 2270 pervenerunt,

261 2284 307 2319 ut,
334 2289 408 2312 cum
433 2289 547 2312 eornm
565 2279 797 2313 sanctimoniae
814 2279 898 2314 fama
918 2282 1014 2324 longe

260 2333 389 2376 lateque
414 2332 540 2373 diffusa,
564 2332 659 2366 etiam
690 2333 723 2365 in
749 2334 864 2367 urbem
895 2334 1012 2368 Roma-

260 2397 334 2419 nam
360 2386 566 2429 pervasisset,
605 2387 773 2430 impulerit
808 2387 878 2430 pios
913 2388 1013 2431 ipsius

259 2435 380 2468 Placidi
415 2436 529 2468 fratres
561 2447 732 2479 germanos
764 2436 957 2481 Eutychiani
984 2444 1014 2471 et

259 2484 475 2525 Victorinum,
502 2490 534 2518 et
550 2484 707 2528 virginem
723 2485 863 2519 Flaviani
885 2497 1013 2519 eorum-

259 2533 332 2566 dem
350 2544 508 2573 sororem,
535 2534 575 2566 ad
597 2536 657 2566 iter
683 2534 926 2578 suscipiendum
940 2535 1012 2568 Pla-

260 2582 324 2615 cidi
345 2583 452 2616 fratris
471 2582 591 2615 visendi
606 2594 712 2617 causa.
736 2584 798 2617 Sed
816 2584 923 2617 divina
935 2595 1011 2628 pro-

259 2630 399 2666 videntia
427 2632 548 2666 sactum
579 2638 626 2666 est
652 2638 698 2675 ut,
734 2644 808 2667 cum
834 2633 1010 2668 Messanam

1069 517 1148 557 lum,
1173 517 1296 550 insulae
1316 527 1390 550 vero
1410 516 1539 550 Siciliae
1560 516 1752 557 vastitatem,
1777 518 1823 550 in-

1069 570 1194 609 cendia,
1218 570 1346 613 rapinas
1366 570 1519 610 inferens,
1547 571 1585 603 ad
1607 571 1754 603 eamdem
1777 571 1822 604 ci-

1068 622 1196 655 vitatem
1218 634 1254 656 ex
1275 623 1450 667 improviso
1471 623 1647 667 appulerit.
1672 624 1730 656 Ubi
1753 624 1822 657 eins

1068 676 1177 708 classis
1195 677 1258 709 dux
1279 677 1493 717 Mannuncha,
1515 688 1588 710 cnm
1609 677 1641 709 in
1662 684 1821 711 monaste-

1067 728 1151 760 rinm
1174 729 1355 772 irrupisset,
1376 730 1483 774 (reecpit
1503 731 1584 763 mira
1605 730 1729 764 scritate
1746 742 1822 764 con-

1067 787 1114 814 tra
1127 792 1181 814 eos
1193 793 1305 815 omnes
1319 783 1351 815 in
1365 783 1492 816 vincula
1505 784 1669 817 coniectos
1681 785 1816 823 saevire,

1066 840 1097 867 et
1135 835 1352 868 acerbissimis
1389 836 1585 879 quibusdam
1623 837 1821 870 cruciatibus

1066 888 1299 931 exquisitisque
1322 893 1557 922 tormentorum
1578 890 1751 932 generibus
1769 901 1821 923 co-

1065 942 1146 982 nari,
1168 942 1192 974 si
1227 953 1291 984 qna
1315 942 1442 975 ratione
1471 947 1578 985 posset
1604 953 1658 976 eos
1681 954 1698 976 a
1733 944 1820 977 chri-

1064 995 1166 1027 stiana
1188 994 1344 1037 religione
1365 994 1540 1028 dimovere.

1109 1048 1123 1091 ξ
1145 1047 1174 1080 ⁶2.
1198 1048 1429 1080 Verumtamen
1452 1048 1532 1091 ipsi,
1553 1048 1724 1082 adiuvante
1751 1050 1820 1093 Spi-
1881 1058 2019 1085 mincip-aque

1064 1101 1145 1134 ritus
1166 1101 1273 1134 Sancti
1298 1100 1413 1143 gratia,
1434 1106 1464 1134 et
1491 1111 1556 1138 uon
1575 1102 1672 1134 modo
1691 1101 1723 1134 in
1744 1103 1819 1135 reli-
1835 1091 2019 1146 ,⁰12¹'⁰s¹.¹,³0'f¹{‚.,.³‚'‘¹⁹0}

1063 1154 1161 1197 giosis
1180 1154 1268 1196 viris,
1291 1155 1345 1187 sed
1383 1155 1415 1187 in
1449 1155 1522 1187 aliis
1543 1165 1675 1198 qnoque
1699 1156 1819 1188 Placidi
1836 1155 1922 1206 ᾗζζζᾞῃ
1945 1158 2019 1203 οςζῗιζζ

1064 1208 1227 1247 fratribus,
1250 1213 1347 1251 atque
1381 1208 1462 1241 adeo
1500 1209 1532 1240 in
1558 1220 1634 1241 sexu
1661 1209 1764 1251 fragili
1791 1215 1819 1242 et
1837 1212 1867 1230 ⁵³³
1889 1212 1908 1231 ⁵¹
1933 1212 2019 1234 '⁰³⁰⁰ss

1063 1261 1206 1304 virgineo
1228 1267 1372 1305 pectore,
1392 1272 1483 1294 snam
1510 1262 1650 1295 divinam
1668 1263 1821 1296 virtutem
1837 1248 1958 1300 ptiiiifw'*
1982 1251 2019 1265 ⁵⁰*

1064 1315 1256 1347 mirabiliter
1287 1316 1495 1356 ostendente,
1535 1316 1644 1349 cuncti
1672 1316 1705 1349 in
1733 1305 2019 1366 ‹stiri-Eifisssfmi'iitui'ss

1063 1368 1183 1401 stianae
1202 1368 1275 1400 tidei
1289 1369 1455 1411 praet-lara
1473 1369 1676 1402 consessione
1692 1370 1820 1403 fortiter
1835 1374 1908 1420 θζζῗέὶ
1922 1401 1941 1420 m
1959 1371 2019 1421 ..¹0⁰2ss

1064 1427 1303 1465 perseverantes
1321 1450 1328 1463 ,
1366 1433 1502 1465 agonem
1540 1434 1634 1455 suum
1674 1423 1817 1466 glorioso
1833 1406 1915 1451 ilseson'c
1949 1408 2017 1452 dici-io

1063 1476 1214 1520 martyrio
1233 1482 1514 1510 consummarunt.
1536 1476 1683 1520 Cumque
1702 1488 1816 1510 eorum
1833 1463 1941 1521 fss.¹e⁰.i'.}‚⁰.
1970 1467 2019 1484 ΕΜ

1061 1528 1192 1571 quidem
1233 1528 1359 1561 animae
1400 1529 1631 1573 triumphalem
1675 1531 1816 1573 palmam

1061 1582 1194 1625 adeptae
1207 1582 1239 1614 in
1251 1582 1379 1614 coelum
1393 1583 1580 1623 evolassent,
1597 1594 1734 1627 corpora
1742 1594 1816 1616 vero

1061 1635 1182 1675 multis,
1194 1641 1230 1668 nt
1244 1635 1387 1678 antiqute
1406 1640 1566 1669 testantur
1583 1636 1738 1677 historiae,
1753 1648 1818 1670 ma-

1060 1688 1197 1732 gnisque
1223 1689 1388 1721 miraculis
1422 1688 1573 1730 illustria,
1610 1690 1643 1721 in
1682 1690 1817 1723 ecclesia

1059 1742 1165 1775 Sancti
1176 1742 1304 1775 Ioannis
1315 1742 1477 1786 Baptistae
1495 1742 1718 1785 Messanensis,
1734 1755 1817 1787 quae

1061 1797 1269 1840 postmodum
1291 1806 1443 1830 successu
1462 1797 1617 1840 temporis
1636 1797 1667 1830 in
1688 1798 1814 1842 priora-

1060 1855 1129 1883 tum
1162 1850 1332 1894 hospitalis
1363 1850 1509 1883 eiusdem
1543 1850 1651 1884 Sancti
1688 1852 1816 1885 Ioannis

1059 1904 1355 1948 llierosolymitani,
1389 1904 1449 1936 fuit
1474 1909 1592 1943 erecta,
1617 1905 1668 1947 pie
1689 1907 1815 1949 sepulta

1059 1963 1089 1991 et
1109 1958 1289 1997 recondita,
1304 1963 1489 2000 temporum
1502 1958 1623 1991 iniuria
1641 1969 1699 2002 per
1714 1960 1815 1993 multa

1058 2011 1187 2044 saecula
1212 2011 1253 2044 ita
1274 2010 1352 2043 inibi
1370 2011 1498 2044 occulta
1508 2011 1813 2053 latuissent,11tiani

1058 2070 1167 2098 nostra
1183 2070 1298 2104 aetate,
1319 2064 1395 2097 licet
1415 2075 1451 2097 ex
1471 2064 1622 2108 pluribus
1642 2067 1815 2110 antiquita—

1058 2118 1097 2151 tis
1122 2118 1343 2151 monumentis
1370 2124 1532 2151 constaret
1553 2129 1589 2151 ea
1615 2119 1647 2152 in
1667 2121 1813 2163 praefata

1058 2172 1193 2205 ecclesia
1225 2172 1332 2214 Sancti
1353 2171 1482 2204 Ioannis
1507 2172 1666 2216 Baptistae
1687 2175 1814 2218 sepulta

1058 2225 1166 2265 fuisse,
1190 2231 1297 2258 tamen
1312 2230 1420 2257 certus
1441 2225 1510 2258 eius
1531 2226 1686 2259 ecclesiae
1708 2227 1810 2268 locus,

1056 2279 1111 2312 ubi
1137 2279 1196 2311 sita
1216 2278 1332 2319 forent,
1356 2279 1486 2322 penitus
1507 2278 1723 2322 ignoraretur3
1746 2281 1813 2324 pla-

1057 2332 1125 2365 cuit
1142 2332 1272 2365 tandem
1305 2331 1430 2365 divinae
1456 2332 1701 2366 misericordiae
1721 2345 1812 2367 sacra

1056 2386 1291 2419 nonnullorum
1319 2397 1354 2418 ex
1381 2386 1426 2419 eis
1447 2392 1659 2420 monumenta
1684 2394 1715 2421 et
1735 2388 1810 2421 reli-

1056 2435 1160 2479 quias,
1183 2435 1260 2468 dum
1297 2445 1356 2479 pro
1378 2435 1594 2468 fundamentis
1626 2435 1658 2469 in
1683 2447 1811 2480 repara-

1057 2485 1143 2518 tione
1165 2484 1265 2528 ipsius
1277 2484 1433 2518 ecclesiae
1454 2484 1610 2517 iaciendis
1630 2486 1750 2518 humus
1771 2485 1811 2517 ef-

1056 2534 1232 2573 foderetur,
1251 2539 1319 2577 post
1338 2534 1471 2577 longum
1486 2535 1642 2578 temporis
1658 2534 1810 2567 interval-

1056 2583 1122 2615 lum
1143 2593 1249 2626 nuper
1260 2583 1292 2616 in
1314 2584 1418 2616 lucem
1436 2584 1595 2627 proferre.

1099 2632 1113 2675 ξ
1134 2632 1165 2667 3.
1189 2632 1302 2673 Quare,
1329 2643 1402 2666 cum
1428 2633 1571 2676 primum
1593 2644 1629 2666 ex
1654 2632 1809 2666 relatione

1950 1276 2020 1297 multis
