2226 3070
226 268 278 296 An.
295 267 325 296 C.
342 267 410 295 1588

255 1486 277 1507 Et
287 1488 307 1506 in
319 1487 358 1507 hoc
368 1489 411 1507 ter-

229 1520 258 1538 tto
275 1523 330 1538 anuo
347 1524 371 1538 ex
387 1524 412 1538 a—

229 1551 262 1571 liis
286 1551 356 1570 causis
379 1549 412 1569 liic

228 1584 338 1603 emanatus.
350 1580 414 1600 habi—

229 1617 248 1632 ta
265 1613 357 1637 desuper
368 1617 413 1631 cum

227 1645 248 1665 S.
264 1643 287 1664 R⁴
304 1643 413 1663 Ecclesiae

228 1675 286 1695 card.
298 1674 413 1694 consulta—

227 1707 292 1730 tione,
309 1706 350 1725 alia
369 1705 413 1725 de—

228 1738 273 1757 cies
319 1738 415 1756 centena

228 1767 294 1787 millia
309 1772 413 1787 nummum

229 1803 343 1818 aureorum
366 1797 414 1818 col-

229 1829 287 1855 logii.

468 256 488 277 (ι)

424 318 462 351 ad
488 327 540 350 res
563 316 713 350 difficiles
740 314 957 359 explicandas,
978 323 1014 346 ac
1039 312 1176 345 maxima

423 374 569 419 pericula
607 373 857 417 gravissimaque
895 370 1082 404 discrimina
1115 368 1179 402 evi-

424 433 531 473 tanda,
564 431 777 477 pecuniarum
815 429 942 473 copiam
977 426 1179 471 quampluri-

424 501 513 523 mum
535 491 682 524 conferre
700 489 974 532 dignosceremus,
995 484 1101 528 primo
1119 495 1178 517 no-

425 549 480 582 stri
493 547 701 592 pontificatus
713 556 797 578 anno
810 544 916 578 decies
935 548 1071 576 centena
1085 552 1178 575 num-

425 616 514 638 mum
535 614 711 638 aureorum
729 602 841 642 millia3
864 601 965 634 altero
976 610 1064 639 vero,
1080 599 1180 632 altera

426 663 538 696 itidem
564 662 670 696 decies
696 665 831 694 centena
869 658 971 691 millia
1000 658 1032 690 in
1054 663 1179 690 certum

425 721 632 764 sanctiusque
650 719 812 752 aerarium
833 716 934 760 (quod
956 716 988 748 in
1015 714 1181 760 pontificia

426 779 458 812 S.
478 779 591 822 Angeli
623 788 697 811 arce
725 776 939 811 constitutum
970 776 1028 818 est)
1054 785 1181 807 summa

425 837 592 880 diligentia
625 836 851 879 industriaque
878 833 1061 873 retulimus,
1086 843 1123 866 ac
1142 833 1181 865 de

426 895 573 938 utrisque
604 893 710 927 decies
739 892 884 926 centenis
911 891 1055 924 millibus
1088 901 1181 923 num—

426 962 515 985 mum
538 957 697 996 perpetuo
717 949 930 990 asservandis,
943 959 1003 982 nec
1025 949 1091 981 ullo
1106 948 1181 981 inde

427 1021 583 1054 umquam
608 1016 767 1053 tempore,
795 1008 856 1040 nisi
890 1008 929 1041 ad
964 1006 1181 1052 praescriptos

427 1069 631 1111 maximeque
658 1067 857 1101 necessarios
887 1076 966 1099 usus
985 1065 1180 1108 depromen-

428 1127 477 1159 dis
497 1133 528 1160 et
543 1127 725 1170 erogandis,
745 1125 837 1159 binas
854 1123 1102 1158 constitutiones
1117 1122 1181 1155 edi-

426 1186 547 1226 dimus,
570 1196 710 1229 quarum
733 1191 872 1225 tenores,
896 1182 1020 1217 tametsi
1050 1181 1103 1215 hic
1126 1191 1181 1224 pro

427 1243 556 1276 insertis
576 1249 608 1276 et.
627 1242 786 1286 expressis
804 1241 1092 1280 haberivolumus,
1111 1239 1182 1272 illos

427 1301 643 1334 nihilominus
663 1301 758 1335 etiam
790 1300 829 1334 de
852 1299 951 1333 verbo
972 1298 1012 1331 ad
1031 1297 1179 1338 verbum,

426 1365 587 1402 quatenus
607 1370 688 1403 opus
713 1359 765 1399 sit,
788 1358 886 1391 inseri
908 1357 1108 1390 mandamus.

469 1417 485 1460 g
500 1418 531 1450 1.
547 1417 776 1450 Verumtamen
787 1427 862 1450 cum
875 1416 1027 1449 adversus
1039 1414 1182 1448 eiusdem

427 1475 648 1519 apostolorum
671 1474 828 1518 principis
852 1484 964 1506 navem
986 1483 1084 1506 novos
1104 1482 1183 1516 quo-

426 1533 503 1566 tidie
525 1532 682 1566 concitari
703 1532 834 1572 fluctus,
848 1542 885 1564 ac
896 1531 1076 1564 Turcarum
1092 1541 1183 1574 prae-

430 1591 526 1635 cipue
552 1597 737 1635 tyrannum,
760 1589 999 1623 atrocissimum
1017 1587 1183 1621 christiani

428 1649 569 1682 nominis
589 1649 728 1688 hostem,
750 1649 789 1681 ab
810 1647 1053 1681 immanissimis
1072 1647 1185 1680 haere-

430 1707 503 1740 ticis
523 1712 553 1740 et
569 1706 783 1740 schismaticis
802 1706 871 1750 (qui
887 1706 950 1739 iam
967 1716 1032 1739 non
1044 1705 1184 1749 amplius

429 1765 469 1798 de
494 1764 557 1798 fide
578 1770 634 1798 aut
651 1765 689 1798 de
710 1764 870 1807 religione
891 1763 1104 1803 contendunt,
1129 1762 1185 1795 sed

429 1823 468 1856 de
484 1822 722 1857 catholicorum
743 1822 889 1866 pernicie
910 1827 941 1855 ct
961 1821 1092 1854 interitu
1117 1820 1186 1853 dies

429 1887 606 1924 noctesque
622 1881 783 1924 cogitant)
804 1879 974 1914 sollicitari
999 1879 1182 1919 audiamus,

429 1945 465 1973 ut
495 1940 660 1983 ingentem
691 1939 829 1972 instruat
856 1939 1012 1979 classem,
1045 1937 1186 1980 totisque

429 1997 553 2031 viribus
564 1997 597 2030 in
608 1997 862 2031 christianorum
875 1996 1010 2030 exitium
1027 1995 1183 2038 insurgat,

431 2056 628 2100 eosdemque
645 2055 808 2089 Ecclesiae
827 2055 883 2089 Dei
904 2054 1090 2098 perduelles
1105 2053 1185 2086 nihil

430 2114 462 2146 in
483 2114 550 2147 dies
570 2114 695 2147 enixius
715 2113 822 2147 moliri
847 2124 945 2156 quam
971 2118 1003 2146 ut
1031 2112 1186 2145 inconsu-

431 2172 520 2204 tilem
546 2171 660 2205 Christi
686 2172 757 2205 Iesu
778 2170 1004 2215 Redemptoris
1024 2170 1184 2210 tunicam,

431 2230 494 2263 hoc
511 2235 555 2263 cst
576 2230 769 2263 catholicam
783 2229 974 2269 Ecclesiam,
994 2228 1186 2269 discindant,

432 2299 469 2321 ac
489 2299 589 2331 regna
609 2293 638 2321 ct
658 2289 798 2332 populos
819 2299 836 2321 a
861 2287 1045 2321 christianis
1064 2287 1186 2331 princi-

432 2346 529 2389 pibus
554 2346 721 2379 teterrimo
742 2345 915 2390 impietatis
944 2356 1058 2379 eorum
1085 2345 1186 2378 schis-

433 2411 517 2439 mate
538 2405 691 2438 alienent.
719 2404 877 2444 Quocirca
897 2405 1042 2448 ingentes
1062 2410 1093 2438 et
1117 2405 1187 2437 luc-

433 2469 541 2497 tuosas
559 2463 670 2496 turbas
696 2463 728 2496 in
749 2462 978 2496 florentissimo
1000 2463 1121 2496 Galliae
1141 2472 1188 2495 re-

432 2532 494 2565 gno
515 2521 638 2555 iamdiu
650 2521 802 2554 excitatas
822 2520 969 2563 quotidie
990 2520 1091 2563 magis
1102 2520 1188 2554 alere

432 2586 528 2623 atque
549 2580 691 2613 conflare
716 2589 782 2612 non
803 2578 974 2618 desistunt,
993 2583 1087 2621 atque
1108 2578 1188 2612 adeo

433 2638 468 2671 in
487 2638 583 2672 variis
605 2637 795 2673 Germaniae
813 2637 905 2678 locis,
927 2636 1075 2680 equitum
1094 2636 1186 2680 pedi-

470 279 488 288 ..
894 242 897 243 γ
1022 260 1203 285 BULLARIUM
1223 258 1374 283 ROMANUM

1218 316 1353 354 tumque
1367 309 1502 342 collecta
1522 318 1633 347 manu,
1651 307 1770 351 passim
1791 318 1826 342 ac
1838 308 1972 353 impune

1219 367 1403 401 acerbiores
1441 366 1577 399 iniurias
1609 365 1822 408 gravioraque
1855 366 1973 399 damna

1220 425 1429 464 minitant1.1r;
1473 423 1672 457 venerabiles
1714 423 1828 456 fratres
1873 423 1974 456 nostri

1220 484 1251 518 S.
1271 484 1308 516 R.
1326 483 1361 516 E.
1390 482 1585 521 cardinales,
1612 481 1731 525 quibus
1751 492 1825 514 cum
1847 492 1865 514 a
1881 482 1975 515 nobis

1220 542 1280 575 hac
1300 542 1339 575 de
1360 552 1395 575 re
1419 540 1547 584 saepius
1562 546 1670 573 actum
1692 544 1749 580 est,
1777 538 1976 572 animadver-

1221 605 1323 633 tentes
1343 598 1522 632 maioribus
1543 597 1636 630 malis
1658 597 1886 640 ingruentibus
1906 607 1975 630 ma-

1222 656 1281 690 iori
1320 657 1416 690 etiam
1438 657 1654 700 pecuniarum
1683 655 1847 700 praesidio
1872 656 1975 699 Apos-

1223 714 1339 747 tolicae
1368 714 1460 747 Sedis
1479 724 1562 758 opus
1581 724 1662 754 esse,
1684 723 1804 757 operae
1828 713 1976 756 precium

1222 771 1385 804 duxerunt
1405 777 1440 804 ut
1468 782 1486 804 a
1510 771 1604 804 nohis
1625 771 1687 804 alia
1712 770 1821 804 decies
1841 775 1979 803 centena

1222 839 1394 862 nummum
1411 839 1586 862 aureorum
1608 829 1722 870 millia,
1749 834 1878 872 praeter
1901 829 1978 861 bina

1222 886 1403 930 superiora,
1445 887 1615 930 pontificio
1643 892 1755 920 nostro
1789 888 1821 920 in
1851 886 1983 920 aerario>

1223 946 1470 979 collocaremus.

1268 1004 1334 1047 §Q
1361 1004 1424 1037 Nos
1450 1014 1537 1044 vero,
1565 1004 1620 1047 qui
1641 1013 1706 1036 non
1731 1003 1919 1045 ignoramus
1947 1008 1978 1036 et

1224 1062 1405 1106 praesidem
1440 1062 1577 1095 civitatis
1601 1062 1702 1095 fustra
1730 1061 1876 1104 vigilare,
1916 1059 1977 1094 nisi

1223 1130 1293 1153 eam
1322 1120 1479 1153 Dominus
1499 1120 1671 1160 custodiat,
1692 1125 1723 1152 et
1743 1118 1848 1162 ipsum
1868 1119 1978 1152 Domi-

1222 1189 1301 1211 num
1314 1178 1442 1218 tentari,
1462 1178 1523 1211 nisi
1536 1178 1591 1222 qui
1610 1183 1736 1222 przeest,
1756 1177 1839 1211 vires
1850 1187 1979 1211 nervos-

1222 1247 1285 1279 que
1307 1247 1419 1269 omues
1444 1236 1601 1277 intendat,
1622 1241 1656 1268 ut
1677 1246 1714 1269 ea
1735 1236 1832 1269 saciat
1843 1241 1873 1269 et
1887 1247 1979 1280 prae—

1223 1300 1293 1335 stet,
1315 1305 1398 1338 quae
1419 1294 1459 1327 ad
1485 1294 1646 1328 civitatem
1675 1293 1828 1327 tuendam
1849 1304 1978 1327 servan-

1223 1353 1362 1397 damque
1393 1353 1598 1397 pertineant,
1625 1352 1816 1386 eorumdem
1843 1352 1979 1385 fratrum

1224 1417 1408 1444 nostrorum
1421 1410 1592 1444 consilium
1609 1421 1817 1455 summopere
1836 1411 1980 1455 proban-

1226 1473 1282 1509 tes,
1305 1469 1549 1502 clementissimi
1586 1469 1642 1502 Dci
1672 1469 1872 1512 benignitate
1891 1468 1977 1508 freti,

1226 1526 1265 1559 ad
1285 1527 1473 1560 huiusmodi
1504 1527 1718 1572 pecuniarum
1739 1538 1899 1560 summam
1924 1538 1980 1561 co-

1225 1590 1374 1632 gendam,
1387 1601 1525 1634 eamque
1538 1590 1570 1623 in
1582 1590 1667 1623 idem
1679 1589 1883 1634 pontificium
1892 1600 1981 1624 aera-

1226 1648 1311 1681 rium
1343 1649 1560 1689 referendam,
1592 1654 1734 1681 mentem
1755 1659 1886 1682 omnem
1910 1648 1981 1682 ani-

1226 1716 1382 1750 mumque
1403 1705 1593 1739 adiecimus.
1616 1705 1702 1739 Motu
1726 1705 1862 1749 proprio
1881 1705 1982 1749 igitur

1227 1769 1259 1797 et
1279 1775 1316 1797 cx
1337 1769 1424 1797 certa
1449 1769 1558 1797 nostra
1576 1764 1721 1805 scientia,
1745 1775 1782 1797 ae
1802 1763 1914 1797 habita
1928 1775 1982 1797 su-

1226 1832 1286 1866 per
1310 1822 1373 1855 hoc
1393 1832 1467 1855 cum
1497 1822 1619 1855 eisdem
1649 1821 1891 1856 venerabilibus
1917 1821 1982 1856 fra-

1227 1881 1329 1913 tribus
1354 1880 1473 1914 nostris
1507 1880 1539 1914 S.
1572 1880 1610 1914 R.
1643 1880 1678 1914 E.
1702 1880 1922 1914 cardinalibus
1948 1880 1981 1913 in

1228 1939 1421 1972 consistorio
1434 1945 1545 1972 nostro
1565 1943 1689 1972 secreto
1709 1944 1838 1972 matura
1863 1938 1983 1972 delibe-

1227 1997 1365 2038 ratione,
1398 1997 1437 2030 de
1472 2007 1585 2030 eorum
1614 1996 1751 2030 consilio
1780 2002 1812 2030 ct
1835 1996 1983 2030 unanimi

1228 2065 1401 2096 consensu,
1423 2056 1484 2089 hac
1509 2055 1671 2099 praesenti
1696 2060 1806 2089 nostra
1823 2060 1983 2099 perpetuo

1227 2113 1364 2146 valitura
1400 2113 1647 2154 constitutione,
1682 2113 1768 2146 dicta
1799 2113 1862 2146 alia
1887 2113 1983 2146 tertio

1228 2172 1299 2204 loco
1329 2171 1437 2205 decies
1457 2176 1592 2205 centena
1612 2171 1714 2204 millia
1734 2181 1907 2204 nummum
1927 2181 1983 2204 au-

1228 2239 1359 2262 reorum
1386 2229 1417 2261 in
1439 2230 1551 2263 eadem
1582 2239 1656 2262 arce
1676 2234 1785 2262 nostra
1814 2228 1983 2272 pontificia

1228 2287 1396 2330 S-Angcli,
1410 2293 1440 2321 et
1453 2287 1607 2321 sanctiori
1628 2287 1754 2320 aerario
1771 2297 1859 2320 nunc
1870 2297 1983 2321 recon-

1229 2346 1346 2386 dimus,
1387 2345 1579 2390 reponimus
1617 2350 1649 2379 et
1686 2345 1906 2386 collocamus,
1946 2356 1983 2378 ac

1228 2403 1354 2437 Clu-isto
1386 2403 1523 2436 Domino
1557 2409 1681 2443 nestro,
1718 2403 1833 2436 Beatae
1866 2403 1983 2436 Mariae

1229 2472 1357 2506 semper
1376 2460 1496 2504 Virgini
1517 2466 1548 2493 et
1567 2460 1686 2494 sanctis
1714 2460 1869 2504 apostolis
1887 2460 1983 2493 Petro

1229 2525 1260 2553 et
1283 2520 1383 2553 Paulo
1411 2519 1579 2553 offerimus
1612 2525 1644 2552 et
1672 2519 1837 2559 dicamus,
1867 2517 1982 2552 iisdem

1229 2578 1362 2611 omnino
1382 2577 1507 2621 legibus
1527 2582 1558 2610 et
1575 2577 1830 2618 conditionibus,
1853 2586 1935 2620 quae
1950 2575 1983 2608 in

1230 2635 1402 2680 prioribus
1420 2634 1539 2669 nostris
1558 2634 1710 2679 superius
1728 2633 1898 2679 descriptis
1909 2644 1986 2669 con-

1989 255 2040 283 An.
2057 251 2086 282 C.
2104 253 2173 282 1588

2018 1005 2044 1026 Et
2071 1005 2134 1026 modo
2157 1006 2178 1026 in

1992 1037 2048 1058 dicta
2057 1042 2107 1058 arce
2122 1036 2178 1058 San-

1993 1068 2022 1088 cti
2047 1067 2123 1093 Augen
2153 1074 2179 1088 ea

1953 1119 1959 1125 ,
1993 1099 2085 1125 reponit,
2093 1097 2178 1126 Deoque

1993 1133 2016 1151 et
2029 1130 2077 1150 eius
2096 1128 2179 1155 Virgini

1993 1163 2073 1184 Mariae
2090 1168 2117 1183 ac
2141 1162 2178 1184 SS.

1992 1194 2096 1221 apostolis
2135 1193 2180 1214 Pe-

1993 1229 2026 1247 tro
2042 1227 2063 1246 et
2073 1224 2138 1246 Panto
2146 1225 2180 1246 dl-

1994 1260 2039 1282 σαι,
2087 1257 2179 1283 indeque

1993 1287 2060 1314 promi
2076 1288 2182 1314 (praeter-

1994 1325 2055 1346 quam
2072 1319 2093 1339 in
2115 1318 2179 1339 easi-

1994 1349 2033 1371 bus
2053 1349 2086 1370 hic
2108 1354 2180 1370 exce—

1995 1381 2046 1408 ptis)
2058 1380 2165 1409 prohibet.
