2226 3070
62 315 111 342 An.
133 314 160 342 C.
177 313 241 342 1591

72 1059 184 1085 Gregorius
199 1059 245 1079 XIII

59 1086 121 1107 iussit.
143 1086 163 1106 in
187 1085 244 1106 dieto

59 1112 188 1133 monasterio
203 1118 243 1132 000

59 1139 149 1165 amplius
177 1139 244 1164 recipi

60 1166 158 1186 mulieres
174 1171 244 1185 eorru-

59 1194 114 1218 ptas.
129 1192 166 1212 sed
182 1192 244 1217 virgi-

59 1225 96 1239 nes
118 1220 198 1239 tantuin
220 1224 244 1238 ex

59 1251 124 1266 causa
151 1245 186 1266 hic
210 1250 244 1265 ex-

60 1277 139 1298 pressa.

77 2383 120 2404 Sed
130 2384 247 2405 dubitatum

64 2409 132 2431 fuitan
141 2413 248 2436 protector

63 2438 83 2456 et
112 2438 247 2462 congregatio

63 2462 165 2484 haherent
183 2464 247 2484 totale

65 2490 158 2515 regimen
197 2490 247 2510 dit-ti

64 2517 192 2539 monasterii,
220 2517 247 2537 ob

63 2543 199 2563 mutationem
222 2543 247 2564 dc

65 2574 107 2594 qua
121 2575 190 2596 supra.

861 312 1040 337 GREGORIUS
1059 312 1113 337 xlv
1130 313 1179 337 PP.

260 371 366 394 cessus
386 366 417 394 et
435 360 607 394 sententias
630 360 676 394 sic
696 361 843 394 serendas
861 362 1001 394 nullate-

259 425 319 447 nus
348 415 531 458 impugnari
562 425 618 447 seu
648 415 808 453 revocari,
833 415 891 447 nisi
915 420 1003 447 motu

258 467 402 511 proprio,
419 473 450 500 et
460 467 529 511 ipso
543 473 725 511 protectore
745 478 872 510 semper
892 472 1003 499 vocato

259 525 290 553 et
310 521 419 553 audito
434 548 441 560 ,
465 532 502 554 ac
533 531 571 553 eo
600 521 829 557 consentiente,
854 520 1001 564 impediri

258 584 323 606 non
349 584 452 618 posse.
476 574 513 607 Et
532 573 577 606 sic
596 584 654 617 per
674 584 897 617 quoscumque
919 573 1002 605 iudi-

259 637 311 660 ces
331 632 362 659 et
393 626 652 666 commissarios,
674 626 785 669 quavis
815 626 1002 659 auctoritate

259 681 436 722 fungentes,
457 680 581 712 sublata
611 679 703 712 aliter
723 679 884 712 iudicandi
907 685 934 711 01
957 679 1003 711 111-

260 732 455 777 terpretandi
472 733 630 771 facultate,
645 732 779 765 iudicari
801 738 829 765 et
848 732 999 769 deffiniri;

259 798 296 819 ac
316 785 442 818 irritum
463 791 493 818 et
513 785 608 818 inane
629 785 782 828 quicquid
803 796 895 818 secus
908 796 1004 828 super

260 839 310 872 his
330 849 348 871 a
368 849 543 882 quoquam,
561 838 671 882 quavis
684 838 883 878 auctoritate⁷
900 838 1002 871 scien-

260 897 308 925 ter
326 892 374 924 vel
405 891 608 934 ignoranter,
633 891 803 933 contigerit
832 891 999 929 attentari,

260 944 410 978 decrevit.

308 999 322 1041 ἓ
355 998 386 1030 4.
424 999 559 1031 Demum
598 997 790 1030 recolendae
828 998 1003 1030 memoriae

260 1051 433 1093 Gregorius
452 1052 538 1095 Papa
551 1052 628 1091 XIII,
641 1051 869 1094 praedecessor
882 1056 999 1091 noster,

260 1116 333 1138 cum
354 1105 528 1149 accepisset
546 1105 633 1149 quod
654 1104 838 1137 huiusmodi
853 1104 1003 1136 mulieres

260 1163 448 1201 corruptae,
472 1168 554 1201 quae
575 1157 606 1189 in
628 1157 784 1189 moniales
807 1156 906 1200 recipi
927 1157 1003 1189 soli-

260 1217 310 1245 tae
339 1218 448 1251 erant,
473 1212 596 1245 admitti
630 1211 808 1251 desierant,
834 1217 863 1244 et
892 1222 1002 1244 earum

260 1265 331 1297 loco
351 1264 490 1307 virgines
519 1264 619 1308 recipi
651 1270 900 1303 consueverunt,
922 1275 1004 1308 quae

260 1323 366 1350 tamen
387 1317 560 1360 aliquando
584 1317 748 1350 remissius
776 1317 819 1350 ibi
848 1317 1005 1350 moniales

259 1370 393 1409 fiebant,
418 1375 448 1403 et
471 1370 607 1403 subinde
627 1370 807 1403 institutum
826 1371 886 1403 hoc
911 1370 1005 1412 virgi-

258 1434 315 1456 nes
334 1423 510 1467 recipiendi
530 1423 746 1462 minuebatur,
763 1434 803 1456 ne
823 1424 1005 1467 promiscue

260 1486 333 1509 cum
351 1476 510 1519 corruptis
530 1476 761 1519 reciperentur,
787 1476 948 1509 devotioni
970 1487 1005 1509 ac

259 1529 374 1562 maiori
395 1534 568 1571 augmento
589 1529 663 1562 dicti
684 1529 869 1562 monasterii
890 1540 1006 1562 consu-

260 1584 339 1623 lens,
364 1583 590 1616 accedentibus
606 1583 743 1616 maxime
764 1583 1005 1627 supplicationi-

259 1637 319 1670 bus
348 1637 526 1670 abbatissae
551 1637 626 1670 dicti
659 1637 843 1670 monasterii
869 1648 905 1669 ac
926 1637 1003 1669 illud

260 1689 520 1732 gubernantium,
535 1689 643 1722 statuit
665 1695 694 1722 et
715 1690 853 1722 decrevit
865 1690 951 1733 quod
968 1700 1004 1722 ex

261 1749 336 1777 tunc
356 1744 395 1776 (10
415 1749 542 1776 caetero
562 1743 724 1787 perpetuis
746 1743 859 1776 suturis
881 1749 1003 1786 tempo-

260 1797 366 1837 ribus,
387 1796 468 1829 aliae
496 1807 593 1840 quani
623 1796 761 1838 virgines
795 1802 823 1828 et
852 1796 1003 1828 mulieres

260 1849 412 1883 honestae
431 1850 513 1883 vitae
533 1855 563 1882 et
582 1850 685 1882 famae
705 1850 737 1882 in
758 1850 914 1882 moniales
927 1850 1002 1883 dicti

260 1903 446 1936 monasterii
460 1914 477 1935 a
491 1913 665 1946 quoquam,
683 1903 794 1946 quavis
814 1903 1003 1936 auctoritate

260 1955 411 1996 fungente
437 1959 468 1986 et
495 1964 714 1998 quocumque,
739 1954 835 1987 etiam
855 1954 1001 1988 cardina-

260 2008 341 2040 latus
367 2007 491 2040 honore
512 2007 664 2049 fulgente,
689 2007 812 2040 admitti
833 2008 881 2040 101
902 2008 1001 2052 recipi

259 2070 324 2093 non
344 2060 496 2100 valerent,
520 2071 593 2093 cum
618 2060 771 2093 irritantis
801 2061 1020 2104 appositione

260 2113 390 2151 decreti,
400 2118 494 2156 prout
504 2113 536 2145 in
548 2113 680 2155 singulis
688 2113 846 2146 dictorum
854 2114 942 2146 Pauli
951 2115 999 2154 III,

260 2166 330 2200 Iulii
351 2166 446 2199 etiam
467 2166 505 2199 III
525 2177 562 2199 ac
586 2166 731 2209 Gregorii
756 2167 843 2207 XIII,
867 2168 1003 2210 praede-

261 2231 435 2260 cessorum,
460 2226 490 2253 et
509 2221 657 2265 Raynutii
689 2221 860 2254 cardinalis
892 2221 1004 2254 litteris

262 2274 399 2317 desuper
419 2274 571 2307 consectis
591 2274 717 2317 plenius
737 2274 929 2308 continetur.

308 2328 322 2371 ἓ
342 2327 372 2360 5.
396 2328 473 2361 Cum
494 2333 612 2368 autem,
636 2328 718 2361 sieut
745 2339 849 2372 nuper
881 2328 1006 2372 accepi-

263 2393 344 2422 mus,
368 2388 524 2425 quantum
556 2382 787 2415 monasterium
820 2382 1004 2415 huiusmodi

263 2446 281 2467 a
311 2434 474 2478 primaevo
506 2435 590 2468 illius
621 2441 703 2468 statu
737 2435 769 2467 in
801 2434 945 2467 bonitate
977 2441 1007 2467 et

263 2489 464 2522 observantia
484 2489 627 2530 creverit,
651 2490 690 2522 ad
717 2489 873 2522 honorem
901 2488 1005 2521 omni-

262 2542 401 2585 potentis
420 2542 475 2575 Dei
503 2548 533 2574 et
560 2542 662 2575 dictae
690 2542 783 2575 Urbis
813 2542 1001 2581 utilitatem,

262 2605 328 2628 non
363 2595 431 2628 sine
468 2594 611 2636 vigilanti
649 2606 726 2628 cura
764 2605 822 2638 pro
860 2600 1005 2638 tempore

263 2648 423 2681 existentis
457 2648 648 2692 protectoris
685 2654 715 2682 et
748 2648 1006 2691 congregationis

263 2702 462 2746 praedictae,
486 2707 517 2735 et
544 2702 708 2746 quomodo
740 2702 773 2735 in
805 2702 872 2735 dies
906 2701 1007 2744 magis

1040 361 1204 404 magisque
1238 360 1300 393 hoc
1329 370 1410 404 opus
1441 365 1572 399 crescat,
1607 360 1729 393 etiamsi
1761 371 1779 393 a

1038 414 1208 457 Rodulplio
1230 413 1383 446 cardinali
1411 418 1441 446 ct
1467 413 1535 446 aliis
1557 424 1614 456 pro
1635 419 1779 457 tempore

1038 467 1244 500 existentibus
1264 467 1500 511 protectoribus
1525 467 1674 499 usitatum
1697 467 1778 500 scia-

1038 531 1118 556 mus,
1134 520 1165 552 111
1185 521 1369 553 universum
1390 531 1447 564 per
1467 531 1511 559 se,
1529 526 1559 553 ct
1572 520 1688 553 dictam
1704 531 1779 553 con-

1037 573 1257 614 gregationem
1286 574 1471 607 huiusmodi
1499 580 1527 606 01
1549 575 1778 607 monasterium

1038 625 1068 656 in
1089 625 1306 668 spiritualibus
1336 632 1365 659 ct
1394 627 1624 670 temporalibus
1653 627 1720 668 regi
1751 632 1781 659 ct

1037 679 1226 721 gubernari,
1257 685 1373 712 statuta
1402 681 1441 713 ad
1474 680 1505 712 id
1537 679 1716 712 neccssaria
1750 686 1779 712 et

1037 737 1219 775 opportuna
1241 733 1460 766 eoncedeudi¹
1480 733 1630 766 mulieres
1652 733 1691 765 ad
1710 744 1779 766 mo-

1037 785 1242 817 nachandum
1259 791 1290 817 et
1304 786 1441 827 virgines
1461 787 1500 819 ad
1517 787 1720 819 edint-andum
1732 797 1781 819 re-

1038 838 1187 882 cipiendi,
1204 839 1359 872 moniales
1368 839 1547 882 praedictas
1563 840 1777 879 examinandi,

1038 891 1163 934 illisque
1185 892 1329 924 habitum
1356 892 1523 931 exibendi,
1547 893 1586 925 ad
1612 893 1782 935 professio-

1037 955 1110 976 nem
1133 944 1328 987 recipiendi,
1352 944 1561 988 licentiusque
1579 945 1780 987 ingrediendi

1038 997 1158 1030 dictum
1189 997 1420 1030 monasterium
1453 997 1572 1030 eisdem
1605 997 1782 1040 virginibus

1038 1056 1068 1083 et
1088 1050 1204 1093 quibus
1224 1061 1304 1093 opus
1325 1056 1406 1083 esset
1426 1050 1640 1089 concedendi,
1665 1061 1721 1093 per
1749 1062 1782 1083 se

1038 1104 1085 1136 101
1106 1103 1204 1136 alium
1225 1104 1264 1136 ab
1287 1114 1324 1136 eo
1346 1104 1551 1147 deputatum,
1573 1104 1782 1137 confessarios

1038 1157 1187 1199 eligendi,
1212 1163 1241 1190 et
1261 1157 1323 1189 alia
1343 1156 1782 1198 1’(101011(11,ξ,1·0100(11010101-

1038 1211 1142 1249 cendi,
1167 1221 1248 1254 quae
1268 1210 1327 1243 sibi
1361 1211 1393 1243 111
1424 1210 1608 1254 praemissis
1633 1211 1782 1244 omnibus

1039 1270 1069 1297 et
1088 1264 1220 1307 singulis
1233 1264 1435 1297 facultatibus
1448 1274 1598 1296 concessa
1616 1264 1783 1307 reperiun-

1039 1323 1100 1355 tur,
1124 1317 1172 1349 101
1198 1328 1279 1360 quae
1311 1317 1370 1349 sibi
1402 1317 1483 1349 bene
1515 1317 1580 1349 1150
1612 1317 1732 1358 forent,
1754 1323 1784 1350 et

1040 1381 1121 1415 quae
1142 1370 1302 1404 Ordinarii
1317 1371 1463 1403 locorum
1485 1381 1521 1402 ex
1542 1371 1645 1402 forma
1659 1370 1735 1402 iuris
1754 1376 1784 1403 ct

1040 1426 1243 1457 decretorum
1264 1424 1396 1457 Concilii
1409 1423 1585 1456 Tridentini
1606 1424 1710 1455 facere
1731 1434 1782 1456 so-

1040 1478 1085 1510 liti
1103 1483 1186 1514 sunt,
1211 1477 1393 1509 facultatem
1414 1477 1547 1509 habere:
1573 1482 1680 1508 tamen
1701 1487 1783 1509 non-

1040 1530 1118 1563 nulli
1132 1530 1269 1562 nimium
1283 1529 1462 1573 scrupulosi
1484 1530 1522 1562 de
1543 1529 1783 1573 praedictorum

1039 1589 1205 1627 potestate,
1230 1584 1268 1615 de
1295 1583 1454 1626 aliquibus
1484 1583 1523 1614 ab
1556 1582 1600 1615 eis
1621 1582 1715 1624 gestis
1735 1583 1783 1615 101

1038 1636 1186 1679 gerendis
1218 1636 1403 1669 dubitarunt
1434 1641 1462 1667 et
1494 1635 1661 1674 dubitant,
1685 1645 1783 1677 quae-

1038 1695 1143 1723 rentes
1173 1700 1301 1722 causam
1338 1700 1374 1721 ex
1406 1688 1550 1732 ipsismet
1581 1688 1784 1721 facultatibus

1037 1753 1102 1775 non
1123 1743 1299 1775 admodum
1321 1741 1475 1785 explicitis
1496 1746 1527 1774 et
1547 1741 1646 1773 alias:

1082 1797 1096 1839 ξ
1117 1795 1147 1828 6.
1171 1796 1253 1835 Nos,
1278 1805 1409 1828 omnem
1430 1794 1462 1827 in
1483 1793 1667 1838 praemissis
1689 1793 1782 1826 dubi-

1038 1849 1124 1882 tandi
1154 1848 1322 1881 materiam
1354 1857 1521 1880 removere
1547 1846 1723 1890 cupientes,
1747 1857 1783 1879 ac

1038 1902 1194 1935 dictarum
1206 1902 1385 1935 litterarum
1400 1906 1537 1938 tenores.
1553 1911 1589 1933 ac
1601 1900 1625 1932 si
1635 1900 1674 1932 (10
1686 1900 1783 1932 verbo

1037 1957 1077 1989 ad
1096 1956 1229 1989 verbum
1250 1955 1478 1993 insererentur,
1493 1953 1715 1997 praesentibus
1726 1963 1784 1996 pro

1037 2009 1192 2054 expressis
1211 2009 1377 2045 habentes,
1401 2013 1491 2040 motu
1513 2007 1666 2050 proprio,
1691 2017 1727 2038 ac
1748 2017 1783 2038 ex

1038 2068 1123 2096 certa
1146 2068 1255 2096 nostra
1280 2061 1428 2101 seientia,
1450 2071 1486 2093 ae.
1518 2061 1557 2093 de
1587 2059 1783 2103 apostolicae

1038 2116 1201 2160 potestatis
1236 2115 1457 2159 plenitudine,
1486 2113 1711 2147 concessiones
1747 2124 1783 2146 ac

1038 2170 1158 2203 litteras
1177 2169 1356 2213 praedictas
1376 2167 1552 2212 apostoliea
1576 2166 1780 2205 auctoritate,

1038 2230 1149 2257 tenore
1169 2222 1398 2266 praesentium,
1422 2221 1639 2265 approbamus
1660 2225 1688 2253 ct
1704 2231 1783 2253 con-

1039 2276 1216 2309 firmamus.

1084 2330 1098 2373 §
1120 2330 1148 2362 7.
1173 2330 1209 2362 Et
1229 2335 1386 2373 quatenus
1410 2339 1491 2372 opus
1511 2328 1571 2368 sit,
1595 2328 1664 2360 illas
1690 2327 1782 2360 inno-

1039 2393 1161 2423 vamus,
1185 2388 1214 2415 et
1234 2382 1274 2414 ad
1307 2382 1485 2414 tollendum
1507 2391 1602 2414 omne
1623 2380 1779 2417 dubium,

1040 2441 1071 2468 et
1087 2435 1164 2467 alias
1185 2435 1224 2467 ad
1245 2445 1375 2467 omnem
1396 2435 1564 2467 meliorem
1582 2434 1783 2467 1111011101οΓ-

1041 2490 1168 2527 fectum,
1193 2488 1395 2521 decernimus
1420 2493 1449 2521 et
1471 2488 1671 2521 declaramus
1703 2487 1783 2519 11110-

1039 2552 1132 2584 grum
1154 2547 1184 2574 et
1203 2541 1383 2585 plenarium
1404 2541 1596 2583 gubernium
1618 2540 1692 2573 dicti
1714 2550 1783 2572 1110-

1040 2594 1169 2628 nasterii
1195 2600 1225 2627 et
1240 2594 1430 2627 monialium
1460 2599 1604 2638 spectare
1633 2598 1661 2626 et
1684 2592 1782 2636 perti-

1040 2658 1116 2681 nere
1142 2648 1181 2680 ad
1210 2652 1427 2691 protectorem
1455 2657 1514 2690 pro
1545 2652 1688 2690 tempore
1720 2644 1783 2678 exi-

1077 2711 1087 2736 1
1106 2709 1223 2737 Curuus.
1241 2709 1383 2736 condendi
1403 2709 1438 2745 (0.
1456 2709 1507 2744 1.).

1683 302 1747 335 453
1793 312 1840 338 An.
1859 313 1887 340 c.
1911 312 1973 340 1591

1825 1800 1862 1820 1111·
1874 1801 1921 1821 ulcu
1932 1802 1983 1821 Pun-

1799 1828 1847 1847 11101
1869 1828 1984 1847 1100101110-

1799 1856 1839 1874 letu
1860 1855 1985 1880 111-(1101111115

1799 1883 1820 1901 et
1839 1881 1984 1905 (0001000110-

1799 1913 1830 1927 nis
1842 1908 1958 1930 0001110131,

1825 2333 1954 2358 1000101110.ι
1964 2334 1982 2351 vt

1799 2361 1873 2379 iterum
1887 2359 1984 2379 0110001111

1799 2388 1820 2406 ct.
1834 2386 1926 2411 ampli-tt.
