2226 3070
913 220 1020 245 sixrus
1043 221 1061 244 v
1085 221 1133 244 rr.
1678 210 1696 243 7

257 278 291 311 in
314 278 400 311 Urbe
415 288 512 322 quam
533 276 613 310 alias
632 275 780 316 ubilibet,
807 275 954 309 emittere
981 279 1012 308 et
1052 273 1119 306 sine
1145 279 1253 306 tamen
1283 282 1419 305 suorum
1446 273 1666 316 parochorum
1697 278 1727 305 et
1761 273 1808 306 iu-

257 332 446 366 solemniter
470 330 626 375 profiteri.
1029 326 1136 359 ·i·ium
1184 325 1421 370 parochialium
1468 325 1683 370 praeiudicio,
1710 326 1806 359 mini-

302 385 317 428 ,ξ
342 385 373 418 6.
396 386 439 418 Ac
460 385 520 418 sub
540 383 705 417 communi
728 388 759 417 et
771 382 1010 416 liumilihabitu
1053 386 1165 413 strare.

70 456 242 478 subimmffiha-
258 449 441 482 pauperum
471 438 680 477 clericorum,
710 437 837 479 subque
867 435 1014 468 denomi-
1097 433 1111 475 ξ
1135 433 1189 466 'll.
1216 433 1349 466 Necnon
1369 443 1594 476 quascumque
1616 433 1730 466 domos
1756 443 1807 466 re·
1851 443 1927 463 nomos
1943 449 2008 469 regu-

56 488 243 540 {2:30³ssssssss
258 492 390 525 natione
424 497 454 525 et
484 490 727 534 nuncupatione
756 489 952 522 clericorum
983 494 1012 521 et
1052 487 1180 529 gulares
1213 487 1317 520 dictae
1351 486 1623 529 congregationis,
1659 497 1718 530 pro
1739 486 1809 519 illo-
1824 475 1880 527 'J'Jff
1901 478 2007 495 ⁰⁰⁰⁵¹¹‘¹¹‘

55 229 109 258 An.
126 225 154 256 C.
173 224 242 256 1588
1822 217 1877 246 An.
1893 218 1920 247 C.
1940 218 2006 247 ¹588

85 921 144 942 Alios
159 922 184 942 ad
195 920 243 941 Re—

57 951 160 978 ligionem
179 952 243 972 reci-

58 984 137 1010 piendi.

88 1624 162 1646 Officia
176 1624 248 1644 divina

62 1656 178 1676 secuudum
188 1660 247 1675 usum

61 1686 83 1707 S.
96 1686 118 1706 R.
135 1685 157 1706 E.
179 1685 247 1706 eete—

62 1718 147 1738 litandi.

92 1988 248 2009 contessiones

63 2022 150 2046 maevia
164 2020 249 2040 ordina-

64 2051 248 2077 riiapprotmtione

63 2083 162 2103 audiendi
179 2085 199 2102 et
215 2082 249 2102 ab·

64 2113 170 2139 solvendi,
179 2116 222 2134 etc.

57 556 129 586 cyrum
145 549 242 577 Regula—
259 546 521 590 presbyterorum
556 543 757 586 regularium
785 542 959 581 Minorum,
982 541 1013 574 in

58 587 140 602 numm
149 587 242 603 eommu-

58 614 80 634 ui
95 617 117 634 et
132 614 158 634 de
177 619 242 633 com-

57 645 113 665 muni
129 645 222 665 vivendi.

259 597 426 631 communi
447 608 485 630 ac
504 597 544 629 de
560 595 727 629 communi
749 596 899 635 viventes,
923 595 954 627 in
969 595 1015 628 lo—

260 651 306 685 cis
329 649 489 694 religiosis
508 655 564 682 aut
579 649 812 689 saecularibus,
826 654 923 691 prout
937 648 1015 691 ipsis

259 704 298 736 ab
319 703 382 735 illis
401 713 543 747 quorum
568 703 640 736 loca
660 702 729 746 ipsa
749 707 856 741 erunt,
880 712 1013 734 conces-

258 766 330 789 sum
356 755 454 789 suerit
473 765 530 788 seu
552 755 703 799 expedire
723 754 899 794 videbitur,
921 754 954 787 in
976 766 1014 787 u-

258 819 338 842 num
358 808 517 842 hahitare.

303 862 318 906 ξ
343 861 375 895 7.
402 863 446 895 Ac
470 862 551 896 alios
579 872 803 907 quoscumque
831 862 1015 896 saeculares

259 916 406 956 clericos,
427 921 458 949 et
486 915 581 949 etiam
613 916 726 957 laicos,
755 915 823 960 qui,
844 915 909 948 Deo
932 915 1016 959 aspi·

258 975 363 1011 rante,
390 970 429 1003 ad
450 970 730 1003 huiusmodivitae
744 970 870 1012 frugem
883 974 914 1002 et
925 979 1014 1002 com-

259 1034 392 1057 munem
408 1023 535 1057 vivendi
555 1024 688 1057 modum
711 1034 779 1057 sese
798 1023 946 1056 conferre
963 1033 1016 1056 vo-

258 1077 392 1118 luerint,
413 1077 573 1122 recipere,
596 1082 626 1110 et
650 1083 721 1122 post
745 1087 868 1110 annum
896 1076 1015 1120 proba-

259 1130 367 1171 tionis,
384 1130 424 1163 ad
443 1131 540 1164 talem
561 1130 660 1164 trium
672 1136 821 1164 votorum
841 1129 1015 1174 professio-

259 1194 335 1217 nem
346 1183 380 1217 in
405 1183 554 1217 manibus
570 1184 672 1228 ipsius
691 1183 868 1228 praepositi
879 1194 1015 1227 genera-

260 1237 311 1278 lis,
328 1233 378 1271 vel
394 1238 541 1278 alteriuS,
564 1237 652 1271 iuxta
672 1238 774 1282 ipsius
795 1237 1017 1281 congregatio-

260 1290 312 1324 nis
331 1290 476 1324 instituta
497 1297 527 1324 et
547 1291 710 1324 faciendas
730 1291 965 1332 ordinationes,
980 1302 1017 1324 ac

261 1354 428 1378 sacrorum
458 1355 620 1378 canonum
660 1350 690 1378 et
733 1344 864 1378 concilii
903 1345 1017 1378 huius-

261 1397 349 1431 modi
379 1397 624 1442 dispositionem
655 1399 885 1436 emittendam,
918 1404 947 1432 et
978 1399 1018 1431 ad

261 1451 451 1485 huiusmodi
465 1463 673 1486 communem
683 1452 805 1486 vivendi
817 1452 950 1485 modum
964 1453 1019 1486 ad-

262 1504 405 1538 mittere.

308 1558 323 1602 §
348 1558 379 1592 8.
406 1559 451 1592 Ac
476 1559 573 1592 horas
599 1559 784 1600 canonicas,
807 1559 941 1593 diurnas
963 1570 1019 1603 pa-

264 1611 343 1644 riter
363 1617 393 1645 et
409 1619 598 1653 nocturnas,
621 1623 750 1646 necnon
771 1613 884 1645 missas
904 1618 933 1645 et
959 1612 1021 1645 alia

263 1664 369 1697 divina
390 1665 509 1706 officia,
532 1666 628 1699 simul
646 1671 676 1699 et
686 1666 824 1707 divisim,
839 1666 1020 1699 secundum

263 1728 358 1751 usum
384 1716 414 1751 e‘t
447 1729 572 1752 morem
598 1719 764 1752 Romanae
789 1719 966 1760 Ecclesiae,
990 1725 1019 1753 et

263 1771 351 1804 iuxta
362 1771 560 1805 breviarium
573 1772 757 1806 Romanum
779 1772 904 1806 noviter
931 1783 1021 1807 com-

262 1824 412 1868 pilatum,
434 1825 529 1859 etiam
557 1826 588 1859 in
613 1826 758 1860 Ecclesia
787 1826 896 1860 dicere
917 1833 946 1860 ct
973 1837 1022 1860 re-

263 1878 374 1913 citare.

307 1933 322 1976 ἓ
356 1934 388 1967 9.
424 1933 585 1978 Quodque
617 1933 719 1977 ipsius
760 1934 1022 1977 congregationis

263 1987 455 2031 presbyteri,
475 1988 515 2020 ab
533 1987 634 2031 ipsius
648 1988 910 2031 congregationis
927 1999 1021 2031 prae-

264 2039 369 2084 posito
392 2040 535 2083 generali
561 2041 608 2074 vel
634 2041 696 2074 alio
717 2040 898 2084 superiore,
926 2052 963 2074 ac
983 2042 1022 2074 ab

265 2092 430 2127 ordinario
450 2093 513 2127 loci
534 2094 716 2138 approbati,
740 2100 771 2127 et
787 2094 825 2127 de
846 2094 974 2127 licentia
999 2094 1023 2127 i—

264 2147 354 2191 psius
374 2147 534 2190 generalis
561 2158 619 2181 seu
640 2148 817 2191 praepositi
839 2148 967 2189 domus,
991 2148 1022 2180 in

265 2211 329 2244 qua
348 2211 408 2244 pro
429 2206 578 2245 tempore
609 2201 835 2241 habitaverint,
863 2212 1023 2244 quorum-

267 2263 409 2296 cumque
430 2253 691 2287 christifidelium
717 2254 936 2288 confessiones
964 2266 1023 2288 au-

267 2306 350 2347 dire,
372 2306 510 2350 illosque
526 2318 544 2339 a
563 2307 731 2350 quibusvis
751 2307 902 2351 peccatis,
917 2319 1023 2342 exces-

265 2359 355 2392 sibus
375 2365 406 2393 et
435 2360 637 2401 criminibus,
658 2371 724 2394 non
752 2366 860 2394 tamen
886 2362 960 2395 Sodi
981 2362 1022 2394 Α-

265 2407 443 2452 postolicae
478 2408 723 2452 quomodolibet
754 2410 933 2450 reservatis,
966 2411 1023 2443 ab·

265 2457 400 2490 solvere.

311 2505 326 2549 §
351 2505 405 2538 10.
426 2506 470 2539 Ac
503 2506 769 2551 quibuscumque
801 2507 1022 2541 christifideli-

111 2569 250 2590 soemmema
265 2553 325 2587 hus
349 2565 423 2588 vere
444 2554 686 2599 poenitentibus
702 2561 732 2588 et
758 2556 926 2596 confessis,
949 2567 1022 2589 san-

65 2600 210 2623 aluisti-andi.

266 2603 445 2637 ctissimum
485 2603 708 2639 Eucharistiae
746 2605 1020 2647 Sacramentum,

1054 550 1125 572 rum
1156 551 1217 573 usu
1244 546 1275 574 et
1305 540 1515 579 habitatione,
1549 550 1623 572 cum
1658 539 1806 579 ecclesia,

1054 593 1242 636 campanili,
1265 593 1429 633 domibus,
1452 593 1567 634 hortis,
1585 593 1758 625 hortalitiis
1779 598 1809 626 et

1054 646 1125 679 aliis
1145 646 1282 679 officinis
1298 646 1500 687 necessariis,
1519 651 1708 680 construere
1719 652 1751 679 et
1761 657 1812 679 ae-

1057 699 1202 740 dificare,
1225 711 1281 733 seu
1303 701 1447 733 construi
1468 706 1496 733 et
1519 699 1683 733 aedificari
1695 700 1811 739 facere,

1056 753 1103 785 vel
1131 753 1194 785 iam
1222 760 1425 787 constructas
1455 760 1482 787 et
1518 754 1702 787 aedificatas
1733 753 1812 787 reci-

1057 817 1134 850 pcre
1166 807 1267 840 libere
1299 813 1330 840 et
1358 807 1446 840 licite
1471 808 1615 847 valeant,
1646 807 1811 852 dictasque

1057 861 1171 894 domos
1192 871 1228 894 ex
1254 871 1342 894 nunc
1363 866 1461 904 prout
1485 871 1522 894 ex
1543 867 1620 895 tunc
1641 868 1672 894 et
1696 872 1712 894 e
1734 872 1812 894 con-

1057 919 1105 946 tra
1136 919 1308 958 postquam
1338 919 1542 947 constructae
1568 919 1598 947 et
1624 914 1812 947 aedificatae

1057 978 1114 1000 seu
1132 973 1294 1011 receptae,
1322 972 1358 999 ut
1386 968 1582 1010 praefertur,
1618 967 1749 1008 suerint,
1780 967 1812 999 in

1058 1021 1172 1054 domos
1205 1020 1372 1064 regulares
1403 1021 1507 1053 dictae
1537 1020 1810 1063 congregationis,

1058 1074 1251 1108 auctoritate
1276 1081 1306 1108 et
1325 1081 1436 1109 tenore
1453 1073 1638 1117 praedictis,
1661 1073 1813 1107 concedi-

1059 1138 1130 1161 mus
1151 1134 1182 1162 et
1201 1127 1419 1171 indulgemus.

1102 1181 1196 1225 512.
1229 1182 1388 1222 Quocirca
1426 1181 1583 1215 universis
1616 1186 1647 1214 et
1679 1180 1814 1223 singulis

1058 1235 1300 1268 venerabilibus
1332 1235 1487 1268 fratribus
1518 1234 1726 1279 patriarchis,
1762 1244 1814 1266 ar-

1059 1288 1290 1333 chiepiscopis,
1314 1289 1475 1333 episcopis
1489 1299 1526 1322 ac
1537 1288 1662 1322 dilectis
1673 1288 1748 1321 tiliis
1761 1299 1816 1322 eo-

1059 1353 1133 1375 rum
1163 1343 1291 1376 vicariis
1311 1343 1344 1376 in
1365 1342 1600 1387 spiritualibus,
1623 1347 1678 1375 aut
1697 1342 1818 1375 officia-

1059 1395 1144 1429 libus
1160 1396 1380 1440 generalibus,
1395 1407 1432 1429 ac
1445 1395 1561 1430 Curiae
1573 1406 1744 1428 causarum
1762 1395 1819 1429 Ca-

1062 1460 1169 1482 merae
1191 1450 1397 1493 Apostolicae
1416 1449 1559 1493 generali
1571 1448 1726 1488 auditori,
1740 1459 1816 1482 nec-

1062 1513 1127 1536 non
1148 1503 1331 1544 abbatibus,
1350 1503 1528 1547 prioribus,
1547 1502 1753 1546 praepositis,
1764 1503 1818 1535 de-

1063 1556 1163 1596 canis,
1184 1557 1435 1596 archidiaconis,
1459 1556 1625 1589 canonicis
1645 1562 1675 1589 et
1696 1556 1819 1599 capitu-

1063 1610 1112 1650 lis,
1133 1621 1171 1643 ac
1196 1610 1279 1650 aliis,
1299 1611 1339 1643 ad
1365 1620 1446 1653 quos
1476 1609 1723 1653 quomodolibet
1744 1620 1818 1653 spe-

1063 1668 1127 1696 ctat
1147 1669 1178 1696 ct
1203 1663 1362 1707 spectabit
1378 1663 1412 1695 in
1435 1663 1595 1701 futurum,
1617 1673 1676 1706 per
1691 1668 1820 1706 aposto-

1063 1717 1126 1750 lica
1146 1717 1266 1761 scripta
1287 1716 1480 1750 mandamus
1504 1722 1665 1760 quatenus
1682 1716 1755 1760 ipsi,
1770 1717 1819 1749 vel

1064 1771 1129 1804 duo
1150 1776 1206 1803 aut
1234 1781 1319 1803 unus
1344 1781 1470 1811 eorum,
1500 1781 1559 1814 per
1583 1781 1615 1804 se
1644 1771 1693 1803 vel
1720 1769 1819 1803 alium

1064 1835 1121 1857 seu
1142 1824 1231 1864 alios,
1252 1829 1440 1868 praesentes
1461 1824 1583 1857 litteras
1603 1829 1631 1856 et
1644 1824 1676 1856 in
1689 1823 1734 1856 eis
1746 1833 1822 1856 con-

1064 1883 1152 1911 tenta
1178 1888 1417 1922 quaecumque,
1450 1878 1504 1911 ubi
1531 1883 1561 1911 et
1589 1877 1719 1921 quando
1737 1887 1821 1921 opus

1065 1931 1175 1970 suerit,
1198 1942 1235 1965 ac
1255 1931 1383 1974 quoties
1403 1941 1462 1975 pro
1483 1936 1573 1974 parte
1600 1931 1823 1975 congregatio-

1065 1985 1113 2018 nis
1134 1985 1293 2018 Minorum
1315 1984 1515 2025 huiusmodi,
1544 1984 1698 2028 illiusque
1728 1995 1822 2028 prae-

1066 2039 1171 2084 positi,
1188 2039 1391 2078 officialium,
1414 2039 1638 2072 ministrorum
1660 2044 1691 2071 et
1710 2049 1822 2083 perso-

1065 2103 1181 2125 narum
1203 2093 1253 2126 rel
1274 2092 1412 2125 alicuius
1441 2103 1555 2125 eorum
1577 2092 1699 2126 suerint
1715 2092 1824 2136 requi-

1065 2145 1137 2186 siti,
1175 2145 1367 2179 solemniter
1393 2146 1620 2189 publicantes,
1650 2145 1761 2190 eisque
1790 2146 1824 2178 in

1066 2199 1251 2244 praemissis
1271 2199 1411 2232 efficacis
1436 2198 1632 2232 defensionis
1660 2200 1823 2243 praesidio

1066 2253 1262 2293 assistentes,
1290 2253 1408 2286 saciant
1429 2253 1619 2286 auctoritate
1639 2258 1750 2287 nostra
1766 2254 1823 2286 ob-

1066 2307 1198 2347 servari,
1219 2307 1386 2350 ipsamque
1417 2306 1701 2349 congregationem
1722 2305 1823 2339 Mino-

1067 2372 1139 2394 rum
1171 2361 1323 2404 illiusque
1353 2360 1534 2404 singulares
1558 2371 1713 2404 personas
1733 2371 1824 2404 prae-

1067 2410 1172 2443 missis
1193 2410 1343 2443 omnibus
1363 2409 1499 2453 pacifice
1518 2410 1582 2443 frui
1608 2415 1639 2443 et
1667 2409 1820 2453 gaudere.

1066 2458 1136 2492 Non
1161 2459 1385 2502 permittentes
1414 2459 1699 2502 congregationem
1728 2468 1822 2502 prae-

1067 2508 1199 2549 dictam,
1222 2508 1375 2552 illiusque
1414 2518 1582 2552 personas,
1605 2508 1747 2551 desuper
1766 2516 1824 2550 per

1067 2568 1293 2602 quoscumque
1313 2557 1561 2601 quomodolibet
1585 2556 1725 2590 indebite
1753 2567 1823 2589 mo-

1066 2606 1192 2640 lestari.
1215 2606 1475 2642 Contradictores
1498 2605 1701 2651 quoslibetet
1720 2605 1824 2639 rebel-

1884 1182 2016 1203 Executores

1830 1214 1892 1234 liuius
1908 1215 2015 1234 eonstitu-

1830 1246 1894 1266 nonis
1910 1246 2004 1272 deputat.
