2226 3070
38 241 92 269 An.
107 240 136 268 C.
157 240 222 269 1588

60 884 215 911 Exempiionem

33 921 116 943 quoque
136 917 160 936 ab
179 923 216 937 au-

33 951 142 971 nam-um,
157 953 215 968 com-

33 979 124 999 munium
139 981 161 998 et
175 978 214 998 ali-

33 1016 91 1030 orum
117 1016 215 1036 quorum-

32 1047 215 1068 cumqueouerum

31 1072 140 1093 solutione
162 1078 217 1093 con-

32 1104 96 1125 cedit.

60 1742 158 1770 idemque
173 1743 216 1763 col-

32 1775 107 1800 legium
123 1775 142 1795 in
163 1780 215 1802 pro-

33 1807 84 1833 priis
99 1806 161 1827 bonis
171 1823 177 1832 ,
192 1806 216 1827 il·

32 1837 114 1864 liusque
142 1840 215 1858 recto-

32 1873 75 1893 res,
103 1867 214 1889 scholares

32 1902 53 1920 et
66 1899 168 1920 officiales
189 1905 215 1920 o-

32 1936 92 1952 mnes
120 1934 141 1952 et
168 1937 214 1952 cum

32 1963 63 1982 eis
83 1962 215 1983 conii-ahen-

31 1996 72 2018 tes,
87 2000 100 2014 a
114 1994 215 2020 pedagio-

31 2031 84 2050 rum,
100 2027 121 2046 et
146 2025 215 2052 impo-

32 2057 215 2078 sitionumncsub-

31 2089 132 2109 simorum
154 2089 214 2110 solu-

31 2120 90 2141 tione
104 2121 182 2141 eximit.

890 235 994 260 SIXTUS
1013 235 1031 259 v
1056 235 1105 258 rr.
1690 224 1726 258 51

236 281 476 324 ordinariorum
498 291 643 323 lot-orum
671 290 925 331 gubernatorum
954 295 980 321 et
1025 286 1166 331 spective
1188 297 1246 331 pro
1267 286 1465 326 centenario,
1486 292 1692 329 (marturum,
1712 287 1775 319 eol-

236 350 443 389 potcstatum‚
465 355 643 387 corumque
664 344 925 385 vicelegatorum,
941 344 983 376 lo-

236 399 467 438 catenentium,
490 397 688 438 officialium,
711 397 852 430 iudicum
867 403 984 440 etqua-

236 462 451 495 rumcumque
462 451 598 483 aliarum
620 461 833 494 personarum
849 450 983 483 ubilibet

235 505 492 544 constitutarum,
509 514 546 536 ac
566 503 677 547 quavis
694 504 884 536 auctoritate
896 503 983 536 etdi-

235 559 367 602 gnitate,
387 564 450 591 tam
467 557 681 590 ecclesiastica
696 567 793 600 quam
807 557 982 596 mundana,

235 613 329 645 etiam
351 611 566 645 cardinalatus
586 610 710 643 honore
727 609 932 652 fulgentium,
946 622 983 642 ac

234 666 328 699 etiam
350 664 452 708 aquis,
475 664 615 697 fontibus
634 668 664 696 et
682 663 870 696 fluminibus
890 674 982 707 prae-

232 717 416 758 sidentium,
443 729 479 750 ac
504 727 615 750 corum
637 716 803 749 curiarum
824 722 855 749 et
880 716 982 750 tribu-

231 772 366 805 nalium.

274 825 289 868 ξ
313 824 344 858 8.
372 824 524 867 Idemque
537 824 709 867 collegium
723 825 762 857 ab
774 830 980 866 annatarum,

230 878 516 923 quindenniorum,
528 878 765 919 communium,
783 879 981 912 minutorum

230 943 267 965 ac
287 931 425 965 aliorum
452 932 572 965 iurium
602 937 632 965 et
652 932 854 965 servitiorum
880 933 982 967 dictae

230 986 383 1020 Gamerae
404 991 434 1019 ct
453 986 618 1029 quibusvis
638 986 736 1018 etiam
757 986 787 1019 S.
810 986 846 1019 R.
861 987 896 1019 E.
915 997 984 1020 car-

231 1039 405 1080 dinalibus,
430 1045 461 1072 et
491 1039 595 1072 dictae
630 1039 739 1072 curiae
771 1040 980 1080 officialibus,

231 1093 328 1127 etiam
345 1093 378 1126 in
394 1093 532 1133 annalis,
558 1093 779 1136 quindenniis,
803 1095 984 1127 communi-

230 1147 301 1186 bus,
322 1147 455 1180 minutis
475 1152 505 1180 et
525 1146 596 1179 aliis
616 1146 742 1180 iuribus
761 1146 932 1190 praedietis
954 1153 983 1181 et

230 1200 511 1245 participantibus,
541 1211 721 1245 eorumque
747 1201 902 1244 collegiis,
930 1212 981 1234 ra-

231 1255 318 1288 tione
354 1255 594 1299 praedictarum
627 1260 657 1288 et
700 1265 983 1300 quarumcumque

231 1309 365 1342 aliarum
379 1309 550 1350 unionum,
577 1308 832 1353 applicationum
854 1315 884 1343 et
905 1320 982 1344 con-

231 1363 427 1403 cessionum,
445 1363 549 1396 eidem
579 1362 714 1406 collegio
752 1364 791 1396 de
811 1364 983 1407 praedictis

231 1422 262 1450 et
280 1416 542 1460 quibuscumque
562 1416 634 1449 aliis
654 1418 870 1457 monasteriis,
893 1418 981 1461 prio-

232 1471 367 1510 ratibus,
389 1470 569 1509 beneficiis,
598 1471 694 1503 rebus
720 1477 750 1504 et
768 1471 862 1504 bonis
881 1472 983 1505 eccle-

231 1524 377 1565 siasticis,
393 1524 549 1557 hactenus
569 1530 599 1557 ct
615 1524 767 1568 deinceps
778 1525 983 1568 quomodoli-

231 1578 283 1610 bet
303 1588 361 1621 pro
383 1583 528 1621 tempore
541 1578 710 1618 saetarum,
733 1583 786 1611 aut
800 1578 877 1612 alias
897 1589 981 1622 quo-

231 1631 408 1664 modolibet
432 1631 626 1664 debitorum.

274 1684 376 1727 §affl
390 1690 453 1718 tam
463 1684 568 1728 ipsum
587 1684 761 1727 collegium
782 1685 814 1718 in
839 1686 982 1731 propriis

229 1739 295 1771 suis
315 1737 408 1771 bonis
428 1743 458 1771 et
485 1739 594 1779 rebus,
624 1738 849 1781 praesentibus
875 1744 907 1772 et
930 1740 981 1773 su·

230 1791 322 1833 turis,
345 1802 442 1835 quam
455 1791 541 1825 illius
559 1792 683 1825 ratione
703 1798 875 1835 rectorem,
889 1795 981 1828 selio-

229 1846 329 1886 lares,
359 1846 561 1889 capellanos,
589 1857 801 1888 oeconomos,
829 1848 981 1883 officiales

229 1904 260 1933 et
280 1899 454 1940 ministros,
476 1910 514 1933 ac
530 1911 603 1933 cum
622 1900 668 1933 eis
689 1902 928 1943 contrahentes,
952 1910 982 1937 et

229 1954 325 1987 etiam
346 1965 406 1998 pro
427 1960 516 1998 parte
537 1960 634 1998 atque
655 1956 805 1998 portione
819 1957 979 1997 colonica,

229 2018 326 2052 quam
354 2018 391 2041 ex
416 2008 672 2052 proprietatibus
698 2015 729 2042 et
759 2010 851 2043 bonis
880 2011 981 2054 ipsius

229 2061 356 2104 collegii
377 2072 437 2106 pro
458 2067 604 2106 tempore
621 2063 816 2106 percipient,
831 2063 918 2097 illius
929 2075 981 2097 co-

229 2115 333 2155 lonos,
365 2115 615 2155 arrendatarios,
647 2116 834 2150 censuarios
858 2123 889 2150 et
918 2129 981 2151 em-

228 2168 401 2212 phiteutas,
417 2179 482 2202 non
504 2175 611 2203 tamen
626 2171 840 2214 proprietates
855 2172 981 2206 etbona

229 2222 415 2256 huiusmodi
455 2223 487 2255 in
525 2223 754 2267 emphiteusim
788 2230 979 2269 perpetuam

229 2281 286 2308 aut
305 2276 390 2309 ultra
416 2277 542 2309 tertiam
572 2277 828 2325 nominationem
849 2289 905 2312 seu
925 2290 980 2322 ge-

228 2329 430 2363 nerationem
446 2331 493 2363 vel
509 2335 639 2363 eentum
654 2341 755 2364 annos
768 2332 978 2375 possidentes,

230 2394 248 2416 a
266 2393 551 2428 quorumcumque
566 2384 791 2427 pedagiorum,
806 2385 980 2427 danorum,

229 2433 433 2475 vectigalium
454 2459 461 2473 ,
491 2433 690 2476 gabellarum
706 2461 713 2474 ,
749 2434 955 2477 angariarum
971 2463 978 2474 ‚

229 2482 488 2523 bullettinorum‚
504 2483 683 2523 tallearum‚
695 2484 925 2525 custodiarum,
937 2491 982 2518 ta-

229 2541 357 2572 xarum,
367 2541 539 2575 equorum,
550 2538 614 2565 tam
624 2533 769 2566 vivorum
786 2543 883 2576 quam
897 2544 982 2567 mor-

230 2586 374 2621 tuorum,
393 2581 542 2624 quatreni
563 2582 680 2622 carnis,
702 2588 815 2627 portus
839 2584 981 2617 Anconi-

230 2630 310 2675 tani,
331 2631 499 2665 tertiarum
524 2631 623 2665 unius
642 2632 725 2666 scuti
752 2638 783 2666 et
807 2633 905 2668 medii
929 2644 981 2668 re-

1026 342 1194 376 lecturum,
1214 339 1487 383 praebendarum,
1501 339 1695 382 ponderum,
1710 350 1776 372 iuo-

1026 395 1243 434 lendinorum,
1256 393 1465 434 secularium,
1478 403 1686 437 pascuorum,
1702 393 1776 425 lier-

1026 448 1220 488 batieorum,
1253 447 1414 491 pecudum
1444 452 1474 479 et
1493 447 1631 479 aliorum
1653 446 1776 479 auima-

1026 502 1116 542 lium,
1138 503 1271 535 fictuum
1289 508 1317 534 et
1331 500 1562 541 subsidiorum,
1574 500 1670 533 etiam
1681 500 1776 533 trien-

1026 555 1160 596 nalium,
1179 554 1420 588 caritativorum
1437 565 1473 587 ac
1490 563 1776 598 quorumcumque

1025 609 1164 641 aliorum
1200 608 1354 641 similium
1388 608 1435 641 vel
1466 606 1775 640 dissimilium⁸0ne—

1026 672 1098 694 rum
1120 667 1147 694 et
1175 662 1411 705 gravaminum,
1442 667 1504 694 tam
1535 660 1774 694 ordinariorum

1025 726 1121 758 quam
1139 715 1469 748 extraordinariorum
1488 726 1524 747 ae
1541 714 1690 755 realium,
1703 725 1777 757 per-

1025 768 1184 800 sonalium
1220 774 1253 801 et
1285 768 1477 808 mixtorum,
1513 768 1776 812 quibuscumque

1025 821 1211 854 nominibus
1237 827 1269 854 et.
1300 821 1466 854 vocabulis
1499 827 1775 865 nuncupatorum,

1026 874 1120 907 etiam
1159 874 1212 908 hic
1251 875 1291 908 de
1324 875 1515 908 necessitate
1549 875 1778 918 exprimendo-

1026 939 1111 969 rum,
1135 939 1193 973 per
1213 938 1271 961 nos
1296 934 1327 961 et
1355 939 1581 972 quoscumque
1610 929 1690 962 alios
1714 929 1777 963 Ro-

1026 991 1137 1014 manos
1163 981 1334 1015 Pontifices
1364 981 1630 1026 praedecessores
1652 987 1682 1015 et
1706 993 1778 1016 suc-

1025 1045 1167 1068 cessores
1192 1040 1331 1075 nostros,
1354 1045 1391 1067 ac
1415 1034 1530 1068 Sedem
1557 1041 1588 1067 et
1612 1034 1776 1068 Cameram

1025 1088 1218 1132 praedictas,
1242 1088 1409 1132 ipsiusque
1430 1088 1521 1122 Sedis
1542 1089 1674 1131 legatos,
1696 1089 1778 1122 vice-

1025 1141 1160 1184 legatos,
1199 1142 1446 1185 gubernatores,
1477 1141 1716 1176 commissarios
1749 1148 1780 1176 et

1025 1205 1252 1239 quoscumque
1281 1195 1374 1237 alios,
1404 1195 1515 1239 quavis
1535 1196 1728 1230 auctoritate
1748 1202 1779 1229 et

1026 1256 1183 1294 potestate
1212 1251 1393 1294 fungentes,
1417 1251 1511 1284 etiam
1543 1262 1602 1295 pro
1627 1252 1779 1285 orthodo-

1024 1315 1081 1338 xae
1112 1304 1187 1338 fidei
1217 1304 1413 1345 defensione,
1434 1316 1472 1338 ac
1497 1305 1605 1338 Status
1625 1305 1657 1339 S.
1680 1306 1716 1339 R.
1740 1306 1775 1339 E.

1025 1358 1268 1392 conservatione
1284 1386 1291 1399 ,
1336 1358 1499 1403 divinique
1549 1359 1656 1392 cultus
1695 1370 1776 1403 aug-

1025 1417 1146 1453 mento,
1176 1422 1304 1446 necnon
1330 1411 1483 1445 basilicae
1509 1412 1668 1456 Principis
1691 1413 1777 1457 Apo-

1025 1467 1182 1499 stolorum
1203 1466 1338 1507 sabrica,
1361 1466 1504 1500 cruciata
1524 1472 1633 1500 sancta
1657 1478 1694 1500 ac
1721 1478 1774 1500 ex-

1025 1520 1189 1564 peditione
1223 1525 1337 1553 contra
1378 1520 1525 1553 infideles
1557 1525 1588 1553 et
1623 1520 1776 1562 rebelles,

1024 1584 1152 1607 necnon
1173 1573 1397 1614 eeclesiarum,
1420 1584 1602 1615 murorum,
1617 1574 1778 1619 pontium,

1023 1627 1146 1660 viarum
1167 1634 1198 1661 et
1218 1634 1393 1662 stratarum
1414 1628 1657 1662 constructione
1677 1634 1708 1662 et
1728 1640 1779 1662 re-

1024 1681 1235 1724 stauratione,
1258 1693 1295 1716 ac
1315 1693 1486 1726 aquarum,
1509 1681 1648 1715 sontium
1669 1688 1702 1716 et
1720 1682 1779 1716 ssu-

1024 1735 1149 1769 minum
1162 1736 1369 1778 deductione,
1381 1747 1632 1781 pauperumque
1643 1737 1778 1771 subven-

1023 1790 1123 1831 tione,
1152 1801 1279 1824 necnon
1305 1791 1396 1824 Sedis
1424 1796 1455 1824 et
1474 1791 1628 1825 Gamerae
1648 1791 1778 1835 praedi-

1024 1849 1148 1877 ctarum
1166 1844 1424 1886 necessitatibus,
1445 1855 1482 1878 ae
1502 1856 1539 1879 ex
1564 1845 1777 1890 quibuscum-

1023 1909 1086 1943 que
1116 1898 1186 1931 aliis
1225 1899 1384 1942 cogitatis,
1415 1899 1652 1943 inexcogitatis,
1681 1899 1777 1934 etiam

1023 1953 1230 1997 quantumvis
1243 1953 1401 1995 maximis,
1419 1954 1656 1997 urgentissimis
1668 1960 1699 1989 et
1713 1955 1777 2000 pri-

1022 2007 1181 2051 vilegiatis
1206 2007 1321 2048 causis,
1345 2008 1442 2041 etiam
1463 2008 1554 2043 Sedis
1573 2015 1605 2043 et
1624 2009 1777 2044 Gamerae

1023 2062 1213 2095 earumdem
1232 2072 1269 2095 ac
1289 2072 1570 2107 quarumcumque
1596 2064 1776 2107 provincia-

1023 2115 1284 2157 rum‚'eivitatum
1296 2122 1327 2149 et
1340 2121 1502 2150 terrarum
1510 2116 1675 2161 publicam
1690 2117 1776 2151 utili-

1023 2174 1119 2203 tatem
1133 2175 1165 2203 et
1173 2170 1439 2204 commoditatem
1450 2171 1732 2213 concernentibus
1741 2183 1776 2206 e-

1022 2222 1776 2269 tiammotu,scientiaetpotestatisplenitudine

1023 2276 1195 2318 similibus,
1216 2276 1312 2310 etiam
1333 2277 1614 2320 consistorialiter,
1636 2290 1724 2313 nune
1744 2285 1776 2314 et

1023 2341 1082 2374 pro
1092 2336 1238 2375 tempore
1249 2331 1496 2374 quomodolibet
1504 2332 1732 2376 impositorum
1743 2339 1775 2367 et

1024 2384 1311 2428 imponendorum,
1343 2385 1439 2418 etiam
1467 2396 1485 2418 a
1513 2386 1775 2431 quibuscumque

1023 2433 1094 2467 aliis
1113 2433 1272 2466 similibus
1294 2434 1439 2477 collegiis
1459 2445 1495 2468 ac
1515 2435 1729 2480 hospitalibus
1744 2441 1775 2470 et

1024 2483 1084 2527 piis
1104 2482 1193 2523 locis,
1220 2483 1333 2526 quovis
1360 2484 1572 2528 exemptionis
1607 2485 1774 2529 privilegio

1023 2531 1254 2574 gaudentibus,
1273 2532 1356 2576 exigi
1378 2538 1408 2566 et
1420 2534 1577 2578 praestari
1593 2534 1773 2576 solitorum,

1024 2581 1119 2615 etiam
1144 2581 1269 2615 ratione
1289 2582 1449 2623 carnium,
1472 2583 1633 2625 vinorum,
1655 2594 1772 2627 grano-

1024 2642 1109 2673 rum,
1131 2631 1384 2673 frumentorum,
1398 2631 1611 2675 hordeorum,
1633 2633 1771 2676 legumi-

1790 223 1841 252 ΑΠ-
1858 223 1887 251 C.
1907 223 1973 252 1588
