2226 3070
219 309 259 335 An
286 308 313 334 G.
334 306 397 333 1587

244 2264 338 2283 §eir-itis
367 2267 399 2283 ta*

219 2300 265 2315 meu
273 2296 350 2320 cuique
361 2295 401 2320 pri-

220 2327 295 2349 ιιὶομίυ
325 2329 346 2345 et
367 2325 401 2345 [a-

218 2358 291 2376 cuit-iti
307 2357 401 2377 terminis

219 2390 238 2407 in
259 2388 324 2413 piima
347 2394 400 2407 con-

218 2420 316 2439 cessione
332 2424 400 2445 pitto-

220 2451 312 2475 -ι-ιιμιὶςΔ

459 297 521 330 2138

1007 305 1183 328 BULLARlUM
1207 305 1355 328 RoMANUM

415 372 451 392 ac
473 360 891 403 propterearevocationum
908 357 1158 401 apostolicarum
1201 366 1389 397 uocxxxvu,
1428 357 1631 400 pontificatus
1665 359 1765 391 nostri
1790 370 1874 393 anno
1902 371 1947 393 se-

418 423 481 445 non
502 413 593 446 facile
613 413 759 446 notitiam
785 411 955 450 habituris,
978 421 1157 451 concessas,
1202 410 1320 444 cundo.

416 467 528 510 quavis
548 467 585 499 de
604 477 710 506 causa,
724 465 820 498 etiam
841 475 899 508 per
917 474 975 497 nos
996 469 1026 497 et
1044 464 1159 498 Sedem

416 520 630 564 Apostolicam
652 519 808 559 revocari,
835 518 989 562 suspendi
1009 524 1063 551 aut
1083 518 1161 551 alias

415 573 655 617 quomodolibet
686 572 814 605 alterari
840 572 1023 604 nullatenus
1055 582 1158 615 posse;

416 638 474 660 nec
482 628 540 659 sub
551 626 716 670 quibusvis
725 625 878 659 similium
887 624 1160 668 indulgentiarum

416 686 443 713 et
465 681 651 713 facultatum
683 679 952 718 revocationibus,
977 678 1160 722 suspensio-

416 734 521 770 nibus.
544 733 817 777 derogationibus,
839 732 1087 766 antelationibus
1114 734 1160 766 vel

415 787 486 820 aliis
511 787 786 831 dispositionibus,
802 787 896 820 etiam
919 787 950 819 in
966 787 1105 820 savorem
1119 788 1162 820 sa-

415 841 522 874 brieae
542 841 692 874 basilicae
705 840 862 885 Principis
881 841 1106 884 Apostolorum
1124 841 1162 874 de

416 894 510 935 Urbe,
533 894 695 928 cruciatae
719 900 846 928 sanctae
862 894 910 927 vel
930 894 1162 938 redemptionis

416 948 615 991 captivorum
636 954 690 981 aut
716 948 794 981 alias
819 959 855 982 ex
875 948 1038 992 quibusvis
1049 948 1119 980 aliis
1133 953 1162 980 et

416 1001 650 1045 urgentissimis
670 1008 700 1035 et
719 1001 907 1035 necessariis
927 1001 1044 1042 causis,
1067 1001 1161 1034 etiam

415 1056 453 1088 ad
475 1056 689 1099 imperatoris,
710 1067 822 1100 regum
836 1060 867 1089 et
882 1055 1020 1089 aliorum
1041 1054 1162 1100 prinei-

418 1121 492 1154 pum
514 1110 713 1150 instantiam,
736 1110 831 1143 etiam
857 1115 944 1143 motu
966 1109 1108 1153 proprio,
1134 1114 1164 1142 et

417 1176 452 1197 cx
474 1170 562 1197 certa
586 1164 729 1204 scientia,
747 1175 784 1197 ae
804 1164 843 1197 de
858 1163 1055 1207 apostolicae
1076 1167 1163 1207 pote-

416 1217 504 1249 statis
525 1217 724 1261 plenitudine
748 1228 784 1250 ac
814 1217 892 1250 alias
920 1216 1164 1259 quomodolibet

418 1283 474 1315 pro
507 1278 650 1315 tempore
684 1272 786 1312 saetis,
815 1272 998 1305 nullatenus
1018 1281 1163 1315 compre-

417 1325 525 1365 hendi,
539 1325 593 1357 sed
607 1335 736 1369 semper
745 1325 783 1357 ab
797 1325 860 1357 illis
872 1324 989 1368 excipi3
1003 1324 1164 1367 etquoties

419 1378 490 1410 illae
512 1378 720 1417 emanabunt,
738 1378 831 1411 toties
843 1378 874 1410 in
886 1377 1058 1421 pristinum
1071 1384 1102 1410 et
1112 1389 1165 1410 va-

417 1436 609 1469 lidissimum
631 1442 746 1469 statum
773 1437 946 1478 restitutas,
969 1442 999 1470 et
1019 1437 1057 1470 de
1082 1448 1164 1471 novo

416 1506 585 1528 concessas
606 1495 672 1528 sore
693 1506 729 1528 ae
750 1496 887 1536 censeri,
915 1495 1056 1539 ipsisque
1077 1496 1163 1529 chri-

417 1554 606 1586 stifidelibus
631 1554 799 1597 suffragari
821 1554 951 1593 debere3
975 1560 1005 1587 et
1025 1565 1163 1597 quarum

416 1611 636 1655 transumptis,
647 1612 811 1645 secretarii
824 1612 992 1646 Societatis
999 1613 1045 1646 vel
1055 1614 1163 1646 cuius-

417 1670 493 1703 libet
505 1670 620 1703 notarii
633 1670 754 1713 publici
773 1670 1022 1714 manuscriptis,
1037 1675 1067 1704 et
1078 1671 1163 1704 eius-

416 1729 487 1761 dem
501 1728 667 1762 Societatis
679 1729 851 1772 praepositi
865 1729 1024 1771 generalis
1037 1729 1084 1762 vel
1108 1729 1165 1762 ali-

417 1787 510 1819 ruius
531 1798 688 1830 personae
714 1787 745 1819 in
767 1787 921 1831 dignitate
947 1788 1165 1821 ecclesiastiea

417 1844 609 1878 constitutae
629 1845 734 1888 sigillo
765 1845 915 1888 signatis,
936 1846 1113 1890 plenariam
1134 1853 1162 1880 et

419 1904 599 1936 eademmet
620 1904 714 1937 sidem
733 1904 852 1948 ubique
873 1905 905 1937 in
926 1905 1045 1939 iudicio
1071 1905 1163 1939 adhi-

417 1963 554 1995 bendam
586 1974 653 1995 esse
684 1969 712 1996 et
742 1963 888 1996 adbiberi
914 1964 1051 2005 debere,
1081 1976 1163 2009 quae

415 2021 491 2064 ipsis
518 2020 727 2064 originalibus
748 2022 863 2055 litteris
891 2022 1115 2065 adhiberetur,
1138 2026 1162 2058 si

416 2081 520 2112 l'orent
550 2079 710 2112 exhibitae
739 2080 785 2112 vel
822 2086 988 2122 ostensae,
1020 2082 1164 2116 decerni—

416 2148 497 2170 mus.

457 2198 472 2237 ,ξ
501 2196 548 2229 13.
576 2196 685 2235 Quoad
706 2197 892 2231 huiusmodi
916 2198 1161 2242 indulgentiam,

414 2255 452 2287 ad
463 2255 656 2287 decennium
671 2256 833 2289 dumtaxat
847 2256 1043 2300 proximum,
1056 2260 1162 2301 quoad

416 2313 540 2356 reliqua
560 2324 634 2346 roro
661 2315 858 2357 supradicta,
882 2316 998 2360 partini
1020 2317 1059 2349 ad
1082 2323 1161 2350 tent-

416 2382 494 2414 pora
511 2372 658 2414 superius
679 2383 839 2416 expressa,
867 2374 982 2418 partim
1001 2386 1075 2409 vero
1093 2386 1164 2419 per-

416 2424 520 2468 petuis
551 2424 667 2458 suturis
702 2427 925 2470 temporibus,
957 2429 1005 2460 vet
1034 2429 1073 2462 ad
1108 2439 1164 2463 no-

416 2483 516 2511 strum
538 2485 565 2512 et
592 2479 694 2512 dietae
715 2481 804 2513 Sedis
822 2482 1074 2525 beneplacitum,
1092 2494 1163 2527 pro-

415 2537 449 2564 ut
468 2532 642 2575 respective
663 2534 702 2565 ab
728 2533 817 2567 initio
838 2545 989 2568 concessa
1019 2536 1161 2577 suerunt,

415 2586 571 2619 valituris.

458 2638 570 2673 Datum
600 2640 719 2674 Romae
740 2641 824 2684 apud
845 2642 997 2675 Sanctum
1018 2643 1160 2684 Petrum,

415 2693 474 2727 sub
505 2694 625 2728 annulo
662 2693 851 2736 piscatoris,
893 2696 944 2729 die
973 2705 1023 2729 xiv
1057 2697 1162 2730 martii

1259 468 1322 499 Dat.
1341 469 1389 499 die
1407 469 1444 499 1-1
1461 473 1546 499 mart.
1565 470 1654 507 1587,
1669 474 1748 509 pont.
1767 480 1844 501 anno
1861 480 1891 501 tt.

1538 630 1614 663 XVII

1204 705 1417 749 Confirnmtio
1442 711 1470 739 el
1490 707 1679 750 approbatio
1699 708 1853 742 breviarii
1869 721 1951 743 ceca-

1245 759 1347 801 pt'lttlo
1379 760 1524 802 yenerali
1553 760 1795 795 Cartltusiense's
1818 761 1952 796 Ordinis

1246 812 1421 852 emendati„
1448 818 1477 845 et
1497 824 1516 845 ιι
1538 814 1759 847 cardinalibus
1780 814 1905 858 Carasa
1923 821 1952 850 el

1247 866 1367 898 Montis
1379 866 1508 909 Reytctis
1527 868 1685 910 reeoqniti
1709 879 1767 912 pro
1794 869 1861 913 ipso
1891 869 1951 903 Or-

1247 920 1323 952 dine
1344 919 1572 953 Carthusz'ensi
1596 922 1622 954 ¹.

1203 1008 1306 1038 Dilecto
1325 1008 1381 1038 filio
1391 1008 1478 1045 priori
1497 1009 1735 1044 generaliordtnts
1750 1011 1954 1041 carthusiensis

1455 1063 1553 1092 sixtus
1574 1063 1644 1100 Papa
1663 1065 1694 1093 V.

1203 1116 1305 1146 Dilecto
1324 1116 1374 1153 iili,
1395 1117 1514 1146 satutem
1535 1119 1565 1146 ot
1586 1119 1707 1154 apostol.
1731 1119 1953 1152 benedictionem.

1247 1188 1312 1231 §i
1340 1188 1469 1222 Ordinis
1495 1189 1586 1223 istius
1616 1190 1854 1224 Carthusiensis
1878 1191 1952 1226 hre-

1205 1241 1351 1282 riarium‚
1371 1243 1458 1286 quod
1479 1254 1496 1275 a
1517 1248 1546 1276 te
1574 1243 1782 1288 capituloque
1811 1245 1954 1288 generali

1205 1306 1309 1339 nuper
1327 1296 1532 1330 emendatum
1554 1308 1623 1331 esse
1643 1298 1735 1331 nobis
1753 1298 1952 1342 significasti,

1205 1360 1222 1382 a
1243 1349 1367 1383 dilectis
1391 1350 1466 1383 filiis
1480 1350 1597 1383 nostris
1617 1351 1755 1384 Antonio
1775 1351 1859 1385 tituli
1876 1352 1954 1386 San-

1206 1409 1332 1436 ctorum
1362 1403 1490 1437 Ioannis
1514 1409 1544 1437 et
1572 1404 1661 1437 Pauli
1689 1405 1810 1446 Carasa,
1831 1410 1863 1439 et
1881 1405 1955 1439 vin-

1206 1456 1313 1489 centio
1339 1456 1423 1489 tituli
1445 1457 1578 1490 Sanctae
1603 1458 1719 1491 Mariae
1739 1458 1772 1491 in
1788 1458 1844 1492 Via
1863 1459 1953 1492 Mon-

1206 1509 1244 1543 tis
1270 1510 1397 1553 Regalis
1417 1510 1449 1543 S.
1472 1511 1509 1544 R.
1532 1511 1567 1544 E.
1591 1511 1810 1545 cardinalibus
1829 1523 1955 1547 nuncu-

1206 1564 1300 1608 patis,
1322 1570 1354 1597 et
1370 1564 1441 1597 aliis
1465 1565 1567 1598 doctis
1588 1570 1619 1598 et
1638 1565 1749 1609 peritis
1768 1565 1855 1607 viris,
1872 1577 1954 1611 quos

1206 1617 1397 1660 delegimus,
1424 1618 1566 1652 studiose
1599 1618 1835 1663 diligenterque
1861 1630 1953 1654 reco-

1205 1671 1425 1714 gnoscendum
1438 1672 1634 1713 curavimus3
1648 1672 1680 1713 ii,
1694 1672 1885 1707 omnibuset
1894 1673 1956 1707 sin-

1205 1725 1289 1769 gulis
1310 1725 1396 1759 illius
1416 1726 1574 1769 partibus,
1597 1738 1634 1760 ex
1654 1727 1774 1770 quibus
1794 1732 1896 1760 totum
1907 1738 1955 1761 ea-

1205 1779 1396 1812 nonicarum
1406 1779 1561 1813 horarum
1573 1780 1716 1813 officium
1725 1780 1869 1814 divinum
1879 1791 1955 1815 con-

1206 1837 1283 1873 stat,
1307 1843 1379 1866 vere
1400 1833 1577 1878 perspectis
1602 1839 1753 1877 recteque
1766 1833 1953 1877 recognitis,

1206 1886 1337 1920 demum
1357 1887 1451 1920 nobis
1471 1888 1653 1921 retulerunt
1677 1887 1758 1921 nihil
1788 1887 1821 1921 in
1846 1898 1884 1921 eo
1908 1888 1954 1921 vi-

1206 1941 1273 1974 deri
1294 1951 1400 1985 neque
1421 1952 1489 1975 esse
1509 1942 1596 1986 quod
1621 1941 1766 1975 eiusdem
1786 1941 1819 1976 S.
1846 1942 1881 1975 E.
1905 1952 1955 1976 ca-

1961 306 2012 334 An.
2029 306 2058 334 C.
2079 305 2143 333 ¹587

2027 1205 2152 1227 commi-sio

1969 1236 2080 1257 nonnuliis
2103 1236 2152 1256 data

1968 1267 2097 1288 brevi-rium
2126 1267 2152 1288 de

1968 1303 2009 1324 quo
2025 1298 2045 1318 in
2069 1297 2152 1318 rubrica

1969 1330 2111 1352 examinandi.

1205 1995 1344 2028 motii-,ae
1363 1995 1526 2029 Romanae
1553 1995 1706 2029 institutis
1719 2023 1727 2036 ,
1748 1995 1955 2030 Tridentinae
2004 2003 2007 2007 '

1205 2049 1323 2093 Synodi
1361 2049 1591 2083 oecumenicae
1624 2050 1762 2084 decretis
1793 2055 1824 2083 et
1856 2049 1956 2084 saeris

1206 2103 1384 2136 canonibus
1405 2110 1576 2148 repugnet.

1248 2157 1263 2200 ξ
1288 2157 1318 2189 ⁶2.
1346 2157 1563 2196 Quamobrem
1580 2157 1659 2191 illud
1675 2157 1718 2190 ita
1728 2163 1759 2191 et
1769 2163 1952 2191 correctum

1205 2216 1233 2243 et
1255 2211 1455 2254 recognitum
1478 2222 1535 2244 nos
1560 2212 1736 2255 apostoliea
1765 2211 1954 2246 auctoritate

1205 2265 1435 2308 approbamus,
1453 2264 1684 2298 confirmamus
1703 2270 1734 2298 et
1752 2265 1954 2306 roboramus,

1206 2322 1310 2350 ratum
1336 2317 1533 2361 firmumque
1552 2318 1723 2358 habemus;
1745 2323 1775 2352 et
1799 2318 1954 2362 quoniam

1204 2371 1365 2414 cupimus,
1383 2371 1446 2405 tuis
1458 2372 1609 2415 precibus
1622 2372 1764 2413 adducti,
1778 2382 1876 2416 quam
1888 2371 1954 2416 pri-

1206 2435 1294 2457 mum
1315 2425 1384 2457 lieri
1407 2431 1522 2468 potest,
1545 2425 1631 2459 illius
1653 2436 1749 2459 usum
1771 2425 1951 2465 introduci;

1206 2478 1326 2511 ideireo
1350 2479 1408 2512 tibi
1434 2479 1495 2512 boc
1515 2490 1703 2513 concessum
1727 2484 1758 2512 et
1790 2479 1952 2512 indultum

1206 2542 1274 2564 esse
1295 2532 1443 2565 volumus
1464 2538 1515 2573 ut,
1542 2539 1606 2566 tam
1628 2533 1810 2566 litterarum
1836 2532 1951 2566 harum

1206 2596 1302 2629 quam
1324 2586 1462 2619 aliorum
1493 2586 1734 2630 privilegiorum
1756 2592 1787 2620 et
1810 2585 1951 2619 indulto·

1206 2650 1290 2678 rum,
1312 2649 1394 2683 quae
1410 2640 1488 2672 alias
1504 2651 1521 2672 a
1541 2640 1623 2673 Sede
1642 2639 1824 2683 Apostolica
1835 2638 1885 2672 isti
1897 2638 1953 2672 Or-

1241 2709 1251 2735 1
1271 2706 1313 2734 Ex
1329 2706 1440 2741 aegest.
1457 2706 1485 2736 in
1500 2706 1607 2735 secret.
1622 2706 1765 2735 Brevium.

2019 2169 2152 2197 Approbntur

1969 2206 1981 2220 ι
1991 2199 2093 2222 Pontiflco
2106 2207 2152 2222 eum

1969 2231 2059 2253 licentia
2078 2232 2153 2259 impri—

1969 2263 2120 2291 mendicoque
2131 2268 2154 2284 n-

1970 2294 2036 2315 tondi.
