2226 3070
113 313 161 340 An.
183 312 212 339 C.
230 310 298 338 ¹589

967 314 1075 337 SIXTUS
1096 314 1114 336 V
1133 313 1182 337 1¹1³.

310 422 367 454 per
387 412 512 444 oblatae
533 412 694 456 petitionis
716 412 910 450 instantiam„
935 414 989 446 sed
1017 425 1051 445 cx

310 470 394 497 certa
415 470 523 498 nostra
550 465 696 503 scientia,
721 477 757 498 ae
789 467 828 498 de
859 467 1052 510 apostolicae

309 519 472 561 potestatis
492 519 705 562 plenitudine„
730 520 838 552 onmia
869 526 896 552 et
929 520 1053 562 singula

308 577 434 609 statuta,
456 571 686 609 ordinationes,
701 573 934 615 prohibitiones¹
952 579 979 605 et
999 573 1053 605 de-

308 631 394 658 creta
406 625 580 669 praedicta,
598 632 691 669 prout
706 626 733 658 si·
745 626 866 667 vulgari
886 627 1048 663 idiomate,

308 689 372 721 quo
394 678 575 721 conscripta
595 679 723 711 fuerunt
747 679 1003 722 exprimerentur
1023 686 1051 712 et

308 731 548 769 denotarentur,
566 732 745 771 laudamus,
761 738 916 775 perpetuo
937 743 1052 775 appro-

307 784 421 817 bamus
457 790 486 817 et
526 785 775 818 confirmamus:
815 797 991 829 omnesque
1023 792 1050 819 et

307 837 449 879 singulos
470 844 534 871 tam
550 838 639 876 iuris,
655 850 751 882 quam
772 840 843 872 sacti
856 845 884 873 et
902 840 1052 873 solemni-

308 895 419 929 tatum,
443 891 539 923 etiam
560 892 754 931 verbalium,
784 893 889 925 forsan
920 893 1053 925 omissa-

306 954 390 983 rum,
426 944 577 982 desectus,
611 945 635 977 si
672 945 726 988 qui
760 945 990 979 intervenerint
1021 946 1050 978 in

307 996 439 1037 eisdem,
463 998 665 1041 supplen'ius;
690 1004 720 1031 et
739 1009 797 1042 pro
825 999 1051 1032 abundantiori

307 1051 442 1088 cautela,
467 1051 647 1094 maiorique
675 1052 818 1095 ipsorum
846 1058 1049 1089 statutorum,

308 1110 553 1148 praeceptorum
575 1111 604 1137 et
625 1106 828 1138 decretorum
850 1105 1052 1149 aliorumque

308 1157 558 1201 praemissorum
585 1159 727 1191 efficacia
757 1165 785 1191 et
816 1160 1049 1198 observatione,

309 1210 404 1244 etiam
426 1221 484 1244 nos
504 1222 562 1255 per
581 1213 693 1245 eadem
715 1213 827 1253 verba,
851 1218 977 1253 statuta,
1002 1224 1053 1246 or-

308 1264 499 1305 dinationes,
523 1271 694 1310 praecepta
712 1271 740 1298 et
762 1267 890 1299 decreta
911 1267 949 1299 de
970 1278 1052 1300 novo

307 1319 451 1357 facimus,
486 1320 666 1359 statuimus,
701 1320 900 1359 ordinamus,
932 1321 1053 1365 praeci-

307 1372 413 1416 pimus
434 1378 463 1405 et
482 1373 695 1411 decernimus,
712 1380 806 1418 atque
828 1374 1053 1407 inviolabiliter

307 1431 337 1459 et
356 1431 512 1470 perpetuo
533 1427 706 1467 observari,
731 1433 757 1460 et
788 1428 965 1473 executioni
996 1441 1054 1472 per

307 1478 398 1516 illos,
431 1480 471 1512 ad
501 1490 580 1522 quos
611 1486 746 1523 spectat,
781 1480 969 1514 inconcusse
999 1483 1052 1515 de-

308 1533 454 1565 mandari
475 1533 623 1566 volumus
644 1539 674 1566 et
695 1533 853 1566 iubemus.

1087 414 1172 447 tione
1193 414 1368 457 apostolica
1388 414 1436 446 vel
1457 414 1567 457 quavis
1590 414 1739 447 firmitate
1771 415 1831 447 alia

1086 467 1254 503 roboratis,
1272 467 1394 499 statutis
1408 472 1439 499 et
1451 467 1749 505 eonsuetudiniluis,
1768 467 1833 510 pri-

1087 520 1207 559 vilegiis
1228 531 1368 563 quoque,
1393 519 1523 553 indultis
1554 525 1581 552 ct
1614 519 1725 552 litteris
1756 531 1832 563 apo-

1086 573 1205 605 stolicis
1223 573 1253 606 in
1267 573 1463 606 contrarium
1482 573 1733 617 praemissorum
1753 585 1833 618 quo-

1087 626 1261 658 modolibet
1285 627 1460 663 concessis,
1484 627 1669 670 approbatis
1690 632 1718 659 et
1741 627 1833 660 inno-

1086 678 1178 711 vatis:
1211 679 1328 722 quibus
1359 679 1529 717 omnibus,
1563 690 1674 713 00111111
1705 686 1833 713 tenores

1087 732 1323 774 praesentibus,
1348 743 1406 776 pro
1427 733 1582 776 expressis
1603 733 1772 773 habentes,
1797 733 1832 765 il-

1087 784 1124 816 lis
1145 785 1222 817 alias
1244 785 1273 817 111
1295 796 1352 817 suo
1373 786 1489 818 robore
1510 787 1748 829 permansuris,
1773 787 1831 819 liae

1087 838 1153 870 vice
1175 839 1348 875 dumtaxat,
1364 839 1544 882 specialiter
1564 846 1591 872 et
1614 851 1760 884 expresse
1778 841 1832 873 de-

1087 902 1249 933 rogamus,
1278 893 1475 935 caeterisque
1505 894 1673 926 contrariis
1701 894 1832 937 quibus—

1088 955 1237 987 cumque.

1131 998 1244 1030 Datum
1274 998 1394 1031 Romae
1426 1000 1511 1042 apud
1540 1000 1570 1032 S.
1604 1001 1748 1037 Petrum,
1773 1002 1831 1033 sub

1087 1050 1206 1083 annulo
1229 1051 1408 1091 piscatoris,
1424 1051 1474 1084 die
1491 1063 1508 1085 x
1529 1053 1634 1086 martii
1656 1064 1828 1093 MDLXXXIX,

1088 1103 1293 1147 pontificatus
1314 1104 1414 1137 nostri
1435 1116 1519 1138 anno
1542 1116 1583 1138 iv.

1124 1165 1181 1192 Dat.
1201 1165 1243 1193 die
1263 1167 1295 1193 to
1309 1166 1400 1193 martii
1419 1167 1496 1200 1589,
1514 1171 1585 1203 pont.
1598 1174 1687 1195 an.1r.

1390 1329 1524 1362 XXXIX.

1087 1426 1254 1459 Statuitur
1273 1427 1359 1470 quod
1389 1428 1421 1459 in
1449 1432 1643 1471 perpetuum
1663 1430 1698 1461 in
1728 1431 1833 1462 omni-

1132 1479 1189 1511 bus
1210 1484 1237 1511 et
1257 1480 1399 1523 sinqutis
1427 1481 1703 1524 metropoli'tmu's,
1727 1482 1833 1515 cuthe-

1131 1532 1291 1569 drulilms,
1316 1533 1496 1575 colleyiutis
1529 1538 1557 1565 ct
1585 1535 1833 1576 parochialibus

1130 1585 1279 1622 ecclesiis,
1303 1586 1336 1617 ‘in
1359 1586 1588 1629 Portugyaltiue
1608 1591 1636 1619 et
1657 1588 1833 1630 Algyurbio-

1738 304 1803 337 343
1849 313 1896 340 An.
1915 313 1943 341 c.
1967 315 2032 343 ¹589

311 358 444 392 civitatis
464 364 518 392 aut.
537 359 675 392 aliorum
696 370 754 404 pro
775 360 818 393 eis
844 360 935 393 nobis
960 362 1053 393 desu-
1088 372 1123 393 ac.
1144 361 1246 393 dictae
1272 360 1420 397 civitatis,
1444 360 1636 400 iuramento,
1661 362 1833 394 confirma·
1848 375 2032 422 ,qsssgffl'fflffin‘

1857 409 1873 422 Γ.
1916 409 1966 422 fun}-

353 1585 367 1627 ,ξ
387 1585 417 1617 3.
442 1586 654 1618 Deeernentes
675 1587 762 1630 quod
784 1587 831 1619 liis
851 1587 985 1625 statutis,
1001 1599 1052 1620 or-

108 1669 213 1693 aminum
249 1638 537 1690 nul-dinationibus,
562 1640 740 1683 praeceptis
769 1646 800 1673 ct.
830 1641 966 1674 decretis
996 1653 1052 1685 per

108 1693 149 1742 {32¹3
173 1696 293 1743 1111Ϊῇξῇζρῗῇιῦ
308 1703 367 1725 1105
388 1699 417 1726 01
437 1704 637 1727 successores
658 1700 783 1727 nostros
797 1695 958 1728 Romanos
970 1696 1052 1728 Pon—

107 1745 409 1797 ξιξῐῦῑξῇἹξιίΞΒΟΙΠ-1111005
439 1758 604 1790 nunquam
635 1748 831 1781 sufficienter
862 1749 1050 1789 derogatum

307 1811 375 1833 esse
396 1806 573 1839 censeatur,
598 1801 657 1833 nisi
679 1802 761 1834 ultra
786 1802 864 1835 duas
885 1802 1051 1835 citationes

136 1643 292 1663 omnemavm-
1130 1649 1205 1671 rum
1225 1640 1344 1681 refluis,
1372 1641 1538 1672 meatuum
1564 1641 1667 1683 officia.
1696 1642 1832 1674 maioris

1131 1692 1360 1731 hebdomadae,
1384 1697 1413 1725 ct
1441 1693 1697 1726 Rasin-rectionis
1722 1695 1832 1728 Domi-

1130 1744 1233 1785 nicue,
1254 1745 1374 1788 populo
1400 1750 1578 1788 praesente,
1604 1757 1665 1779 non
1688 1748 1833 1790 <implius

1131 1798 1355 1841 intempestiva
1376 1803 1464 1831 nocte
1484 1799 1684 1832 celebrentur
1704 1801 1724 1833 ¹.

129 2121 238 2142 Clausulas:
254 2129 290 2147 pri·

107 2150 209 2174 perpetua
229 2149 291 2170 huius

122 2176 277 2196 constitutionis

107 2200 211 2222 firmitate.

307 1854 411 1887 eidem
443 1855 665 1888 communitati
697 1856 868 1896 faciendas,
897 1861 928 1888 ut
960 1868 1051 1900 prae-

304 1908 414 1947 fertur,
450 1908 481 1940 in
511 1908 640 1951 publiea
669 1908 851 1951 signatura,
887 1910 1050 1953 proposita

305 1960 538 2004 supplicatione
560 1972 632 1993 cum
663 1962 879 2005 praesentium
905 1962 1050 1996 insertio-

306 2024 356 2053 ne,
381 2014 546 2057 derogatio
567 2015 660 2048 fuerit
682 2026 844 2048 concessa.

351 2069 365 2111 ξ
386 2068 416 2101 lt.
432 2068 588 2112 Quodque
610 2080 667 2112 per
687 2080 909 2113 quoscumque
930 2070 1050 2104 iudices

307 2126 335 2154 et
356 2122 605 2158 commissarios,
630 2122 740 2166 quavis
765 2123 952 2156 auctoritate
981 2126 1050 2156 11111-

306 2180 427 2216 gentes,
455 2175 550 2208 etiam
576 2186 745 2208 causarum
775 2176 886 2209 Palatii
917 2178 1051 2220 Aposto-

307 2227 358 2259 liei
379 2228 540 2261 auditores
561 2240 596 2261 ac
617 2229 647 2262 S.
670 2229 706 2262 R.
731 2230 765 2261 E.
790 2229 978 2269 cardinales,
999 2242 1051 2263 su-

306 2281 392 2314 blata
412 2281 457 2314 eis
477 2287 507 2314 ct
527 2292 639 2314 eorum
663 2282 791 2315 cuilibet
823 2283 933 2326 quavis
959 2284 1051 2317 aliter

307 2334 469 2367 iudicandi
501 2341 531 2368 et
566 2335 797 2379 interpretandi
834 2338 982 2370 facultate
1021 2344 1048 2371 et

307 2388 505 2427 auctoritate,
540 2389 660 2432 ubique
691 2389 824 2422 iudicari
854 2400 890 2422 ae
920 2390 1049 2423 diffiniri

307 2441 440 2479 debere,
464 2452 522 2474 nee
544 2453 608 2474 non
630 2442 755 2474 irritum
786 2448 814 2475 et
837 2442 930 2475 inane
958 2444 1050 2487 quid-

305 2494 383 2538 quid
403 2505 494 2528 secus
513 2506 610 2538 super
630 2495 678 2527 liis
698 2506 715 2527 a
736 2506 915 2539 quoquam,
940 2498 1050 2540 quavis

305 2547 504 2584 auctoritate,
528 2547 665 2580 scienter
685 2548 732 2580 vel
765 2548 950 2590 ignoranter
974 2561 1050 2582 eon-

305 2600 412 2642 tigerit
432 2601 591 2634 attentari.

350 2652 365 2693 ξ
385 2650 415 2683 5.
439 2652 508 2684 Non
528 2651 728 2685 obstantibus
748 2652 912 2696 quibusvis
933 2654 1049 2686 consti-

308 2704 483 2738 tutionibus
507 2710 539 2738 et
563 2705 820 2739 ordinationibus
850 2706 1044 2750 apostolicis,

1086 1880 1186 1908 Sixtus
1203 1881 1281 1914 Papa
1295 1882 1326 1913 V,
1345 1881 1381 1908 ad
1396 1884 1572 1915 perpetuam
1587 1882 1630 1909 rei
1647 1883 1829 1911 memoriam.

1129 1960 1265 1994 Romani
1285 1961 1449 1994 Pontitieis
1469 1962 1670 2005 providentia
1691 1963 1729 1996 de
1758 1963 1832 1996 reli-

1085 2013 1173 2056 giosa
1194 2013 1291 2047 divini
1322 2015 1425 2047 cultus
1454 2015 1676 2049 observatione
1705 2022 1734 2049 et
1764 2017 1832 2050 ani-

1085 2078 1211 2099 marum
1233 2067 1334 2100 salute
1355 2078 1483 2111 semper
1502 2068 1648 2109 sollicita,
1662 2069 1832 2111 diligenter

1085 2121 1303 2165 circumspicit
1332 2127 1363 2154 ut
1398 2122 1503 2154 divina
1535 2122 1640 2155 offic-ia
1670 2128 1700 2155 et
1719 2134 1828 2156 sacrae

1085 2187 1207 2219 preces,
1231 2186 1313 2219 quae
1343 2176 1470 2219 publice
1499 2176 1529 2208 in
1562 2177 1718 2215 eeclesiis,
1743 2177 1830 2210 fideli

1085 2230 1205 2273 populo
1226 2235 1404 2272 praesente,
1436 2230 1475 2262 ab
1507 2230 1730 2263 ecclesiasticis
1760 2242 1832 2274 per-

1084 2283 1170 2315 sonis
1190 2284 1254 2316 Deo
1275 2284 1511 2327 persolvuntur,
1529 2285 1570 2317 ita
1592 2285 1704 2318 devote
1726 2290 1754 2318 et
1777 2286 1831 2318 de-

1085 2336 1317 2373 centei‘‚l101·is,
1342 2336 1605 2381 temporibusque
1627 2338 1828 2381 opportunis,

1085 2390 1173 2426 liant,
1197 2395 1229 2422 ut
1251 2389 1356 2422 omnis
1387 2391 1528 2423 scandali
1561 2391 1694 2424 materia
1724 2402 1831 2424 remo-

1084 2447 1204 2479 veatur,
1239 2442 1343 2474 onmis
1375 2443 1529 2486 peccandi
1559 2443 1697 2481 occasio,
1733 2455 1826 2487 quae,

1085 2494 1213 2527 diabolo
1234 2495 1403 2536 suadente,
1436 2501 1533 2529 noctu
1563 2497 1765 2540 potissimum
1799 2497 1828 2529 in

1084 2547 1296 2580 multitudinis
1309 2548 1487 2592 frequentia
1500 2550 1578 2582 solet
1597 2549 1740 2590 existere,
1758 2560 1830 2593 per-

1084 2599 1168 2641 vigili
1189 2611 1266 2633 cura
1287 2606 1480 2644 amputetur.

1128 2655 1142 2695 ς’
1169 2653 1193 2686 l.
1217 2654 1294 2687 Cum
1325 2654 1422 2696 igitur
1450 2665 1523 2695 1105,
1547 2655 1674 2699 piorum
1706 2661 1735 2688 et
1765 2656 1827 2688 tide

1122 2717 1130 2742 1
1153 2715 1191 2743 Ex
1211 2715 1318 2752 Regest.
1336 2716 1363 2743 in
1378 2716 1478 2745 Secret.
1490 2717 1622 2744 Brevium.

1874 1977 1993 1998 Exordium.
