2226 3070
68 266 120 293 An.
138 264 157 293 C
183 265 251 294 ¹589

97 964 169 985 causis
184 963 251 984 lateo-

69 1002 112 1016 rum
132 996 253 1022 spectanti-

68 1034 100 1047 uni
123 1028 148 1047 ad
168 1028 253 1054 eapitu—

68 1059 115 1079 lum.

117 1620 256 1647 Exempuon·

72 1653 159 1680 capituli
167 1659 178 1673 a
185 1652 255 1675 ‹taitiu

928 259 1032 284 SIXTUS
1051 259 1070 283 V
1089 259 1138 282 PP.

266 315 395 349 officiali
416 321 447 348 et
467 313 629 354 familiari,
652 325 747 358 quem
766 313 936 358 episcopus
956 323 1015 356 pro

266 375 413 413 tempore
438 369 575 403 existens
600 370 637 402 ad
672 369 767 401 talem
796 367 1013 411 provisionem

266 429 296 456 et
311 423 620 456 administrationem
642 433 679 454 ex
695 421 1016 455 01111111111115511151111-

266 477 348 510 xerit
378 476 598 521 deputandum
630 481 661 508 et
688 475 854 508 idoneum.
877 474 968 513 Quod
989 473 1014 506 si

265 529 436 574 episcopus
456 534 511 562 aut
535 539 751 568 successores,
778 527 891 572 quovis
915 538 1014 570 quae-

265 583 324 617 sito
352 584 472 623 colore,
501 581 808 625 impignorationem
838 586 869 613 et
904 580 1016 613 inscri-

266 637 409 681 ptionem
437 635 484 668 vel
506 635 697 668 colonorum
719 633 947 667 alienationem
970 634 1016 666 sa-

266 701 339 724 cere
359 688 596 727 attentaverint,
619 692 696 720 tune
722 698 834 720 omnes
854 692 883 719 et
899 686 1014 728 singuli

266 742 412 776 canonici
450 752 656 784 nequaquam
695 741 877 773 consentire
895 767 901 781 ,
922 750 925 753 ·
943 752 1017 773 eon-

265 797 397 830 cludere
416 805 522 838 neque
551 795 722 828 admittere
752 794 849 828 velint
879 800 934 827 aut
960 795 1016 828 de-

264 850 372 883 beant.

308 903 398 943 Item‚
418 903 458 936 ad
479 903 637 936 decanum
655 908 777 947 spectet
796 908 937 947 potestas
957 913 1018 946 pu-

265 956 375 990 niendi
392 956 491 990 laicos
516 963 696 1002 spectantes
716 957 755 989 ad
781 957 960 1001 capitulum
988 962 1019 989 et

267 1011 532 1044 ecclesiasinliac
544 1011 672 1044 civitate
692 1011 876 1051 existentes,
896 1011 928 1043 111
949 1010 1020 1054 qui-

267 1066 327 1099 bus
343 1066 500 1099 hactenns
516 1065 546 1098 id
563 1065 663 1099 moris
684 1065 754 1105 suit,
777 1075 904 1098 necnon
922 1065 1018 1097 etiam

268 1120 463 1153 domesticos
497 1126 528 1153 et
559 1120 698 1153 famulos
727 1119 958 1152 canonicorum
987 1118 1019 1151 in

268 1174 373 1207 causis
415 1173 578 1210 civilibus:
611 1173 665 1206 ubi
694 1178 801 1206 autem
835 1172 1020 1206 criminales

267 1233 353 1267 511111,
374 1227 470 1260 etiam
489 1227 901 1267 criminaliterintentatae,
918 1226 1019 1269 magi-

268 1286 386 1314 stratus
420 1280 577 1314 ordinarii
609 1280 880 1314 animadversioni
915 1280 1021 1313 subia-

269 1339 373 1368 ceant.
396 1335 431 1368 In
452 1335 559 1368 dubiis
585 1335 712 1368 casibus
733 1346 820 1376 vcro,
843 1335 882 1368 de
902 1334 1021 1378 quibus

269 1394 356 1421 certo
387 1398 452 1422 non
482 1394 606 1422 constet
632 1400 710 1423 num
741 1388 805 1422 sint
839 1388 947 1421 civiles
981 1399 1021 1421 an

268 1453 344 1476 vero
361 1435 559 1483 criminales,
581 1442 724 1476 decanus
746 1448 775 1475 et
789 1443 883 1476 aulae
900 1442 1022 1486 episco-

269 1496 350 1540 palis
370 1496 551 1541 praefectus
571 1496 731 1529 decidant.

314 1550 404 1590 Item,
435 1550 511 1593 quia
540 1550 580 1583 ad
602 1550 781 1594 capitulum
801 1556 924 1595 spectat
948 1561 1023 1594 pro-

270 1603 390 1647 prietas
411 1609 441 1637 et.
462 1604 621 1648 possessio
641 1614 738 1644 areae,
761 1615 859 1648 quam
880 1604 1021 1647 vulgari-

272 1662 319 1690 ter
349 1657 491 1701 Denleoff
515 1658 691 1691 unctnvo‘hr
715 1664 841 1699 vocant,
873 1658 1022 1692 videlicet

270 1712 309 1745 ab
334 1711 487 1755 aquilone
512 1722 622 1745 versus
643 1711 840 1752 Danubium,
867 1717 898 1745 et
925 1712 964 1745 ab
985 1723 1022 1745 0-

270 1765 372 1799 riente
392 1765 430 1798 ad
452 1771 577 1809 portam
600 1766 709 1809 palatii
731 1765 885 1803 consulis,
902 1766 956 1799 ubi
978 1766 1021 1799 ia-

270 1824 320 1852 cet
353 1818 433 1863 lapis
459 1819 636 1863 sanguinis,
664 1819 742 1852 alias
775 1819 854 1852 Wcler
877 1819 1022 1853 Setstam

268 1883 378 1906 versus
406 1872 609 1906 occidentem
637 1884 738 1917 usque
767 1873 807 1906 ad
834 1874 925 1907 urbis
950 1885 1021 1906 mu-

270 1936 355 1967 rum,
369 1925 424 1970 qui
440 1926 492 1959 clip
512 1926 612 1959 Wleor
631 1927 825 1971 appellatur,
847 1938 956 1960 versus
967 1938 1022 1960 au-

269 1985 372 2012 strum
392 1981 432 2013 ad
467 1980 588 2013 tlumen
609 1980 692 2021 OEni,
720 1981 806 2014 unde
826 1980 908 2014 infra
929 1992 1021 2014 eum-

269 2033 340 2066 dem
362 2034 518 2067 ambitum
539 2035 647 2067 nullus
663 2034 841 2078 quidquam
858 2035 955 2068 habet
965 2046 1021 2068 seu

270 2087 365 2120 debet
385 2087 480 2120 etiam
502 2087 664 2126 ordinare,
685 2088 746 2121 nisi
767 2089 946 2122 secundum
968 2089 1022 2122 be-

270 2141 468 2184 neplacitum
481 2143 720 2175 etvoluntatem
740 2143 887 2187 capituli,
910 2149 945 2176 ut
965 2144 1022 2176 lia-

270 2195 365 2227 betur
385 2205 421 2227 ex
442 2195 617 2239 privilegiis
638 2207 693 2229 seu
715 2196 945 2230 donationibus
964 2198 1022 2230 bo-

271 2258 330 2281 nae
352 2249 527 2282 memoriae
547 2250 897 2284 Corradietssertlioldi
919 2252 1022 2285 eccle-

272 2302 336 2335 siae
357 2303 551 2336 Pataviensis
570 2304 772 2348 praesulum.

316 2356 406 2395 Item,
438 2357 617 2401 capitulum
646 2357 842 2394 Pataviense„
866 2364 896 2391 et
922 2360 1023 2402 magi—

272 2414 336 2441 ster
355 2409 464 2442 Pontis
495 2416 525 2442 et
548 2410 762 2453 Leprosorum
789 2412 851 2444 sint
870 2423 928 2455 per
953 2413 1025 2445 eivi-

271 2463 366 2490 tatem
396 2459 614 2492 Pataviensem
644 2460 738 2493 liberi
773 2461 812 2493 ab
837 2461 925 2493 omni
953 2472 1024 2494 exa-

271 2509 376 2541 ctione
397 2520 451 2542 sen
478 2510 639 2543 solutione
660 2511 782 2551 aaziae,
805 2522 888 2553 quae
912 2512 1024 2555 [bruell

271 2564 300 2591 et
315 2558 480 2602 Ansclzflagy
497 2560 544 2592 vel
561 2560 737 2603 Aufschtaq
752 2561 926 2604 vulgariter
941 2572 1024 2594 nun-

271 2613 443 2652 cupantur,
465 2609 546 2642 adeo
567 2610 653 2653 quod
675 2610 713 2642 de
733 2610 814 2642 vinis
833 2610 899 2643 suis
919 2616 946 2644 et
971 2610 1025 2643 bo-

271 2657 331 2695 nis,
354 2669 438 2702 quae
459 2669 513 2692 eos
533 2660 712 2693 successive
732 2659 891 2693 ducillare
909 2666 938 2693 et
952 2671 1024 2693 ven-

351 2707 425 2738 Ball.
446 2707 523 2738 Rom.
552 2708 605 2739 Vol.
621 2708 671 2739 IX„
905 2710 942 2739 18

1702 246 1764 279 ‘1537

1058 311 1133 343 dere
1146 309 1334 352 contigeret,
1348 309 1533 342 nullatenus
1553 308 1729 352 quidquam
1749 308 1809 339 sol-

1057 375 1128 398 vere
1150 369 1331 404 teneantur,
1350 362 1381 395 in
1403 362 1638 405 cuiuscumque
1652 367 1809 406 potestate

1058 418 1107 451 ius
1128 417 1276 461 exigendi
1296 428 1352 450 seu
1365 416 1541 460 recipiendi
1554 415 1738 448 huiusmodi
1755 426 1808 448 ex-

1058 471 1217 504 actionem
1239 470 1351 504 existat
1372 470 1403 503 in
1424 470 1582 509 futurum,
1604 469 1646 501 ita
1667 469 1752 513 quod
1775 468 1811 501 li-

1058 525 1133 557 bere
1147 525 1257 558 eadem
1277 524 1347 557 vina
1360 524 1530 564 ducillare,
1543 534 1599 557 seu
1618 523 1671 556 illa
1685 528 1715 555 et
1726 523 1807 555 bona

1058 589 1114 611 sua
1135 579 1273 612 vendere
1294 579 1417 623 possint
1433 584 1463 611 et
1478 578 1603 612 valeant
1614 577 1809 619 cuicumque

1058 632 1106 664 vel
1127 632 1389 677 quibuscumque
1418 632 1512 665 etiam
1540 637 1627 665 extra
1649 630 1809 664 civitatem

1058 685 1288 725 Pataviensem‚
1298 692 1395 730 prout
1410 687 1455 720 eis
1468 687 1631 719 videbitur
1645 685 1808 729 expedire,

1059 739 1180 783 absque
1201 741 1366 773 exactione
1384 740 1548 784 praedicta
1564 739 1692 773 etomni
1712 740 1812 782 impe-

1059 792 1213 826 (1111101110.

1103 848 1194 889 Item,
1222 849 1435 893 praepositus,
1457 850 1598 882 decanus
1631 854 1661 881 et
1693 847 1809 888 singuli

1060 902 1220 943 canonici,
1244 902 1396 946 magister
1416 904 1634 947 leprosorum,
1658 902 1721 935 imo
1743 902 1812 945 qni-

1061 967 1200 999 cuinque
1221 957 1403 989 beneficiati
1421 963 1452 989 et
1473 956 1582 989 clerici
1602 955 1736 989 civitatis
1753 956 1811 987 Pa-

1062 1010 1209 1043 taviensis
1230 1015 1260 1042 et
1280 1010 1473 1043 suluirbinm
1500 1010 1654 1049 eiusdem,
1673 1009 1710 1042 de
1731 1009 1813 1041 vinis

1062 1070 1092 1097 et
1111 1064 1291 1105 frumentis,
1309 1076 1391 1108 quae
1413 1076 1467 1098 eos
1485 1070 1511 1097 et
1535 1064 1677 1107 aliquem
1700 1074 1812 1096 eorum

1061 1129 1120 1161 pro
1145 1129 1204 1151 11511
1232 1119 1347 1152 domus
1373 1130 1461 1158 suae,
1491 1129 1546 1151 seu
1579 1118 1812 1162 qualitercum-

1062 1182 1125 1215 que
1153 1171 1207 1204 illa
1239 1173 1399 1216 acquirat,
1427 1184 1444 1205 a
1464 1172 1558 1205 dictis
1578 1171 1811 1208 exactionibus,

1062 1226 1236 1269 vulgariter
1254 1226 1368 1269 Uuqell
1381 1226 1406 1259 Α
1414 1226 1570 1269 ufsclialgy,
1586 1236 1644 1270 pro
1656 1231 1812 1269 tempore,

1062 1285 1091 1313 et
1117 1279 1379 1324 quibuscumque
1410 1279 1480 1313 aliis
1506 1279 1728 1313 exactionibus
1758 1291 1816 1323 per

1063 1333 1221 1366 civitatem
1242 1334 1460 1367 Pataviensem
1492 1333 1627 1366 ubilibet
1656 1333 1815 1377 impositis

1063 1398 1119 1420 seu
1140 1387 1345 1431 imponendis
1365 1388 1534 1421 occasione
1554 1387 1740 1421 victualium
1756 1388 1816 1420 1111-

1064 1441 1213 1482 iusmodi,
1239 1442 1333 1476 liberi
1358 1442 1420 1475 sint
1452 1442 1585 1476 omnino
1606 1447 1637 1475 et
1661 1442 1812 1485 exempti,

1064 1501 1161 1540 prout
1194 1496 1288 1529 etiam
1319 1497 1389 1529 iure
1419 1496 1585 1530 communi
1613 1501 1742 1529 cautum
1769 1502 1815 1529 est

1064 1554 1136 1583 uta
1166 1550 1300 1584 Summo
1329 1550 1497 1591 Pontifiee,
1521 1555 1666 1594 tempore
1696 1550 1814 1582 confir-

1065 1603 1226 1644 mationis,
1253 1615 1356 1648 poena
1392 1610 1552 1637 statuatur
1584 1603 1615 1636 in
1653 1608 1817 1636 contrave-

1065 1657 1189 1690 nientcs
1202 1657 1240 1689 iis
1253 1658 1466 1698 concordatis,
1484 1662 1555 1701 post
1569 1668 1665 1701 quam
1679 1657 1769 1690 nulla
1785 1668 1816 1689 a-

1064 1710 1105 1743 lia
1126 1721 1143 1743 a
1174 1710 1248 1744 sede
1269 1711 1444 1755 episcopali
1470 1716 1602 1744 vacante
1638 1710 1711 1743 iniri
1742 1722 1815 1754 pos-

1064 1764 1139 1805 sint,
1156 1770 1253 1808 atque
1273 1764 1327 1798 illa
1348 1770 1454 1799 tamen
1477 1765 1508 1798 in
1530 1775 1587 1798 suo
1609 1764 1725 1798 robore
1746 1775 1818 1808 pcr-

1064 1824 1226 1852 maneant.

1108 1874 1122 1917 g
1147 1874 1177 1907 5.
1206 1874 1245 1906 Ut
1264 1880 1370 1907 autem
1400 1873 1577 1917 praemissa
1597 1873 1705 1906 omnia
1726 1879 1816 1917 pacta

1064 1932 1091 1960 et
1116 1928 1312 1960 concordata
1335 1933 1500 1970 tamquam
1528 1927 1688 1960 honestati
1711 1933 1737 1959 el
1763 1938 1815 1960 ae-

1064 1981 1179 2025 quitati
1201 1992 1342 2014 consona
1363 1981 1488 2013 tirmins
1509 1981 1696 2021 subsistant,
1719 1987 1745 2014 et
1777 1982 1816 2014 ab

1065 2035 1216 2068 omnibus
1247 2036 1285 2068 ad
1315 2046 1397 2079 quos
1428 2041 1561 2078 spectat,
1591 2035 1817 2068 inviolabiliter

1065 2090 1288 2125 observentur,
1308 2090 1477 2133 providere
1489 2090 1642 2130 volentes,
1656 2089 1817 2133 supplica-

1066 2144 1207 2177 tionibus
1228 2143 1347 2176 Urbani
1368 2143 1511 2188 episcopi
1525 2148 1556 2175 et
1570 2143 1703 2187 capituli
1722 2154 1816 2187 prae—

1065 2198 1229 2231 dictorum
1260 2198 1318 2230 lias·
1351 2197 1381 2229 in
1410 2202 1499 2241 parte
1526 2197 1684 2238 inclinati,
1707 2198 1816 2230 omnia

1065 2257 1095 2284 ct
1114 2251 1239 2294 singula
1266 2257 1358 2295 pacta
1384 2256 1413 2283 et
1444 2251 1640 2284 concordata
1662 2262 1720 2295 per
1745 2262 1814 2290 1105,

1065 2311 1100 2338 ut
1121 2306 1316 2349 praefertur,
1340 2305 1519 2345 immutata,
1536 2305 1701 2338 moderata
1723 2311 1750 2337 et
1777 2305 1815 2337 li-

1066 2360 1174 2392 mitata
1189 2386 1196 2399 ,
1241 2359 1418 2403 apostolica
1456 2359 1666 2399 auctoritate,
1706 2365 1816 2392 tenore

1067 2413 1299 2456 praesentium,
1316 2424 1351 2446 ex
1369 2419 1454 2446 certa
1466 2419 1576 2447 nostra
1597 2413 1744 2455 scientia,
1761 2425 1816 2457 ap-

1067 2462 1242 2505 probamus
1269 2468 1299 2495 et
1319 2464 1565 2503 confirmamus,
1590 2462 1717 2505 illisque
1745 2474 1817 2506 per—

1067 2516 1181 2555 petuae
1194 2511 1427 2545 etinviolabilis
1441 2511 1602 2544 firmitatis
1624 2512 1723 2545 robur
1742 2511 1819 2544 :ulit

1067 2561 1189 2602 cimusg
1212 2572 1248 2594 ac
1268 2562 1432 2594 Urbanum
1455 2568 1484 2594 et
1506 2572 1564 2605 pro
1586 2567 1733 2604 tempore
1755 2561 1817 2591 exi—

1066 2616 1201 2643 stentem
1231 2611 1423 2655 episcopum
1454 2617 1485 2643 et
1514 2611 1691 2654 capitulum
1727 2610 1816 2642 Pata-

1068 2660 1173 2694 viense
1195 2661 1395 2702 huiusmodi,
1416 2671 1541 2693 necnon
1563 2671 1673 2693 onmes
1701 2665 1727 2691 et
1752 2658 1815 2690 sin-

1824 258 1874 284 Α11.
1891 257 1920 285 C.
1940 259 2007 285 15811

1864 1879 2017 1901 Ρ1·110001191111ι

1832 1915 1893 1938 pacta
1908 1913 2018 1932 counimus

1833 1943 1937 1968 Pontifex,
1968 1950 2016 1963 sui*

1832 1976 1919 2001 vatique
1957 1981 2016 1994 maur

1832 2006 1870 2027 dui.
