2226 3070
995 301 1178 326 BULLARIUM
1197 299 1350 324 ROMANUM
1937 295 1985 323 An.
2008 295 2036 322 C.
2053 294 2115 323 1591

1181 347 1308 389 eligere,
1325 355 1434 379 creare
1452 350 1481 378 et
1502 345 1658 388 deputare
1675 344 1828 385 valerent,
1845 354 1921 378 con-

1181 400 1288 440 cessit;
1323 405 1353 432 et
1382 398 1498 431 deinde
1518 397 1590 441 piae
1614 397 1790 430 memoriae
1817 397 1922 431 Sixtus
1971 409 2031 433 Quod
2046 412 2121 436 postea

1937 436 2008 457 sixtus
2020 437 2036 456 Y
2047 437 2122 457 confir-

1181 454 1266 496 Papa
1283 452 1317 491 V,
1341 452 1438 485 etiam
1465 451 1694 495 praedecessor
1713 455 1832 490 noster,
1867 450 1919 482 in·
1937 463 2008 483 mavit.

208 306 261 333 An.
277 304 306 333 c.
326 305 393 333 1591
442 294 508 328 450

406 353 566 389 omnibus,
587 352 726 390 etiarnsi,
748 361 806 394 pro
827 350 955 382 illorum
976 348 1145 381 sufficienti

406 406 624 448 derogatione,
648 406 686 438 de
707 404 768 436 illis
788 412 965 445 eorumque
991 401 1064 434 totis
1095 408 1143 434 te-

404 459 537 492 noribus
559 458 715 501 specialis,
747 466 894 499 expressa
923 461 953 488 et
983 455 1146 488 individua

232 2254 343 2279 Gregorius
351 2255 395 2276 XIII

212 2281 270 2301 bisce
295 2286 396 2302 mercatu-

212 2308 270 2328 ribus
289 2310 396 2334 proprium

212 2336 318 2355 consulem

213 2364 284 2383 cessit.

348 2342 396 2355 ‹wn-

406 512 526 545 mentio
547 511 694 543 habenda
715 509 805 545 soret,
820 518 933 541 corum
951 507 1096 540 omnium
1117 514 1146 540 et

405 565 605 607 singulorum
633 568 773 598 tenores,
798 572 833 593 ac
862 561 887 593 si
916 561 955 593 de
981 560 1077 592 verbo
1107 560 1147 592 ad

405 618 537 649 verbum
567 615 823 658 exprimerentur
853 619 881 646 et
915 613 1143 651 insererentur,

405 668 625 712 praesentibus
641 677 701 710 pro
719 666 914 699 sufficienter
925 665 1080 709 expressis
1092 665 1148 697 ha-

406 723 526 757 bentes,
550 720 611 752 illis
631 720 708 752 alias
729 720 761 752 in
781 729 838 752 suo
857 719 974 751 robore
999 728 1148 761 perman-

405 776 497 812 suris,
521 775 579 807 bac
608 775 676 807 vice
705 775 879 813 dumtaxat,
912 772 1093 816 specialiter
1118 778 1146 804 et

406 838 552 871 expresse
573 828 688 859 harum
715 827 795 860 serie
813 832 903 859 motu
929 826 1025 859 simili
1047 826 1144 858 dero-

406 890 529 921 gamus,
547 880 745 922 caeterisque
758 879 927 912 contrariis
941 879 1148 922 quibuscum-

406 944 479 976 que:
493 943 549 965 seu
569 933 595 965 si
613 933 784 975 aliquibus,
800 932 1016 965 communiter
1032 932 1080 963 vel
1099 931 1148 963 di-

406 987 496 1019 visim
527 986 566 1018 ab
594 986 776 1029 Apostolica
804 985 842 1018 sit
874 985 955 1018 Sede
988 985 1147 1017 indultum

406 1040 492 1082 quod
519 1038 676 1076 interdici,
700 1038 853 1082 suspendi
877 1038 925 1070 vel
957 1048 1145 1070 excommu-

406 1091 505 1124 nicari
523 1102 587 1124 non
608 1091 730 1135 possint
747 1102 804 1134 per
820 1091 941 1124 litteras
958 1090 1149 1134 apostolicas

405 1156 471 1178 non
489 1145 640 1177 facientes
656 1145 785 1188 plenam
803 1151 831 1177 et
850 1154 1031 1187 expressam
1053 1154 1089 1176 ac
1110 1144 1148 1175 de

406 1199 503 1231 verbo
529 1199 569 1231 ad
596 1198 729 1231 verbum
751 1199 789 1231 de
811 1198 935 1230 indulto
964 1197 1147 1230 huiusmodi

407 1252 614 1284 mentionem.

451 1305 564 1337 Datum
588 1305 708 1337 Romae
730 1304 763 1336 in
785 1304 889 1336 Monte
902 1302 1073 1341 Quirinali,
1090 1302 1148 1335 sub

407 1357 528 1389 annulo
556 1356 742 1392 Piscatoris,
776 1356 826 1389 die
848 1355 1039 1388 duodecima
1066 1355 1145 1391 iulii,

409 1409 579 1442 millesimo
593 1409 852 1452 quingentesimo
864 1408 1073 1450 nonagesimo
1086 1407 1150 1450 pri-

408 1473 471 1496 mo.
496 1462 700 1504 pontificatus
720 1461 820 1494 nostri
839 1471 924 1494 anno
942 1472 963 1494 1.

443 1525 502 1550 Dat.
515 1524 558 1550 die
578 1524 607 1550 12
622 1523 678 1550 iulii
696 1524 772 1556 1591,
790 1527 864 1559 pont.
880 1531 924 1549 an.
940 1530 958 1549 1.

733 1684 825 1716 XXX.

410 1780 620 1822 Confirmatio
639 1780 821 1811 litterarum
847 1779 995 1821 Gregyora'i
1014 1778 1106 1812 XIII
1123 1782 1150 1809 ct

452 1833 540 1865 Siste?
563 1832 589 1864 l*
617 1832 736 1875 quibus
768 1831 998 1863 mercatoribus
1020 1831 1168 1863 Graecis=

453 1886 606 1918 Anconae
618 1884 892 1917 commorantibus
907 1883 1092 1916 conceditur
1103 1884 1151 1926 fn-

454 1939 557 1971 cnltas
577 1938 640 1970 sibi
659 1937 803 1981 eliqendi
822 1937 982 1970 consulem
1006 1937 1024 1969 ¹.

614 2027 770 2060 Gregorius
788 2027 867 2060 Papa
881 2026 952 2059 XIV,

534 2083 570 2108 ad
586 2083 762 2115 perpetuam
780 2081 824 2107 rei
843 2079 1025 2107 memoriam.

456 2153 471 2193 ξ
492 2151 522 2183 l.
554 2152 641 2188 Cum,
665 2151 744 2183 sicut
766 2150 959 2193 accepimus,
982 2149 1082 2182 felicis
1101 2160 1152 2181 re-

411 2204 605 2236 cordationis
625 2204 796 2245 Gregorius
813 2204 898 2246 Papa
914 2203 992 2238 XIII,
1020 2202 1154 2245 praede-

412 2268 518 2290 cessor
537 2264 655 2295 noster,
673 2258 904 2290 mercatoribus
922 2263 951 2289 et
973 2256 1042 2288 aliis
1055 2256 1153 2289 Grae-

412 2310 456 2343 cis
470 2310 649 2343 christianis
663 2322 699 2343 ex
714 2311 816 2343 insula
832 2311 961 2343 Patmos
979 2309 1010 2341 in
1028 2309 1153 2342 civitate

412 2369 619 2402 nostra,tu11c
640 2374 708 2404 sua,
729 2364 928 2396 Anconitana
948 2373 1152 2396 commoran-

413 2417 496 2449 tibus
514 2423 541 2449 et
557 2427 594 2449 eo
609 2417 845 2457 accedentibus,
859 2424 892 2449 ut
906 2417 1075 2461 proprium
1094 2427 1153 2459 pro

411 2479 467 2502 sua
498 2469 627 2502 natione
660 2470 691 2501 in
718 2470 802 2502 dicta
832 2469 960 2502 civitate
985 2469 1153 2502 consulem

448 2560 458 2584 1
479 2558 515 2584 Ex
537 2557 643 2593 Regest.
672 2558 700 2584 in
724 2557 824 2584 Secret.
842 2558 975 2585 Brerium.
1002 2574 1037 2577 —
1056 2558 1118 2584 Sixti
1135 2557 1154 2582 V

411 2603 648 2636 Constitutionem‚
665 2603 706 2629 cui
727 2603 832 2628 initium
853 2603 983 2636 Dudum,
1000 2602 1091 2637 legere
1111 2606 1153 2629 est

412 2647 437 2673 in
453 2648 510 2674 eius
520 2647 682 2682 Appendice,
699 2647 844 2673 Constitut.
855 2653 930 2679 xviii,
942 2655 1002 2681 pag.
1014 2646 1065 2674 ⁶269
1077 2655 1154 2681 prae-

411 2692 496 2719 sentis
515 2691 658 2718 voluminis
673 2695 781 2718 nostrae
796 2691 972 2718 Taurinensis
987 2690 1123 2719 editionis.

1181 506 1307 538 dullum
1334 510 1365 537 et
1392 504 1576 537 facultatem
1597 502 1736 545 eligendi
1757 502 1923 535 consulem

1181 558 1378 597 huiusmodi,
1400 557 1574 600 omniaque
1601 562 1631 589 et
1651 555 1777 598 singula
1804 555 1837 587 in
1857 555 1922 587 eis-

1182 612 1254 644 dem
1276 611 1352 644 dicti
1371 610 1517 653 Gregorii
1534 608 1791 653 praedecessoris
1810 607 1926 641 litteris

1182 670 1342 704 contenta,
1366 673 1493 696 necnon
1513 662 1704 695 electionem
1726 666 1755 694 et
1785 660 1922 704 deputa-

1184 716 1302 749 tionem
1323 716 1400 748 dicti
1421 715 1560 748 consulis
1577 725 1636 758 per
1649 714 1780 747 eosdem
1801 723 1926 746 merca-

1183 776 1267 803 tores
1288 776 1317 803 et
1338 770 1418 803 alios
1438 770 1575 804 Graecos
1602 769 1711 811 vigore
1738 767 1924 800 earumdem

1183 823 1362 855 litterarum
1390 823 1499 863 factas,
1529 833 1564 855 ac
1595 821 1705 854 omnia
1739 826 1770 853 et
1801 820 1928 862 singula

1183 875 1256 908 inde
1273 881 1420 919 sequuta,
1444 875 1633 918 approbavit
1660 881 1689 907 et
1711 873 1924 913 confirmavit,

1183 941 1218 962 ac
1239 930 1359 963 eisdem
1374 929 1607 962 mercatoribus
1621 934 1650 962 et
1665 928 1734 961 aliis
1754 927 1928 972 praedictis

1183 983 1332 1015 eumdem
1362 983 1527 1015 consulem
1560 980 1792 1021 confirmandi,
1830 990 1924 1013 revo-

1183 1036 1276 1069 candi
1297 1042 1325 1069 et
1354 1036 1453 1068 alium
1485 1035 1687 1072 nominandi,
1720 1034 1845 1078 quoties
1864 1033 1928 1066 illis

1183 1089 1334 1132 expedire
1351 1089 1523 1129 videbitur,
1544 1087 1701 1121 concessit
1730 1093 1760 1120 et
1780 1086 1924 1126 indulsit,

1183 1148 1277 1185 prout
1305 1142 1336 1174 in
1356 1142 1490 1184 singulis
1511 1141 1672 1174 dictorum
1693 1140 1926 1184 praedecesso—

1183 1206 1254 1227 rum
1277 1195 1309 1227 in
1323 1196 1426 1228 forma
1443 1195 1548 1228 brevis
1563 1194 1718 1238 expeditis
1735 1193 1848 1227 litteris
1861 1193 1929 1237 ple-

1184 1248 1255 1280 nius
1272 1248 1466 1281 continetur.

1229 1304 1243 1339 ξ
1271 1301 1300 1334 2.
1337 1302 1414 1334 Cum
1444 1307 1551 1334 autem
1582 1305 1779 1334 mercatores
1811 1305 1842 1333 et
1873 1299 1927 1332 alii

1183 1354 1294 1387 Graeci
1315 1354 1481 1387 christiani
1501 1353 1657 1397 praedicti
1674 1353 1803 1396 cupiant
1828 1364 1925 1396 prae-

1185 1407 1279 1440 missa
1307 1407 1426 1445 omnia,
1459 1417 1518 1450 pro
1549 1407 1679 1439 illorum
1708 1406 1924 1445 subsistentia,

1183 1466 1294 1492 nostro
1331 1466 1360 1493 et
1389 1460 1479 1493 Sedis
1511 1459 1714 1503 Apostolicae
1750 1459 1929 1491 munimine

1186 1513 1348 1553 roborari;
1386 1518 1559 1557 propterea
1598 1523 1658 1556 pro
1689 1522 1803 1545 eorum
1838 1517 1930 1555 parte

1184 1566 1277 1598 nobis
1308 1566 1365 1598 suit
1394 1566 1561 1599 humiliter
1585 1565 1800 1609 supplicatum
1830 1570 1866 1597 ut
1896 1565 1929 1597 in

1184 1619 1368 1662 praemissis
1388 1625 1571 1662 opportune
1591 1618 1760 1662 providere
1781 1619 1820 1652 de
1839 1618 1931 1651 beni-

1185 1673 1305 1714 gnitate
1323 1672 1499 1715 apostolica
1512 1672 1737 1714 dignaremur:

1230 1727 1245 1763 ξ
1267 1724 1297 1757 3.
1318 1725 1381 1757 Nos
1398 1725 1506 1766 igitur,
1527 1724 1727 1767 singularum
1747 1724 1930 1757 litterarum

1185 1778 1423 1820 praedictarum
1444 1783 1573 1810 tenores
1593 1787 1629 1810 ac
1659 1777 1748 1810 datas
1768 1788 1804 1810 ac
1825 1777 1931 1810 cuius-

1186 1841 1324 1873 cumque
1360 1831 1491 1863 alterius
1524 1831 1595 1863 iura
1623 1836 1653 1863 et
1688 1830 1930 1874 praetensiones

1185 1883 1406 1927 praesentibus
1426 1894 1485 1927 pro
1506 1884 1662 1927 expressis
1681 1884 1847 1924 habentes,
1864 1883 1928 1916 hu-

1187 1937 1324 1970 iusmodi
1343 1937 1631 1980 supplicationibus
1656 1937 1811 1977 inclinati,
1832 1937 1932 1970 sacul-

1186 1996 1294 2026 tatem,
1319 1990 1491 2029 indultum,
1516 1990 1717 2030 electionem,
1752 1989 1928 2023 confirma-

1187 2043 1306 2076 tionem
1327 2048 1355 2076 et
1377 2043 1486 2076 onmia
1506 2043 1567 2075 alia
1587 2043 1620 2075 in
1636 2043 1809 2086 praedictis
1827 2042 1931 2076 dicto-

1187 2107 1258 2128 rum
1291 2096 1575 2139 praedecessorum
1610 2095 1724 2128 litteris
1760 2100 1928 2136 contenta,

1187 2149 1363 2192 apostolica
1392 2149 1602 2189 auctoritate,
1630 2154 1742 2182 tenore
1772 2158 1929 2192 praesen-

1190 2203 1279 2239 tium,
1315 2202 1546 2235 confirmamus
1575 2208 1607 2235 et
1641 2202 1870 2245 approbamus,
1894 2211 1932 2234 ac

1188 2256 1249 2289 illis
1279 2256 1442 2299 plenariae
1477 2262 1506 2289 et
1543 2255 1737 2288 inviolabilis
1771 2255 1932 2288 firmitatis

1188 2309 1287 2342 robur
1300 2308 1477 2349 adiicimus,
1498 2319 1535 2341 ac
1551 2318 1610 2352 per
1627 2318 1692 2348 eos,
1709 2308 1750 2340 ad
1770 2318 1850 2351 quos
1861 2318 1933 2351 spe-

1189 2368 1248 2395 ctat
1268 2368 1297 2395 ct
1319 2362 1350 2394 in
1380 2363 1524 2395 futurum
1545 2361 1711 2405 spectabit,
1735 2361 1776 2394 ad
1803 2361 1931 2394 illarum

1189 2416 1405 2448 inviolabilem
1427 2415 1683 2448 observationem
1702 2414 1816 2454 teneri,
1831 2413 1932 2457 ipsos-

1189 2480 1250 2512 que
1270 2469 1309 2501 ad
1331 2469 1361 2501 id
1388 2468 1531 2501 censuris
1559 2467 1779 2501 ecclesiasticis
1798 2466 1933 2510 aliisque

1188 2522 1266 2555 iuris
1284 2528 1313 2555 et
1334 2522 1406 2554 sacti
1426 2521 1578 2555 remediis
1598 2521 1669 2563 cogi
1688 2531 1793 2564 posse.

1233 2578 1248 2613 ξ
1267 2576 1297 2609 4.
1321 2575 1437 2619 Sicque
1468 2586 1529 2618 per
1549 2585 1771 2618 quoscumque
1795 2572 1927 2613 iudices,

1188 2682 1298 2715 Palatii
1327 2681 1502 2725 Apostolici
1528 2681 1703 2721 auditores,
1727 2680 1853 2714 sublata
1885 2678 1930 2712 eis

2202 0 2226 978 „ssfflm-—Qn-mm

1983 1307 2029 1328 Hoc
2044 1306 2100 1327 idem
2115 1312 2128 1326 a

1943 1333 2044 1359 Gregorio
2052 1333 2128 1354 {innati

1942 1362 2022 1386 petunt.

1959 1730 2071 1752 eoum-mai
2077 1731 2130 1751 Pon-

1945 1758 2002 1778 tifex.

1965 2577 2077 2598 Clausulas
2091 2582 2130 2602 pro

1944 2606 2047 2630 perpetua
2067 2603 2130 2623 sii-mi-

1189 2628 1368 2661 ordinarios
1388 2633 1417 2660 et
1439 2627 1620 2670 delegatos,
1643 2627 1740 2660 etiam
1760 2635 1929 2659 causarum
1945 2632 1996 2650 ‘³²³’-
