2226 3070
33 253 86 290 A‘n.
102 259 131 288 c.
149 258 217 288 ¹588

70 1228 92 1249 ln
103 1229 175 1254 regnis
190 1226 227 1247 Hi—

44 1259 167 1286 spaniarum
182 1259 226 1278 vir-

43 1290 126 1310 tutibus
141 1292 162 1310 et
181 1289 228 1310 mi-

43 1320 121 1341 raculis
143 1320 228 1345 claruit,

45 1358 132 1379 quarum

43 1386 86 1404 ium
100 1383 184 1410 aliquae
199 1388 231 1404 re-

45 1417 172 1436 censentur.

156 1353 229 1372 virtu-

892 256 995 280 Slx‘rt‘s
1015 255 1032 278 V
1053 255 1100 278 1¹1³.

233 317 417 346 nostrorum
438 312 614 345 memoriae
628 312 719 345 valde
740 310 983 355 propinquo,ex
1021 315 1084 342 tem
1107 308 1272 341 caritatem
1292 307 1465 347 accendat3
1481 312 1511 339 ut
1531 306 1770 340 haereticorum

232 366 347 399 humili
369 366 489 398 familia
510 366 643 399 fratrum
664 365 823 398 Minorum
839 363 984 398 §.Patris
1023 362 1210 406 pravitatem
1241 367 1401 401 coerceat,
1432 361 1672 404 perversitatem
1700 371 1775 393 con-

234 419 394 453 Francisci
415 419 572 452 humilem
593 419 724 451 beatum
753 418 919 457 Didacum,
953 417 984 450 in

234 472 388 517 Hispania
398 478 522 513 natum,
540 483 605 505 non
625 472 771 505 doctrina
787 470 986 514 praecellen-

235 532 312 567 tem,
332 526 386 560 sed
406 527 517 569 quales
537 525 634 569 primi
655 525 701 557 illi
722 524 822 557 nostri
842 523 984 566 magistri

236 585 267 612 et
285 579 448 622 principes
468 579 608 617 suerunt,
629 577 698 610 sine
713 576 828 610 litteris
843 577 986 609 humano

236 633 342 666 studio
357 631 567 675 comparatis,
584 631 639 664 sed
658 631 791 663 idiotam
808 636 836 663 et
858 631 891 663 in
914 641 987 662 san-

237 692 286 719 cta
316 685 490 728 Religionis
515 684 714 728 professione
744 684 875 723 laicum,
903 684 989 716 dele-

236 739 293 781 git,
315 738 348 771 in
367 749 432 782 quo
452 739 633 771 ostenderet
653 738 855 770 abundantes
865 736 989 770 divitias

237 792 357 833 gratiae
377 803 471 832 suae;
495 792 586 825 cuius
607 791 788 824 admirabili
814 791 894 823 vitae
919 802 990 823 san-

211 865 215 869 ·
238 845 344 878 ctitate
366 850 395 877 et
417 845 563 888 exemplo
590 845 708 877 multos
736 845 775 877 ad
800 845 880 877 riam
907 845 990 877 salu-

239 899 277 932 tis
290 899 495 942 perduceret,
509 905 540 932 et
550 905 770 931 senescentem
785 910 821 931 ac
834 909 915 942 pene
933 899 989 931 de-

239 952 399 996 crepitum
416 953 572 986 mundum
595 952 695 995 magis
716 953 880 995 magisque
902 963 992 985 coar-

240 1012 362 1049 gueret,
376 1006 451 1050 quia
462 1006 549 1050 quod
561 1007 693 1039 stultum
716 1012 760 1039 est
780 1006 846 1046 Dei,
867 1006 992 1050 sapien-

241 1060 303 1092 tius
323 1066 370 1093 est
389 1060 588 1101 hominibus,
611 1066 642 1093 et
657 1061 744 1104 quod
766 1060 930 1093 infirmum
946 1066 990 1093 est

241 1113 308 1154 Dei,
332 1113 446 1146 fortius
463 1119 509 1146 est
524 1113 723 1146 hominihus.

285 1167 300 1210 g
314 1167 345 1200 ⁶2.
358 1167 468 1211 Itaque
478 1173 570 1211 pater
581 1167 879 1200 misericordiarum
895 1168 991 1208 Deus,

241 1221 297 1265 qui
323 1221 394 1254 facit
426 1221 586 1254 mirabilia
616 1232 731 1264 magna
769 1222 873 1261 solus,
906 1221 994 1255 hunc

243 1285 369 1308 servum
391 1286 486 1308 suum
503 1276 674 1320 parvulum
691 1281 721 1308 ct
733 1275 908 1308 demissum
924 1286 996 1309 coe-

243 1328 378 1361 lestibus
409 1328 500 1361 donis
525 1329 591 1362 suis
618 1329 698 1362 adeo
725 1329 860 1369 ornarit,
890 1335 995 1363 tanto-

244 1392 307 1426 que
318 1381 455 1426 Spiritus
467 1381 574 1415 Sancti
588 1383 661 1425 igne
680 1382 834 1423 incendit,
849 1390 996 1416 manum-

245 1446 308 1479 que
327 1446 419 1469 suam
434 1437 474 1469 ad
501 1436 653 1469 sanitates
679 1444 706 1469 et
729 1437 819 1480 signa
840 1443 866 1469 ct
890 1437 997 1481 prodi-

244 1490 307 1533 gia,
329 1490 414 1523 beati
431 1490 542 1523 Didaci
560 1491 693 1530 meritis,
712 1501 785 1523 eum
798 1490 830 1523 in
843 1491 994 1529 eiusrita,

246 1550 314 1577 tum
335 1549 406 1588 post
425 1549 562 1577 mortem
583 1544 764 1583 efficienda,
783 1550 846 1577 tam
862 1545 997 1578 mirilico

247 1597 404 1639 extendit,
435 1604 470 1631 ut
498 1599 523 1631 is
552 1609 617 1631 non
642 1599 745 1631 solum
768 1599 853 1642 apud
874 1610 949 1632 suos
965 1599 997 1631 in

247 1651 485 1685 florentissimis
518 1651 691 1696 Hispaniae
716 1652 823 1695 regnis
853 1659 948 1685 notus
968 1659 998 1685 et

246 1705 352 1737 clarus
372 1710 466 1745 esset,
489 1706 545 1738 sed
564 1705 651 1749 apud
671 1711 796 1739 exteros
816 1706 911 1739 etiam
930 1706 998 1739 eius

246 1769 365 1792 nomen
391 1769 507 1802 magna
527 1770 602 1792 cum
617 1759 719 1802 gloria
735 1760 995 1803 pervulgaretur.

246 1811 350 1845 Iustus
370 1812 455 1845 enim
476 1818 508 1845 et
527 1813 710 1846 misericors
724 1813 881 1846 Dominus
894 1825 1000 1847 servos

213 1884 219 1891 ·
247 1876 323 1899 suos
342 1865 464 1907 fideles,
487 1877 570 1910 quos
589 1872 661 1901 ante
674 1868 786 1900 mundi
799 1868 1000 1901 constitutio-

247 1929 322 1952 nem
339 1920 435 1963 elegit
446 1925 477 1953 et
491 1920 741 1963 praedestinavit
757 1921 796 1954 ad
813 1921 921 1962 vitam,
934 1932 1000 1955 non

247 1973 353 2006 solum
373 1973 406 2006 in
423 1974 514 2006 coelo
531 1984 660 2018 semper
675 1981 822 2015 coronat,
836 1975 890 2008 sed
906 1986 1000 2019 saepe

249 2025 345 2059 etiam
367 2026 399 2059 in
426 2032 524 2069 terra,
561 2027 616 2060 ubi
644 2028 769 2061 fortiter
799 2034 829 2061 et.
860 2029 1001 2072 legitime

250 2086 464 2122 certaverunt,
491 2082 592 2115 multo
612 2083 734 2126 gloriae
755 2083 927 2126 splendore
948 2094 1003 2116 cu-

251 2134 353 2167 mutat
372 2141 468 2178 atque
487 2135 636 2168 illustrat.
656 2136 829 2177 Nimirum,
853 2143 888 2169 ut
908 2148 1002 2180 prae-

252 2188 354 2221 claras
382 2188 452 2221 illas
476 2199 549 2222 suas
568 2189 801 2232 promissiones
821 2191 1000 2234 persolvat:

253 2241 340 2274 Dabo
360 2253 426 2281 vos,
449 2242 567 2285 inquit,
589 2244 787 2284 nominatos,
819 2249 848 2276 et
873 2245 906 2276 in
940 2245 1003 2288 ylo-

254 2295 340 2328 riam
360 2299 388 2328 et
405 2296 441 2328 in
461 2295 591 2328 laudem
609 2297 645 2329 ‘in
662 2298 787 2330 cunctis
800 2299 927 2340 populis
945 2303 1004 2331 ter-

253 2358 324 2388 rae‚·
343 2354 378 2382 ut
397 2359 429 2381 se
445 2349 514 2392 Ipse
537 2349 569 2381 in
589 2349 713 2383 Sanctis
738 2350 803 2383 suis
825 2350 1003 2384 mirabilem

255 2401 466 2442 demonstret,
489 2408 520 2436 et
547 2403 723 2446 potentiam
741 2414 832 2436 suam
853 2404 950 2447 signis
976 2411 1005 2438 et

254 2450 427 2483 virtutibus
447 2451 600 2492 declaret,
624 2457 659 2485 ut
677 2453 855 2496 propositis
873 2454 1007 2487 Sancto-

256 2510 327 2533 rum
352 2500 502 2543 gloriosis
530 2501 695 2535 laboribus
730 2508 758 2534 ct
790 2503 923 2542 meritis,
951 2503 1006 2546 qui

257 2549 404 2582 homines
425 2550 555 2583 suerunt
567 2551 658 2583 nohis
670 2551 804 2591 similes,
818 2552 1007 2585 circumdati

256 2599 454 2641 infirmitate,
476 2600 646 2643 segnitiem
676 2607 704 2634 et
736 2602 918 2634 tarditatem
952 2612 1009 2634 no-

1026 416 1147 456 sundat,
1181 415 1257 447 dum
1279 415 1317 448 ad
1348 425 1454 447 sacras
1474 425 1587 447 eorum
1609 414 1774 457 reliquias,

1026 468 1132 501 divina
1153 469 1278 509 virtute,
1307 468 1427 511 aegroti
1456 474 1621 505 curantur,
1651 468 1778 500 daemo-

1027 532 1082 554 nes
1108 523 1292 566 pellimtur;
1316 529 1349 554 ut
1370 527 1516 554 mortuos
1532 521 1633 564 quiin
1643 521 1779 554 Domino

1028 582 1101 608 sunt
1122 576 1254 616 mortui,
1277 576 1387 608 beatos
1413 586 1480 608 esse
1494 576 1637 608 etmulto
1655 575 1780 608 felicius

1028 629 1132 661 vivere
1153 640 1265 662 omnes
1287 630 1476 672 intelligant.
1500 629 1667 662 Postremo
1687 635 1723 661 ut
1746 640 1779 662 a-

1031 683 1105 715 mici
1136 683 1189 715 Dei
1220 685 1322 716 multo
1351 684 1489 717 maxime
1510 684 1724 723 honorentur,
1752 689 1778 715 et

1031 736 1086 778 qui
1105 736 1204 769 sancti
1226 743 1300 770 sunt
1319 738 1404 780 apud
1429 738 1543 776 Deum,
1565 737 1666 770 sancti
1687 738 1781 770 etiam

1031 789 1070 821 ab
1096 789 1283 823 hominibus
1301 790 1498 828 habeantur,
1512 791 1551 823 ad
1572 802 1712 834 quorum
1726 802 1783 823 nos

1032 853 1126 886 opem
1149 843 1383 885 confugientes,
1416 855 1535 887 <nisque
1557 845 1607 888 pie.
1636 845 1784 877 invocan—

1033 902 1090 936 tes,
1113 907 1225 929 eorum
1240 897 1399 940 suffragiis
1411 898 1526 932 adiuti,
1541 899 1711 931 coelestem
1727 899 1784 931 mi-

1033 950 1242 983 sericordiam
1270 951 1396 983 facilius
1427 951 1650 994 impetremus.
1674 953 1785 984 Merito

1033 1003 1130 1046 igitur
1150 1004 1279 1036 beatum
1301 1004 1456 1037 Didacum
1482 1005 1663 1045 laudamus,
1687 1016 1783 1049 quem

1033 1057 1116 1089 Deus
1143 1057 1252 1090 multis
1277 1063 1307 1091 et
1327 1058 1506 1091 illustribus
1531 1059 1671 1092 ostendit
1691 1059 1787 1091 mira—

1035 1111 1115 1144 culis
1141 1112 1416 1155 praedii-andium
1444 1113 1482 1145 de
1508 1113 1599 1145 cuius
1625 1113 1709 1146 beati
1730 1113 1788 1145 viri

1034 1165 1097 1198 rita
1118 1170 1149 1197 et
1168 1166 1264 1198 rebus
1284 1166 1393 1209 gestis,
1417 1167 1609 1210 purissimae
1637 1166 1711 1199 fidei
1738 1167 1786 1198 in-

1037 1218 1194 1261 tegritate,
1234 1230 1362 1252 morum
1397 1220 1565 1253 excellenti
1606 1220 1785 1259 sanctitate,

1036 1272 1202 1315 signorum
1223 1273 1472 1306 admirabilitate
1498 1285 1600 1317 pauca
1629 1274 1787 1317 quaedam

1037 1327 1175 1360 libenter
1195 1338 1254 1370 pro
1283 1334 1393 1361 nostro
1422 1328 1575 1372 pastorali
1601 1328 1707 1361 officio
1734 1339 1789 1372 po-

1038 1381 1115 1424 pulo
1142 1381 1196 1413 Dei
1227 1382 1453 1425 proponimus,
1476 1388 1510 1414 ut
1529 1382 1679 1415 laudetur
1706 1382 1789 1415 Deus

1038 1435 1069 1466 in
1095 1434 1212 1468 Sancto
1242 1446 1310 1475 suo,
1332 1441 1362 1468 et
1386 1435 1531 1469 fidelium
1557 1436 1682 1469 devotio
1707 1442 1785 1469 tam-

1038 1499 1133 1532 quam
1155 1489 1287 1521 salutari
1308 1489 1448 1532 quodam
1461 1495 1487 1522 ct
1504 1490 1706 1533 periucundo
1718 1490 1789 1523 cibo

1040 1543 1214 1581 nutriatur,
1237 1553 1415 1586 euntesque
1444 1543 1508 1576 Deo
1538 1543 1657 1587 gratias
1681 1549 1788 1586 agant,

1039 1596 1170 1639 publico
1196 1602 1306 1629 nostro
1332 1602 1361 1629 et
1389 1597 1482 1629 liuius
1503 1603 1631 1630 sanctae
1658 1598 1792 1640 Aposto-

1039 1650 1119 1682 licae
1133 1649 1223 1683 Sedis
1244 1650 1440 1691 testimonio,
1455 1662 1537 1694 quae
1549 1662 1566 1683 a
1579 1651 1699 1694 Spiritu
1715 1650 1792 1683 San-

1040 1709 1090 1736 cto
1117 1703 1317 1746 gubernatur
1345 1709 1375 1737 et
1404 1704 1539 1746 regitur,
1571 1704 1654 1737 beati
1682 1704 1790 1737 Didaci

1040 1757 1241 1790 sanctitatem
1263 1758 1385 1802 optimo
1407 1758 1475 1790 iure
1505 1758 1701 1791 declaratam
1726 1769 1793 1791 esse

1041 1817 1069 1844 et
1096 1812 1347 1855 promulgatam.

1085 1865 1100 1908 ἓ
1124 1865 1155 1898 3.
1183 1866 1280 1898 Natus
1301 1867 1472 1899 estlwatus
1482 1866 1662 1899 Didacusin
1679 1866 1793 1910 Hispa-

1042 1919 1107 1958 nia,
1130 1919 1161 1951 in
1184 1919 1350 1952 Provincia
1370 1920 1513 1959 Bctliica,
1543 1925 1573 1953 et.
1601 1920 1633 1953 in
1660 1920 1793 1964 oppido,

1043 1973 1094 2006 cui
1111 1984 1230 2006 nomen
1251 1979 1297 2006 est
1318 1979 1447 2006 sanctus
1463 1974 1614 2007 Nicolaus
1630 1974 1668 2007 de
1687 1974 1795 2011 Portu,

1043 2027 1130 2070 quod
1151 2033 1193 2060 est
1219 2027 1249 2059 in
1271 2027 1408 2060 dioecesi
1429 2027 1620 2071 Ilispalensi.
1634 2028 1671 2060 Et
1687 2028 1796 2071 isqui-

1044 2082 1131 2121 (lem,
1154 2087 1185 2113 ut
1209 2081 1388 2114 foecundus
1414 2092 1490 2124 ager
1510 2081 1657 2114 coelestis
1677 2082 1796 2124 gratiae

1045 2134 1146 2167 imbri·
1173 2135 1335 2177 irrigatus,
1356 2134 1473 2168 uberes
1492 2134 1617 2168 fructus
1637 2135 1701 2168 cito
1722 2146 1797 2179 pro-

1045 2189 1130 2221 tulit.

1090 2242 1104 2285 g
1128 2241 1160 2274 si.
1183 2242 1261 2274 Nam
1283 2242 1471 2275 adolescens
1501 2252 1536 2274 ex
1564 2241 1670 2274 medio
1700 2242 1798 2286 Baby-

1047 2296 1129 2329 lonis
1147 2296 1285 2337 fugiens,
1308 2296 1370 2329 hoc
1392 2302 1449 2336 est,
1473 2308 1509 2329 ex
1527 2296 1650 2339 laqueis
1670 2302 1699 2329 et
1716 2297 1799 2340 peri-

1048 2351 1129 2383 culis
1150 2350 1283 2386 saeculi,
1306 2349 1499 2393 poenitentis
1521 2350 1632 2383 lialiitu
1656 2350 1798 2390 indutus,

1049 2394 1082 2436 in*
1102 2404 1318 2447 propinquam
1340 2403 1515 2436 solitariam
1535 2404 1716 2444 ecclesiam,
1737 2415 1800 2436 una

1049 2464 1122 2486 cum
1145 2453 1198 2496 pio
1216 2453 1356 2496 quodam
1379 2453 1545 2485 sacerdote
1566 2453 1742 2497 spiritualis
1756 2453 1801 2486 ri-

1050 2509 1098 2535 tae
1129 2503 1211 2535 duee
1241 2509 1271 2535 et
1300 2501 1409 2543 socio,
1442 2502 1587 2539 secessit:
1620 2503 1674 2535 ubi
1702 2513 1802 2535 novus

1049 2551 1166 2585 Cliristi
1179 2551 1270 2584 miles
1291 2551 1323 2584 in
1341 2551 1439 2585 liuius
1452 2552 1574 2584 l'allacis
1594 2552 1706 2584 mundi
1724 2562 1802 2584 con-

1050 2600 1238 2644 temptione,
1254 2606 1284 2633 et
1301 2601 1446 2633 omnium
1465 2601 1681 2633 humanarum
1694 2611 1801 2633 rerum

257 2654 358 2682 stram
379 2649 412 2682 in
431 2649 479 2682 via
499 2649 625 2682 virtutis
646 2650 771 2691 excitet,
788 2656 819 2684 et
833 2650 1008 2694 frigesccn-
1051 2650 1275 2695 despicientia,
1315 2651 1347 2684 in
1384 2651 1572 2684 coelestium
1603 2651 1803 2694 contempla-

339 2698 414 2728 Bull.
437 2698 515 2729 Rom.
538 2698 594 2729 Vol.
612 2698 665 2729 IX.
871 2699 888 2729 2

1709 243 1728 277 9
1788 252 1839 280 An.
1856 251 1886 280 C.
1906 251 1972 279 ¹588

1838 1876 1859 1898 B.
1876 1876 1964 1896 Ditlacus
1973 1876 1994 1896 ln

1812 1907 1912 1934 Hispania
1934 1910 1995 1927 nulus

1841 2251 1999 2273 Adolescentia-

1815 2284 1856 2311 pud
1890 2282 1998 2310 quemdam

1815 2316 1870 2342 ptum
1891 2314 1998 2334 sucerdo-

1816 2350 1857 2367 tem
1874 2346 1932 2365 vixit.
