2226 3070
58 296 107 323 Ant
124 296 154 322 C.
174 295 240 323 1592

72 2279 147 2299 Abbati
163 2284 237 2299 concc-

53 2305 108 2326 vlitur
137 2305 238 2326 indultum

53 2333 174 2353 nominandi
211 2332 237 2352 ad

54 2359 192 2379 canonicatus
218 2359 238 2379 in

52 2386 160 2406 mensibus
198 2391 237 2405 nnn

53 2413 173 2433 reservatis.

873 295 1019 319 CLEMENS
1040 296 1097 319 VIII
1117 295 1166 319 PP.

256 356 338 381 mus.
364 344 405 378 ita
426 345 513 388 quod
535 344 628 377 liceat
650 344 752 377 dictae
773 343 925 377 ecclesiae
947 345 998 377 su-

258 405 328 432 turo
351 398 458 432 abbati
482 398 637 431 saeculari
659 404 689 430 et
705 397 850 441 Capitulo
870 398 998 441 praefa-

258 452 296 485 tis
316 453 490 487 fructuum,
511 452 695 485 reddituum
718 457 746 484 et
768 456 997 494 proventuum,

256 506 386 545 iuriuni,
404 506 634 539 obventionum
654 511 681 537 et
705 505 1000 537 emolumentorum

255 559 536 602 incorporatorum
560 564 587 591 et
619 558 855 602 applicatorum
884 558 1019 603 buius-J

256 613 343 645 modi
374 623 409 645 ac
440 613 478 644 ab
500 612 544 645 eis
566 613 816 656 dependentium
838 623 997 656 quorum-

255 676 395 709 cumque
416 666 631 709 corporalem,
650 667 768 699 realem
791 673 819 699 et
842 666 1000 699 actualem

255 719 490 763 possessionem
516 730 574 752 suo
603 726 633 752 et,
664 730 793 753 mensae
815 719 1000 763 capitularis

255 784 291 806 ac
312 773 459 805 abbatiae
480 773 524 805 sic
546 779 670 806 erectae
690 773 876 806 huiusmodi
897 773 1001 805 nonti-

256 827 359 863 nibus.
383 837 442 870 per
462 838 494 859 se
517 827 563 859 vel
586 827 684 859 alium
712 837 767 860 seu
790 827 869 859 alios
900 827 1000 859 libere

255 881 500 924 apprehendere
521 887 551 913 et,
571 887 727 924 perpetuo
751 881 902 916 retinere:
928 881 996 913 sru—

255 941 323 967 ctus
344 945 484 978 qnoque,
508 934 662 972 redditus,
686 934 767 971 iura,
792 934 1000 967 obventiones

255 995 284 1022 et
306 989 537 1029 emolumenta,
563 1000 677 1032 resque
701 994 728 1021 et
748 989 833 1021 bona
851 989 1000 1021 universa

255 1041 386 1074 illorum
407 1041 586 1085 percipere.
611 1041 748 1084 exigere,
774 1042 879 1074 levare
900 1047 927 1074 et
952 1052 1001 1073 re-

254 1106 410 1139 cuperare
431 1106 466 1128 ac
488 1095 642 1138 consequi
664 1101 694 1128 et
714 1095 850 1133 habere,
874 1105 1018 1134 necnon

255 1149 362 1182 locare
383 1160 418 1182 ac
439 1149 533 1182 etiam
554 1149 738 1187 arrendare,
755 1159 791 1181 ae
805 1148 950 1191 Capitulo
971 1154 999 1181 et

255 1203 428 1239 canonicis,
446 1203 593 1236 videlicet
613 1213 650 1235 ea
671 1213 753 1245 qnae
774 1212 832 1245 pro
847 1201 1000 1235 distribu-

256 1257 396 1290 tionibus
416 1256 669 1293 constituuntur,
693 1256 725 1288 in
746 1256 831 1299 ipsas
849 1256 1001 1289 distribu-

255 1311 356 1344 tiones
380 1312 465 1344 inter
488 1317 673 1355 praesentes
700 1316 729 1343 et
754 1310 868 1343 (livinis
889 1310 1001 1343 otliciis

254 1365 501 1398 intervenientes
527 1365 637 1407 (iuxta
660 1364 826 1408 providam
859 1364 897 1396 ab
926 1364 1001 1407 ipsis

254 1418 398 1463 Capitulo
420 1430 517 1462 super
534 1419 593 1452 lioc
616 1429 688 1451 cum
711 1418 888 1451 interventu
912 1424 939 1450 et
963 1418 1001 1450 de

254 1472 388 1505 consilio
418 1472 579 1505 Ordinarii
613 1472 790 1505 faciendam
819 1471 998 1504 ordinatio-

254 1526 341 1566 nem)
363 1525 550 1558 dividendas
571 1531 599 1558 et
622 1525 854 1568 repartiendas,
879 1536 914 1557 ac
937 1531 999 1557 tam

254 1579 317 1612 illis
344 1590 440 1622 quam
472 1579 577 1612 eidem
609 1580 718 1611 futuro
744 1578 851 1611 abbati
877 1579 1018 1622 reliqua³

254 1633 365 1666 omnia
385 1633 568 1676 supradicta
591 1633 622 1665 in
652 1632 717 1665 suis
749 1643 784 1665 ac
812 1643 941 1665 mensae
971 1639 1018 1665 et=

254 1687 412 1727 abbatiae,
437 1697 562 1720 necnon
584 1686 833 1719 canonicatuum
854 1691 882 1718 et
902 1696 996 1729 prae-
1016 1688 1018 1699 ¹

255 1741 432 1773 bendarum
472 1751 602 1773 suarum
633 1739 817 1772 huiusmodi
849 1750 942 1772 nsum
971 1746 998 1772 et

255 1794 421 1827 utilitatem
444 1804 645 1836 onerumqne
663 1792 722 1825 sibi
742 1793 998 1826 incumbentium
1016 1811 1017 1838 3

253 1847 531 1891 supportationem
571 1846 747 1889 respective
786 1852 973 1879 convertere
990 1874 996 1885 ,

253 1899 433 1933 dioecesani
457 1899 517 1932 loci
538 1899 585 1932 vel
599 1899 736 1932 cuiusvis
748 1899 880 1932 alterius
895 1899 996 1932 licen-

253 1955 295 1988 tia
312 1960 343 1987 et
360 1964 519 1987 consensu
541 1953 679 1996 desuper
699 1953 834 1986 minime
857 1953 996 1997 requisi-

253 2008 301 2047 tis,
325 2008 475 2051 dictaque
496 2007 631 2040 ecclesia
652 2018 687 2039 ac
705 2007 844 2043 abbatia,
869 2000 1018 2040 canoni-¹⁴

252 2068 342 2096 catus
372 2067 403 2095 et
430 2062 636 2105 praebendae
666 2061 792 2105 aliaque
818 2062 1017 2106 beneficia„

251 2116 432 2160 Capitulum
453 2121 481 2148 et
504 2115 641 2148 ministri
661 2125 719 2148 suo
737 2114 906 2148 Ordinario
924 2116 999 2148 sub-
1016 2111 1017 2152 J

253 2170 325 2203 iecti
344 2169 416 2203 sint.

298 2226 314 2266 ξ
329 2223 358 2256 5.
376 2224 588 2267 Ipsorumque
605 2222 853 2256 canonicatuum
867 2228 1000 2266 elprae·
1017 2238 1018 2260 ς

255 2279 436 2311 bcndarum
462 2277 591 2310 collatio
608 2305 614 2316 ‚
644 2277 784 2321 provisio
814 2283 842 2309 et
870 2276 1000 2320 quaevis
1017 2292 1018 2296 =

254 2331 315 2364 alia
337 2330 504 2374 dispositio
525 2331 564 2363 ad
581 2341 639 2374 pro
654 2336 799 2374 tempore
812 2330 999 2363 existentem
1016 2339 1018 2367 ¹,

255 2385 405 2417 abbatem
441 2384 641 2417 saecularem
679 2384 781 2417 dictae
819 2384 995 2420 ecelesiae,

254 2444 347 2483 prout
367 2438 454 2482 prius
474 2439 620 2471 locorum
633 2444 659 2470 et
677 2437 912 2471 canonicalium
924 2448 1000 2481 por-

255 2492 380 2525 tionum
394 2491 578 2525 huiusmodi
593 2491 721 2525 collatio
735 2492 775 2524 ad
789 2492 937 2524 abbatem
951 2492 998 2525 di-

254 2545 293 2578 cti
316 2545 516 2583 monasterii,
537 2551 610 2578 ante
632 2545 716 2579 illius
736 2545 999 2589 suppressionem

254 2605 283 2632 et
304 2599 526 2632 reductionem
547 2598 744 2637 huiusmodi,
766 2599 797 2631 in
817 2599 883 2632 suis
903 2609 995 2632 men-

1687 285 1744 317 611

1036 348 1066 377 et
1092 343 1315 376 affectionibus
1347 342 1545 386 apostolicis,
1582 344 1675 386 pleno
1713 343 1780 376 iure

1035 403 1179 441 spectent
1193 403 1221 430 et
1241 397 1432 440 pertineant.

1081 452 1096 492 ξ
1118 450 1147 483 6.
1171 451 1302 483 Necnon
1325 450 1477 483 ecclesiae
1507 456 1534 482 et
1555 450 1661 482 abbati
1683 462 1776 483 seeu-

1036 505 1106 543 lari,
1131 516 1166 537 ac
1193 505 1337 548 Capitulo
1368 510 1396 537 et
1427 503 1590 537 canonicis
1615 504 1776 547 praefatis,

1036 558 1170 601 aliisque
1185 557 1338 590 ministris
1353 557 1462 601 ipsius,
1481 558 1567 600 quod
1583 557 1734 590 omnibus
1750 563 1779 589 et

1035 611 1170 653 singulis
1183 611 1368 654 privilegiis,
1386 611 1655 646 immunitatil‘tus,
1674 621 1780 643 exem·

1017 662 1018 665 ¹
1036 665 1209 709 ptionibus,
1226 665 1438 701 libertatibus,
1456 665 1669 701 facultatibus,
1687 675 1780 708 prae-

1035 718 1204 760 rogativis,
1229 718 1503 757 concessionilms,
1529 717 1670 756 indultis,
1697 718 1779 750 l'avo-

1017 806 1018 833 1
1035 771 1123 804 ribus
1137 777 1167 804 et
1181 771 1301 813 gratiis,
1319 772 1435 815 quibus
1455 777 1599 804 caeteras=
1622 771 1777 813 collegia-

1017 831 1084 865 ttae
1105 825 1259 858 ecclesiae
1292 836 1469 868 earumque
1497 825 1658 869 Capitula,
1686 835 1782 857 cano-

1035 879 1098 911 nici
1120 885 1148 911 et
1175 879 1345 921 dignitates
1376 879 1407 910 in
1434 878 1478 911 eis
1503 878 1684 911 obtinentes
1709 889 1780 911 cae-

1036 933 1159 976 terique
1181 932 1318 964 ministri
1340 933 1378 965 de
1402 932 1482 966 iure.
1507 943 1577 967 usu.
1602 937 1777 964 consuetu-

1036 987 1109 1020 dine
1132 987 1177 1020 vel
1200 986 1367 1029 privilegio
1389 991 1442 1018 aut
1466 985 1544 1018 alias
1568 985 1777 1029 quomodoli-

1036 1041 1086 1073 bet
1105 1046 1250 1077 utuntur,
1274 1041 1436 1077 l'ruuntur,
1460 1039 1628 1082 potiuntur
1649 1045 1679 1071 et
1696 1049 1777 1081 gau-

1036 1095 1122 1133 dent,
1144 1105 1178 1126 ac
1198 1093 1254 1130 uti„
1279 1093 1350 1129 t'rui,
1371 1093 1467 1136 potiri
1489 1098 1517 1125 et
1539 1093 1680 1134 gaudere
1701 1103 1778 1136 pos-

1035 1154 1105 1181 sunt
1129 1154 1158 1181 et
1180 1153 1331 1191 poterunt
1353 1146 1599 1190 quomodolilwt
1630 1146 1661 1178 in
1691 1147 1777 1179 t'utu-

1036 1212 1119 1239 rum,
1137 1201 1355 1245 paril'ormiter
1369 1207 1399 1234 et
1411 1200 1478 1233 sine
1492 1201 1555 1233 nlla
1571 1210 1702 1243 prorsus
1716 1200 1777 1232 dit-

1037 1255 1170 1288 l'erentia
1192 1255 1248 1293 uti,
1265 1255 1336 1291 t'rui„
1358 1254 1454 1298 potiri
1476 1260 1504 1287 et
1523 1254 1663 1296 gaudere
1680 1254 1780 1287 libere

1036 1316 1062 1342 et
1087 1309 1171 1342 licite
1192 1310 1319 1345 valent,
1345 1309 1477 1352 perinde
1498 1319 1534 1341 ac
1560 1307 1584 1341 si
1610 1308 1663 1340 illa
1689 1307 1733 1340 eis
1763 1319 1780 1340 a

1018 1359 1019 1364 ’
1036 1363 1195 1407 principio
1214 1370 1241 1396 et
1261 1363 1444 1406 specialiter
1464 1373 1615 1395 concessa
1633 1361 1775 1395 fuissent.

1081 1419 1096 1458 ξ
1119 1417 1148 1449 7.
1173 1419 1215 1449 Ac
1245 1417 1376 1460 insuper
1403 1416 1508 1449 eidem
1534 1415 1696 1459 Capitulo‚
1721 1426 1779 1459 pro

1036 1471 1188 1503 ecclesiae
1210 1481 1244 1502 ac
1274 1470 1422 1503 abbatiae
1458 1469 1630 1502 saecularis
1663 1469 1776 1501 buius-

1036 1524 1134 1560 modi,
1170 1535 1227 1556 nec
1258 1535 1321 1557 non
1353 1534 1576 1568 personarum,
1612 1534 1720 1555 rerum
1751 1528 1779 1555 et

1036 1579 1195 1611 bonorum
1217 1589 1348 1611 suorum
1371 1577 1455 1610 felici
1487 1588 1523 1610 ac
1544 1587 1700 1620 prospera
1732 1576 1781 1609 di-

1036 1631 1189 1668 rectionem
1214 1642 1438 1675 quaecumque
1458 1636 1575 1663 statuta
1597 1636 1627 1663 et
1645 1630 1778 1663 ordina-

1036 1685 1137 1718 tiones
1156 1685 1255 1727 (licita
1278 1691 1384 1717 tamen
1406 1690 1433 1717 et
1460 1684 1594 1717 honesta
1619 1683 1781 1727 sacrisque

1035 1739 1213 1772 canonibus
1227 1745 1255 1771 et
1269 1739 1410 1772 Concilio
1422 1738 1611 1771 Tridentino
1626 1748 1690 1770 non
1705 1748 1781 1771 con—

1036 1794 1144 1835 traria)
1164 1794 1202 1826 ab
1225 1793 1395 1826 Ordinario
1424 1793 1485 1826 loci
1507 1793 1720 1826 examinanda
1752 1798 1782 1825 et

1034 1847 1256 1891 approbanda,
1282 1847 1379 1879 etiam
1400 1847 1484 1879 circa
1515 1845 1780 1879 distrilnttionum

1017 1926 1018 1929 ,
1035 1900 1297 1944 quotidianarum
1310 1899 1582 1936 distributionem,
1595 1899 1781 1932 missarum-

1017 1950 1096 1997 ]que
1118 1960 1145 1987 et
1165 1954 1302 1986 aliorum
1325 1953 1505 1986 divinornm
1528 1953 1709 1986 officiorum
1731 1964 1781 1986 ce-

1035 2008 1312 2045 leln·ati011etn,et
1346 2019 1427 2051 quac
1459 2008 1498 2040 ad
1531 2008 1781 2051 qualiacumque

1034 2072 1133 2094 onera
1156 2061 1344 2094 incumbunt
1372 2060 1615 2104 dispositionem
1644 2072 1698 2093 seu
1720 2061 1778 2093 de-

1035 2115 1246 2148 clarationem
1260 2116 1398 2159 desuper
1412 2115 1591 2148 faciendam
1606 2115 1777 2151 condendi,

1016 2166 1070 2215 '‘ac
1099 2170 1195 2202 semel
1220 2169 1364 2205 condita,
1390 2169 1481 2202 toties
1501 2169 1626 2212 quoties
1644 2167 1704 2212 pro
1726 2180 1778 2201 re-

1017 2218 1118 2261 lruni,
1141 2230 1323 2267 temporum
1338 2234 1374 2256 ac
1394 2234 1606 2267 personarum
1629 2223 1781 2266 qualitate

1035 2277 1206 2320 expediens
1226 2277 1332 2317 fuerit,
1354 2277 1449 2310 etiam
1469 2277 1500 2309 in
1522 2282 1588 2310 toto
1606 2277 1653 2309 vel
1676 2282 1778 2320 parte,

1035 2342 1107 2363 rum
1129 2331 1308 2363 interventu
1329 2336 1357 2363 et
1380 2330 1514 2363 consilio
1529 2330 1672 2364 eiusdem
1691 2330 1782 2364 Ordi-

1016 2382 1017 2430 }
1035 2384 1114 2417 narii
1136 2385 1293 2425 mutandi,
1317 2384 1499 2427 corrigendi
1521 2390 1550 2418 et
1569 2385 1777 2425 reformandi,

1016 2434 1017 2474 Ῐ
1035 2449 1069 2471 ac
1096 2438 1191 2471 etiam
1214 2439 1253 2471 de
1274 2449 1356 2471 novo
1377 2438 1525 2476 faciendi,
1539 2438 1729 2472 auctoritate
1751 2444 1779 2471 et

1016 2481 1146 2538 {tenore
1167 2492 1328 2536 praefatis,
1353 2492 1515 2525 licentiam
1546 2498 1575 2525 ct
1596 2492 1778 2525 facultatem

1015 2543 1017 2555 ⁴
1034 2545 1250 2589 impartimur.

1015 2598 1017 2634 ,³
1079 2605 1094 2641 g
1116 2598 1146 2631 8.
1161 2600 1304 2643 Insuper,
1321 2600 1449 2633 attentis
1470 2599 1653 2644 praemissis
1672 2599 1777 2632 dilecti

1016 2264 1018 2288 1

1797 294 1846 320 Α11.
1867 295 1893 320 (1.
1916 294 1980 322 1592

1809 462 1923 483 Cuneo-<10
1939 469 1980 489 prt-

1797 491 1920 514 xitegmrum
1933 496 1980 510 cae-

1795 518 1846 535 teris
1864 517 1981 541 t-‹tttegtatiz

1796 547 1967 570 cntngmtruttunt.

1823 1427 1919 1452 Catutulo
1930 1428 1978 1447 data

1795 1454 1884 1474 tacuttas
1902 1457 1979 1474 statuta

1796 1481 1908 1501 condendi.

1822 2605 1915 2625 Ducibus
1931 2604 1979 2625 Car-

1794 2631 1863 2652 dnnae
1893 2637 1979 2652 culices·

255 2653 343 2687 sibus
363 2649 553 2697 pertinebat,
586 2653 748 2697 deinceps,
784 2659 915 2697 excepta
940 2653 999 2686 hac
1015 2635 1017 2678 l
1034 2653 1088 2685 tilii
1111 2653 1228 2686 nobilis
1246 2653 1303 2686 viri
1313 2653 1434 2693 Didaci,
1452 2660 1481 2687 et
1495 2654 1629 2687 dilectae
1647 2653 1678 2686 in
1691 2653 1778 2687 Clu-i-
1794 2664 1838 2679 suffl
1861 2664 1893 2679 ¹¹1⁵
1915 2658 1980 2678 „mm-

254 2707 360 2752 prima
391 2707 468 2748 vice,
501 2707 697 2740 cessantibus
728 2706 1080 2750 1'ese1·vationil]us.sto
1100 2706 1185 2740 filiae
1206 2707 1323 2741 nobilis
1344 2707 1489 2740 mulieris
1521 2708 1669 2744 loannae,
1702 2717 1774 2740 mo-

1794 2685 1858 2705 nandi
1871 2685 1979 2705 abbatom.
