2226 3070
890 293 987 316 rxossx
1005 293 1111 316 aarum
1671 281 1734 312 4350

315 366 333 388 a
353 355 493 389 Summis
513 354 723 389 Pontificibus
745 364 972 387 concessarum
1001 354 1139 393 eisdem,
1169 359 1197 386 et
1228 353 1554 386 communicationem
1579 354 1779 386 indultorum

315 409 450 442 aliarum
469 408 761 451 Congregationum
780 407 924 441 eiusdem
945 407 1090 448 Ordinis,
1114 406 1177 439 467
1199 408 1226 439 Ι).
1251 407 1423 449 Gregorius
1445 407 1509 439 XIV
1531 407 1635 450 petitis
1655 408 1777 450 plenis·
1826 430 1830 433 -

316 462 395 495 sime
425 473 590 502 annuens,
614 462 721 495 onmia
744 461 937 501 confirmat,
961 461 1140 504 iteratoque
1161 461 1328 499 concedit,
1358 460 1416 493 tot<
1436 472 1454 490 a
1481 466 1508 493 «ft
1532 461 1570 496 b;
1595 460 1781 504 indultaqne

316 516 425 548 onmia
445 515 663 549 communicat
683 515 794 548 Ordini
815 514 1072 548 Cisterciensium
1093 524 1242 548 concessa
1268 520 1295 547 et
1323 514 1541 553 concedenda,
1572 514 1602 546 in
1624 520 1779 557 quantum

315 579 380 601 non
401 568 461 602 sint
484 568 645 601 contraria
666 567 925 601 ordinationibus
946 567 1049 601 dictae.
1062 567 1324 610 Congregationis
1342 568 1371 600 S.
1390 567 1553 604 Bernardi,
1571 567 1664 610 eique
1681 578 1778 610 expe-

315 622 414 661 diant,
439 622 517 654 ibid⁴
546 622 640 655 Cuius
658 621 875 655 concessionis
894 622 1080 654 defensores
1100 626 1131 654 et
1149 626 1360 664 exequutores
1382 621 1523 664 deputat,
1548 620 1611 653 tiit)
1634 621 1660 653 b.

225 674 377 707 Clausura
397 675 583 708 Monialium
604 674 892 708 Mediolanensium
913 673 976 707 337
996 675 1012 706 b
1033 680 1063 707 et
1082 684 1146 718 seq.
1168 674 1309 707 Decretis
1329 673 1460 707 Concilii
1482 674 1658 707 'I'ridentini
1679 685 1781 706 reser-

316 733 386 761 vata
406 728 540 761 facultas
561 728 720 772 episeopis
740 727 947 771 permittendi
969 737 1132 760 accessum
1155 727 1193 760 ad
1213 727 1418 767 monasteria,
1436 727 1513 759 ibid.
1532 728 1664 760 Cautum
1684 727 1781 769 igitur

314 792 354 814 nc
381 781 452 825 quis
482 782 522 814 ad
553 781 746 815 monasteria
776 781 910 815 civitatis
941 780 1111 814 Mediolani
1140 781 1269 814 accedat
1302 780 1369 813 sine
1401 780 1635 824 archiepiscopi
1665 781 1778 821 venia,

315 834 379 868 338
400 846 429 868 α.
465 836 582 869 Contra
603 835 827 869 inobedientes
844 835 1100 879 procedendum,
1127 835 1206 868 ibid,
1224 846 1230 875 ;
1255 834 1513 878 (μιίἰωεςιιιηῑμιυ
1535 845 1598 868 non
1620 835 1778 868 obstanti-

317 888 412 929 tibus,
435 889 514 922 ibid.
540 889 567 922 h.

226 942 372 975 Clemens
390 942 465 981 vill,
490 948 583 976 antea
597 942 787 987 Hippolytus
805 942 1076 983 Aldobrandinus,
1094 942 1170 975 Fani
1184 947 1277 974 natus
1298 952 1348 974 an.
1364 951 1516 979 mxxxvi,
1530 942 1560 974 S.
1582 942 1617 974 R.
1635 942 1668 974 E.
1690 952 1782 985 prae-

316 996 423 1039 sbyter
436 996 608 1029 cardinalis
621 1007 639 1029 a
652 996 738 1030 Sixto
750 996 773 1028 V
787 1001 910 1029 creatus
929 1006 979 1028 an.
995 1006 1160 1031 Manxxv2
1178 1000 1306 1028 mortuo
1320 994 1507 1027 Innocentio
1525 995 1575 1033 IX,
1593 994 1643 1027 die
1657 1005 1717 1028 xxx
1736 996 1781 1028 ia-

315 1049 420 1082 nuarii
438 1060 549 1084 iunxcn
572 1050 692 1083 electus
713 1055 759 1082 est
780 1049 932 1083 Summus
952 1049 1115 1088 Pontifex,
1144 1055 1239 1092 atque
1261 1059 1350 1081 sacra
1371 1047 1474 1080 thiara
1495 1048 1663 1081 redimitus
1684 1049 1734 1081 (lie
1758 1060 1781 1082 11

316 1103 482 1143 februarii,
506 1102 570 1136 518
598 1114 628 1135 a.
657 1103 742 1136 Sedit
766 1102 964 1146 teinpoi·i})us
985 1101 1147 1146 Rodulplii
1169 1101 1391 1145 imperatoris,
1416 1111 1516 1134 annos
1534 1111 1608 1141 xm,
1638 1113 1780 1135 mensem

315 1167 428 1197 unum,
453 1156 520 1189 dies
538 1156 680 1200 quinque
702 1156 783 1199 (dies
805 1160 876 1194 (rex,
895 1156 980 1189 iuxta
1000 1157 1166 1189 Assumo
1181 1156 1381 1192 Pox'rlrlcto,
1399 1154 1485 1187 ‘1864
1506 1165 1542 1187 ex
1563 1155 1782 1199 typographeo

317 1210 352 1243 R.
377 1210 408 1243 C.
432 1210 496 1251 A.).
521 1209 603 1243 Obiit
629 1210 742 1253 quinto
767 1219 868 1242 nonas
894 1209 1024 1242 martias
1049 1219 1099 1242 an.
1129 1219 1231 1249 ⁴uncv,
1255 1208 1464 1252 sepultusque
1492 1213 1537 1241 est
1563 1208 1595 1240 in
1615 1208 1778 1242 Vaticano.

315 1263 412 1297 Sedes
432 1263 551 1296 vacavit
566 1263 633 1296 dies
646 1262 885 1305 vigintinovem,
904 1262 982 1295 ibid.
999 1262 1264 1296 Constitutionem
1278 1262 1325 1295 Pii
1338 1262 1361 1294 Υ
1376 1262 1414 1295 de
1428 1272 1492 1295 non
1507 1261 1710 1295 infeudandis
1724 1263 1782 1295 Ec-

315 1316 430 1350 clesiae
444 1317 607 1350 Romanae
620 1316 713 1350 bonis
726 1316 867 1357 innovat,
884 1315 949 1349 5220
962 1327 980 1349 α
995 1322 1022 1349 et
1038 1327 1116 1360 seq.;
1133 1316 1164 1348 in
1179 1316 1296 1360 quibus
1311 1322 1409 1349 terras
1434 1315 1529 1349 etiam
1553 1316 1697 1349 nondum
1722 1317 1780 1349 de-

317 1370 440 1404 volutas
454 1370 686 1414 comprehendi
700 1370 841 1404 declarat
856 1397 863 1411 ,
880 1369 939 1403 521
958 1370 992 1409 b;
1013 1376 1041 1404 et
1057 1380 1147 1403 casus
1165 1380 1258 1403 verae
1270 1370 1414 1403 utilitatis
1428 1376 1458 1403 et
1475 1370 1682 1409 necessitatis,
1701 1370 1778 1403 ibid.

316 1423 565 1457 Constitutiones
590 1424 666 1457 Sixti
688 1424 710 1456 V
731 1424 770 1457 de
796 1423 1039 1457 conservatione
1059 1423 1190 1465 triginta
1211 1428 1421 1456 centenorum
1448 1423 1584 1456 millium
1610 1434 1782 1457 aureorum

318 1477 349 1510 in
375 1488 449 1510 arce
474 1477 504 1511 S.
529 1477 641 1520 Angeli
671 1477 887 1521 repositorum
918 1477 1109 1517 confirmat,
1138 1476 1202 1509 523
1223 1477 1250 1510 b.
1279 1476 1429 1511 Officium
1459 1477 1601 1510 vacabile
1630 1478 1782 1521 praetecti

320 1540 487 1564 carcerum
507 1530 690 1574 supprimit.
708 1536 738 1564 et
758 1530 1074 1564 confraternitatibus
1095 1530 1258 1563 charitatis
1279 1530 1409 1570 addicit,
1427 1529 1490 1563 530
1504 1542 1534 1562 a.
1558 1530 1676 1564 Census
1697 1541 1784 1564 com-

319 1585 511 1618 munitatum
533 1585 638 1618 Status
659 1584 870 1618 Ecclesiastici
888 1584 928 1617 ad
948 1590 1071 1628 septem
1089 1595 1148 1628 pro
1170 1584 1354 1617 centenario
1375 1584 1510 1623 reducit,
1535 1583 1599 1616 552
1620 1596 1649 1617 a.
1670 1584 1782 1617 Yisita-

318 1638 438 1671 tionem
464 1638 676 1672 Ecclesiarum
699 1644 728 1672 et
751 1639 897 1672 Iocorum
919 1638 1046 1682 piorum
1064 1638 1158 1672 Urbis
1183 1638 1328 1677 instituit,
1353 1637 1416 1670 562
1438 1638 1465 1670 b.
1486 1637 1662 1671 Canonicos
1684 1649 1780 1681 regu-

317 1691 400 1724 lares
419 1691 548 1725 Ordinis
567 1691 598 1726 S.
623 1692 790 1734 Augustini
812 1691 844 1724 in
864 1691 1046 1736 principatu
1071 1691 1253 1725 Cataloniae
1274 1691 1440 1733 extinguit,
1461 1689 1525 1723 580
1547 1691 1575 1729 b,
1604 1702 1783 1735 eorumque

318 1745 513 1778 monasteria
533 1751 564 1779 et
583 1745 745 1789 prioratus
762 1745 927 1779 collationi
948 1745 1037 1778 Sedis
1051 1745 1254 1789 Apostolieae
1274 1750 1424 1785 reservat,
1442 1744 1506 1777 583
1521 1745 1548 1777 b.
1572 1745 1704 1778 Concilii
1718 1745 1785 1778 Tri-

318 1799 440 1832 dentini
461 1798 588 1832 decreta
609 1805 721 1832 contra
740 1805 921 1843 pugnantes
935 1799 966 1832 in
988 1798 1107 1839 duello,
1124 1798 1253 1843 publice
1273 1798 1321 1831 vel
1336 1798 1495 1843 privatim,
1521 1798 1701 1837 confirmat⁷
1723 1799 1781 1831 de-

318 1852 417 1885 clarat
437 1857 469 1885 et
489 1852 640 1893 extendit,
662 1851 726 1885 604
748 1853 775 1885 b.
800 1852 1017 1886 Cardinalium
1040 1852 1324 1894 congregationem
1346 1851 1481 1885 instituit
1507 1862 1604 1895 super
1624 1852 1733 1894 gratiis
1755 1858 1785 1885 et

318 1905 561 1939 remissionibus
583 1905 791 1939 bannitorum
813 1906 918 1940 Status
941 1905 1162 1945 Ecclesiastiei‚
1183 1905 1246 1938 622ss
1268 1906 1294 1938 b.
1320 1905 1349 1938 S.
1374 1905 1491 1938 Biblias
1516 1905 1601 1938 iuxta
1622 1906 1785 1949 exemplar

318 1959 548 2004 typographiae
569 1959 739 1993 Vaticanae
762 1960 902 1993 edendas
922 1959 1021 2000 iubet,
1046 1958 1108 1992 636
1131 1960 1157 1991 h.
1183 1959 1368 1993 Orationem
1387 1958 1602 2001 Quadraginta
1624 1959 1783 1992 Horarum

318 2012 350 2045 in
376 2012 519 2046 ecclesiis
540 2012 644 2046 almae
664 2012 757 2046 Urbis
778 2012 913 2046 instituit
933 2023 1005 2046 cnm
1024 2012 1298 2055 indulgentiarum
1321 2012 1539 2051 concessione,
1556 2011 1620 2045 Gli-'i
1634 2012 1661 2045 b.
1686 2013 1784 2045 Eche-

318 2066 428 2099 barem
449 2076 558 2108 regem
580 2066 691 2109 Mogor
708 2066 855 2099 hortatur
874 2067 914 2099 ad
935 2066 1172 2108 agnoscendam
1187 2072 1217 2099 et
1230 2066 1428 2110 sequendam
1449 2065 1656 2099 christianam
1671 2066 1780 2105 tidem,

318 2118 382 2153 646
402 2130 432 2152 a.
549 2119 553 2122 ’

228 2173 341 2207 Clerici
363 2173 447 2205 male
474 2178 527 2205 aut
559 2172 735 2206 simoniace
763 2173 904 2217 promoti
926 2173 1039 2217 poenis
1058 2173 1256 2206 mulctantur
1276 2184 1292 2205 a
1313 2172 1400 2206 Sixto
1422 2173 1480 2206 PP.
1497 2173 1540 2213 Y,
1565 2172 1606 2206 63
1628 2173 1645 2206 b
1667 2179 1695 2206 et
1716 2183 1780 2217 seq.

317 2226 493 2270 Episcopus
514 2231 626 2259 contra
643 2226 775 2260 Concilii
796 2226 974 2259 Tridentini
995 2231 1112 2260 statuta
1133 2226 1267 2259 clericos
1293 2226 1333 2259 ad
1365 2226 1494 2260 ordines
1525 2237 1721 2270 promovens
1746 2238 1784 2259 eo

318 2279 388 2324 ipso
408 2290 581 2324 suspensus
601 2279 640 2312 ab
662 2280 751 2312 omni
772 2280 950 2323 pontificali
976 2290 1109 2313 munere
1127 2286 1304 2320 remaneat,
1325 2279 1367 2312 fit
1387 2291 1406 2312 α
1427 2285 1458 2313 et
1477 2280 1503 2312 b.
1521 2280 1600 2313 Male
1618 2286 1784 2324 promoto-

319 2344 390 2367 rum
411 2343 550 2377 poenae,
567 2333 609 2366 65
622 2344 652 2366 α.
667 2334 801 2367 Summo
821 2333 969 2367 Pontifici
991 2334 1124 2367 facultas
1145 2339 1305 2367 reservata
1326 2333 1512 2367 absolvendi
1534 2334 1780 2367 contravenien-

319 2393 374 2426 tes,
403 2387 516 2420 mortis
536 2397 612 2420 casu
637 2393 789 2431 excepto,
814 2393 844 2420 et
865 2387 1071 2432 dispensandi
1104 2398 1201 2431 super
1232 2387 1489 2429 irregularitate,
1515 2387 1593 2420 ibid.
1616 2388 1643 2420 b.
1668 2387 1783 2420 Forma

317 2440 447 2484 petendi
468 2441 705 2474 absolutionem
726 2441 1065 2485 dispensationemque
1086 2452 1103 2474 a
1124 2442 1270 2474 Romano
1284 2441 1451 2479 Pontifice,
1468 2452 1551 2484 quae
1564 2452 1622 2485 per
1641 2441 1782 2474 officium

318 2505 428 2527 sacrae
459 2494 726 2538 poenitentiariae
757 2494 821 2538 peti
852 2500 1033 2538 nequeunt,
1060 2494 1140 2527 ibid.
1176 2501 1206 2528 et
1234 2495 1276 2527 66
1304 2506 1334 2527 ιι.
1358 2494 1468 2528 Clerici
1490 2495 1640 2528 abortum
1660 2505 1780 2538 procu-

319 2554 425 2581 rantes
446 2548 611 2581 benefieiis
632 2548 852 2582 ecclesiasticis
872 2548 1030 2592 privandi,
1052 2549 1091 2582 ad
1105 2559 1187 2592 quae
1201 2549 1380 2582 redduntur
1395 2548 1563 2587 inhabiles,
1586 2548 1624 2580 41
1640 2559 1670 2580 a.
1693 2549 1782 2581 Post-

318 2612 414 2645 quam
434 2611 452 2634 a
475 2601 580 2635 iudice
601 2601 817 2635 ecclesiastico
838 2601 955 2635 suerint
976 2601 1124 2646 depositi,
1149 2602 1258 2636 curiae
1277 2601 1435 2635 saeculari
1451 2601 1628 2642 tradantur,
1646 2601 1724 2634 ibid.
1750 2602 1778 2633 l».

318 2655 351 2688 ln
373 2654 485 2688 habitu
513 2660 544 2688 et
572 2660 704 2689 tonsura
728 2655 847 2689 debent
867 2655 1017 2689 incedere
1042 2655 1083 2688 67
1104 2667 1124 2689 a
1145 2661 1173 2688 et
1195 2657 1223 2689 b.

229 2707 340 2743 Clerici
360 2708 535 2751 Regulares
554 2709 692 2744 Minores
709 2719 887 2754 eorumque
907 2709 1116 2753 congregatio
1134 2709 1220 2744 Sixto
1240 2709 1263 2742 V
1284 2709 1430 2754 probata,
1455 2708 1474 2741 5
1494 2709 1534 2749 [η
1558 2719 1654 2753 quam
1676 2709 1783 2751 Augu-
