2226 3070
107 247 159 277 An.
178 247 205 276 C.
224 247 291 276 1589

130 1124 259 1145 Prooemium.

133 1563 229 1588 regorius
239 1562 283 1583 xm

102 1595 146 1615 suis
208 1594 285 1615 litteris

101 1625 217 1646 declaravit
235 1632 285 1652 quo-

101 1657 162 1679 modo
195 1658 285 1677 inlelli-

101 1689 169 1713 genda
184 1690 211 1709 sit
231 1695 285 1710 con-

99 1721 170 1740 cessio
201 1721 283 1741 nicolai

102 1750 117 1770 V
146 1753 171 1772 de
193 1753 284 1774 innote-

99 1783 183 1802 scentia
210 1785 278 1809 provi-

100 1815 166 1834 sionis
182 1816 283 1841 apostoli-

100 1851 138 1865 cae
153 1847 178 1866 de
193 1846 281 1868 benefl-

100 1879 138 1898 ctis
154 1879 208 1898 iutra
224 1885 283 1900 men-

100 1915 134 1929 ses
144 1914 206 1932 notae
218 1917 283 1933 vaca-

100 1944 162 1963 tionis
180 1946 199 1964 in
216 1951 282 1966 inen—

101 1975 157 1996 sihus
181 1982 282 1998 reserva-

100 2007 138 2027 111.

967 244 1071 269 SlXTUS
1091 243 1109 268 V
1128 244 1176 268 1³1².

304 300 417 334 tesimo
438 299 657 343 octuagesimo
669 310 768 340 nono,
782 299 988 343 pontificatus
1002 309 1058 332 no-

305 355 359 387 stri
380 365 465 387 anno
486 365 516 388 v.

419 413 481 443 Dat.
502 422 578 443 anno
601 413 689 450 1589,
715 412 904 451 pontificatus
930 421 956 442 v.

613 582 736 615 CLXIV.

304 666 486 700 Declaratio
515 666 760 711 constitutionis
800 666 947 708 Gressoriess
971 665 1059 697 XIII

347 731 440 764 super
459 719 658 752 concordatis
680 719 876 752 Germaniae
896 720 931 751 iu
950 719 1057 761 proes-

346 774 434 805 sz'one
454 773 680 815 beneficiarium
704 773 924 805 observamlis:
945 783 1000 805 seu
1020 773 1056 804 cle

343 827 539 869 publicarum
560 827 744 869 provisione
762 827 936 869 apostolica
967 827 1055 858 intra

348 884 409 912 tres
424 890 546 913 menses
566 885 662 913 volae
677 881 860 913 vacationis
876 879 901 912 ¹.

345 974 440 1002 Sixtus
455 975 525 1010 Papa
535 974 564 1007 V.
577 975 610 1002 ad
620 975 780 1010 perpetuam
791 974 832 1002 rei
840 973 1010 1002 memoriam.

347 1070 392 1102 Ad
409 1069 545 1102 Romani
561 1069 724 1102 Pontificis
746 1069 981 1112 providentiam
995 1070 1056 1102 cir-

302 1130 522 1167 cumspectam
542 1124 704 1168 pertinere
721 1123 920 1166 dignoscitur
945 1123 1054 1163 dubia,

301 1189 383 1222 quae
404 1190 441 1211 ex
462 1178 576 1211 litteris
597 1178 783 1221 apostolicis
799 1178 963 1217 oriuntur,
977 1189 1054 1211 suae

300 1232 530 1265 declarationis
550 1233 683 1265 oraculo
707 1232 898 1272 delucidari,
926 1238 961 1265 ut
980 1232 1054 1265 inde

299 1287 405 1319 omnis
421 1286 591 1319 dubitandi
610 1286 737 1319 occasio
759 1292 789 1319 et
805 1286 910 1319 litium
927 1286 1054 1330 dispen-

299 1340 351 1373 dia
368 1340 451 1373 inter
470 1340 634 1384 quoslibet
653 1340 889 1381 christifideles,
914 1351 949 1373 ac
963 1351 1054 1384 prae-

298 1393 408 1426 sertim
448 1404 605 1438 personas
637 1394 886 1435 ecclesiasticas,
928 1395 1054 1427 valeant

299 1447 495 1481 submoveri.

343 1501 357 1544 g
381 1501 412 1533 1.
441 1501 522 1535 Sane
543 1502 667 1534 dudum
690 1512 707 1535 a
729 1502 830 1535 felicis
852 1503 1052 1536 recordatio-

298 1555 347 1588 nis
367 1555 522 1598 Gregorio
534 1555 619 1599 Papa
635 1556 713 1595 XIII,
737 1557 984 1600 praedecessore
998 1568 1054 1590 no-

299 1615 383 1650 stro,
413 1615 603 1642 emanarunt
637 1609 763 1642 litterae
795 1610 914 1643 tenoris
940 1610 1052 1643 subse-

298 1663 438 1707 quentis.
459 1662 632 1705 Gregorius
653 1663 826 1707 episcopus
849 1675 958 1697 servus
985 1676 1051 1697 ser-

298 1728 411 1750 vorum
432 1717 499 1750 Dei.
528 1717 572 1749 Ad
602 1718 743 1749 futuram
773 1718 818 1750 rei
846 1719 1049 1751 memoriam.

298 1771 384 1810 Quae
416 1771 447 1804 in
469 1771 644 1805 Ecclesiam
665 1772 719 1805 Dei
742 1772 948 1805 incommoda
970 1773 1051 1806 inse-

298 1832 386 1866 runt,
416 1832 526 1859 nostra
546 1837 604 1859 nos
625 1826 753 1869 expedit
772 1826 1051 1860 animadversione

298 1890 473 1913 removere.
497 1880 575 1913 Cum
599 1881 706 1924 itaque
730 1891 789 1924 per
808 1880 930 1913 litteras
951 1882 1051 1915 felicis

297 1934 533 1967 recordationis
548 1934 668 1968 Nicolai
692 1935 749 1967 PP.
780 1935 813 1975 V,
837 1935 1053 1968 1131101116οΓ-

298 1988 455 2028 manicae,
478 1999 538 2032 pro
565 1987 651 2021 illius
675 1988 793 2021 virtute
821 1994 851 2022 et
876 1989 1051 2022 concordia

297 2053 369 2074 cum
391 2042 472 2076 Sede
493 2043 687 2086 Apostolica,
712 2043 795 2075 inter
812 2043 875 2075 alia
893 2043 1051 2076 conceda-

298 2101 350 2128 tur
375 2102 421 2135 ut,
450 2096 575 2140 (11101103
600 2096 709 2140 aliquo
730 2103 862 2130 vacante
889 2097 1050 2130 beneficio

297 2149 515 2183 ecclesiastico
541 2151 573 2183 in
600 2150 764 2183 mensibus
790 2150 940 2192 ianuarii,
965 2162 1050 2184 mar-

298 2202 331 2234 tii
357 2210 387 2236 et
412 2204 499 2245 maii,
527 2203 607 2243 iulii,
633 2203 824 2248 septembris
858 2210 888 2237 et
918 2216 1050 2238 novem-

298 2256 374 2297 bris,
395 2257 426 2290 in
446 2258 564 2301 quibus
582 2257 763 2290 vacantium
784 2258 975 2291 Germaniae
995 2259 1050 2291 be-

299 2309 489 2343 neficiorum
506 2311 799 2344 ecclesiasticorum
821 2311 988 2355 dispositio
1001 2313 1050 2345 di—

300 2369 367 2396 ctae
385 2364 457 2397 Sedi
479 2365 661 2408 specialiter
672 2371 832 2398 reservata
844 2371 902 2405 est,
918 2377 982 2399 non
993 2378 1050 2410 ap-

299 2418 444 2460 paruerit
475 2419 558 2452 intra
586 2424 650 2452 tres
679 2429 804 2452 menses
828 2431 845 2452 a
865 2420 936 2452 diae
957 2425 1051 2453 notae

299 2472 473 2505 vacationis
491 2472 522 2505 in
535 2474 606 2506 loco
627 2472 774 2506 beneficii
791 2473 876 2516 quod
898 2474 996 2506 alicui
1013 2475 1051 2507 de

298 2525 352 2557 illo
380 2526 558 2569 apostolica
578 2527 768 2559 auctoritate
794 2527 958 2570 provisum
982 2528 1050 2560 sue-

298 2578 349 2619 rit,
374 2590 409 2611 ex
431 2585 509 2613 111110
534 2586 564 2613 01
585 2591 648 2613 11011
674 2586 779 2622 antea,
802 2581 986 2614 ordinarius
1003 2583 1050 2614 vel

334 2658 344 2684 t
363 2656 406 2684 Ex
419 2657 530 2693 Regest.
547 2657 575 2686 iu
595 2657 702 2687 Secrei.
723 2658 867 2687 Brevium.

1100 303 1193 343 alius,
1216 302 1255 335 ad
1276 312 1371 345 quem
1399 300 1485 334 illius
1505 301 1673 345 dispositio
1699 301 1849 345 pertinet,

1100 357 1138 390 de
1156 357 1211 389 illo
1230 356 1401 399 disponere
1419 355 1537 399 possit,
1560 360 1591 388 et
1615 365 1851 399 saepenumero

1101 411 1265 453 contingat
1290 415 1326 442 ut
1346 415 1517 453 antequam
1546 408 1727 452 inquisitio,
1753 418 1849 451 quam

1099 465 1306 507 plerumque,
1337 463 1430 496 etiam
1455 463 1485 495 in
1511 473 1674 495 concursu
1696 462 1852 506 plurium,

1099 518 1162 550 sive
1184 518 1215 551 in
1237 518 1384 561 partibus
1407 517 1471 550 sive
1491 516 1577 561 apud
1594 516 1713 549 dictam
1736 515 1849 549 Sedent

1100 572 1169 603 lieri
1203 577 1330 615 oportet
1357 571 1388 604 in
1414 571 1522 611 vitam,
1554 580 1660 603 mores
1681 575 1711 603 et
1731 569 1850 603 doctri-

1099 634 1173 656 nam
1195 636 1321 666 eorum,
1358 625 1475 669 quibus
1500 625 1539 657 de
1564 624 1658 658 dictis
1687 623 1853 657 beneficiis

1099 688 1156 720 per
1193 678 1307 711 Sedem
1344 680 1490 711 eamdem
1519 678 1755 722 providendum
1791 682 1848 714 est,

1099 732 1255 773 compleri
1283 733 1395 775 possit,
1429 738 1483 765 aut
1509 738 1682 776 antequam
1709 732 1748 765 de
1774 731 1851 776 ipsis

1099 784 1339 827 movisionibus
1364 797 1419 819 seu
1445 787 1483 819 de
1511 786 1681 828 mandatis,
1704 797 1788 830 quae
1813 785 1850 818 ad

1099 836 1325 879 inquisitiones
1346 845 1376 871 ct
1390 840 1588 882 provisiones
1605 840 1792 873 huiusmodi
1810 840 1852 871 sa-

1098 891 1228 924 ciendas
1249 892 1288 923 ali
1310 892 1421 925 eadem
1444 893 1525 926 Sede
1549 893 1775 937 impetrantur,
1804 894 1850 926 vel

1097 951 1187 977 motu
1209 946 1341 989 proprio
1365 947 1558 989 procedunt,
1581 947 1706 980 litterae
1726 953 1852 991 aposto-

1097 999 1178 1032 licae
1206 1000 1435 1041 conficiantur,
1471 1002 1517 1033 vel
1549 1001 1645 1034 etiam
1677 1008 1850 1045 antequam

1099 1053 1249 1086 mandata
1271 1054 1338 1097 ipsa
1359 1066 1374 1086 a
1398 1055 1572 1095 iudicibus,
1600 1056 1638 1088 ad
1664 1067 1746 1099 quos
1766 1056 1851 1088 dire-

1098 1112 1145 1139 cta
1159 1113 1246 1147 sunt,
1267 1107 1465 1152 recipiantur
1477 1109 1525 1142 vel
1541 1114 1671 1153 recepta
1681 1109 1853 1153 expedian-

1097 1166 1162 1201 tur,
1186 1161 1350 1194 interdum
1377 1173 1509 1206 quoque
1535 1162 1648 1196 litteris
1669 1163 1853 1206 apostolicis

1097 1216 1265 1259 expeditis,
1283 1222 1311 1248 et
1326 1216 1621 1260 gratiapurificata,
1643 1228 1700 1249 sen
1722 1217 1852 1249 manda—

1097 1269 1136 1301 tis
1149 1270 1320 1313 praedictis
1334 1270 1484 1314 receptis,
1498 1276 1528 1303 et
1542 1270 1752 1314 inquisitione
1766 1281 1852 1303 com-

1097 1324 1194 1367 pleta,
1217 1330 1392 1367 antequam
1412 1324 1598 1357 omnimoda
1621 1324 1767 1358 executio
1781 1335 1853 1369 per-

1095 1377 1236 1418 ficiatur,
1274 1383 1410 1422 propter
1443 1379 1569 1411 diversa
1604 1378 1849 1422 impedimenta,

1096 1442 1179 1474 quae
1192 1432 1379 1475 frequenter
1388 1433 1581 1473 succedunt„
1605 1437 1732 1476 tempus
1753 1431 1850 1465 trium

1096 1485 1268 1525 mensium,
1292 1497 1329 1518 ex
1350 1496 1415 1529 quo
1434 1485 1558 1519 vacatio
1570 1485 1721 1519 beneficii
1737 1485 1769 1518 in
1782 1486 1852 1518 loco

1095 1539 1194 1583 ipsius
1210 1545 1286 1572 nota
1307 1545 1365 1580 est,
1386 1539 1522 1583 expiret,
1547 1550 1583 1572 ac
1604 1539 1741 1583 proinde
1763 1538 1851 1572 ordi-

1094 1593 1176 1625 narii
1202 1593 1350 1626 locorum
1377 1599 1432 1626 aut
1460 1593 1532 1633 alii,
1560 1593 1599 1626 ad
1628 1604 1709 1637 quos
1738 1594 1850 1626 talium

1094 1646 1329 1679 beneficiorum
1349 1647 1535 1690 dispositio,
1557 1647 1756 1680 cessantibus
1776 1657 1851 1691 apo-

1095 1701 1215 1734 stolicis
1236 1701 1520 1741 reservationibus⁷
1543 1702 1695 1746 pertinet,
1718 1702 1757 1734 ab
1782 1702 1852 1745 ipso

1096 1761 1241 1800 tempore
1263 1755 1443 1800 praedicto,
1467 1756 1543 1789 licet
1564 1756 1753 1800 priusquam
1773 1756 1850 1788 illud

1094 1810 1271 1849 laberetur,
1296 1810 1489 1853 provisionis
1504 1810 1568 1843 sive
1590 1810 1721 1843 alterius
1741 1810 1850 1854 dispo‹

1094 1864 1218 1896 sitionis
1239 1864 1278 1897 de
1300 1864 1365 1897 illis
1390 1875 1407 1897 a
1442 1864 1527 1897 dicta
1554 1864 1635 1897 Sede
1662 1864 1725 1897 iam
1750 1864 1850 1907 gratia

1094 1919 1176 1951 sacta
1194 1918 1291 1951 suerit
1307 1919 1409 1962 (quod
1432 1918 1538 1962 ipsum
1561 1918 1804 1951 attribuendum
1823 1923 1850 1950 et

1093 1972 1316 2015 quaerendum
1335 1972 1385 2005 1113
1400 1972 1475 2005 satis
1492 1983 1656 2016 superque
1678 1982 1746 2005 esse
1766 1978 1850 2006 certa

1094 2025 1175 2059 iuris
1196 2025 1468 2069 interpretatione
1493 2025 1683 2069 frequenter
1711 2026 1853 2059 deelara-

1094 2084 1161 2112 tum
1179 2081 1250 2123 est),
1266 2080 1320 2112 illa
1341 2085 1450 2113 tamen
1471 2081 1619 2113 conserre
1640 2080 1851 2119 contendant3

1093 2134 1214 2178 quade
1240 2145 1338 2167 eausa
1365 2134 1475 2167 multis
1496 2134 1655 2177 religione
1680 2140 1707 2167 et
1736 2134 1852 2178 pietate

1093 2188 1288 2231 insignibus,
1312 2188 1445 2232 quando
1472 2188 1491 2220 ii
1514 2194 1586 2233 post
1604 2194 1770 2221 ostensum
1788 2189 1851 2222 vir-

1095 2243 1171 2275 tutis
1192 2248 1221 2276 et
1252 2243 1419 2275 doctrinae
1452 2253 1529 2275 suae
1559 2242 1737 2286 specimen,
1755 2248 1851 2286 atque

1094 2296 1167 2328 inde
1188 2306 1336 2329 emensos
1356 2297 1483 2329 labores
1507 2301 1539 2329 et
1563 2301 1730 2340 sumptus,
1752 2296 1851 2329 bene-

1094 2349 1175 2382 fieiis
1191 2350 1286 2393 potiri
1300 2350 1468 2389 deberent,
1485 2350 1538 2383 alii
1556 2355 1849 2394 przeoccupatores,

1093 2403 1237 2441 obtentu
1250 2404 1435 2437 ordinariae
1457 2404 1850 2443 collationishuiusmodi,

1094 2459 1207 2485 contra
1233 2453 1454 2487 adversantur:
1487 2464 1557 2494 nos,
1594 2453 1763 2497 indignum
1790 2453 1847 2485 rati

1093 2503 1177 2545 quod
1202 2504 1356 2547 temporis
1382 2515 1486 2544 mora,
1509 2514 1605 2547 quam
1632 2504 1672 2537 ad
1697 2513 1847 2547 perscru-

1094 2552 1226 2584 tandum
1247 2553 1433 2586 accuratius
1448 2553 1559 2585 talium
1576 2553 1784 2596 probitatem,
1800 2552 1848 2583 in-

1093 2601 1248 2635 dustriam
1269 2608 1297 2635 01
1321 2602 1382 2635 alia
1398 2603 1552 2646 requisita
1574 2601 1774 2635 intercedere
1790 2611 1848 2644 pro

1093 2650 1232 2685 utilitate
1251 2651 1414 2686 Ecclesiae
1434 2663 1566 2687 necesse
1587 2658 1646 2693 est,
1669 2651 1778 2684 locum
1800 2649 1848 2682 111-

1742 232 1807 267 143
1866 232 1917 261 An.
1935 232 2049 261 C.1590
