2226 3070
49 289 100 317 Aa.
117 291 146 317 C.
167 290 232 317 1587

247 351 319 373 rum
340 339 541 382 generalium
563 337 639 370 dit-ti
661 337 751 380 regni
772 346 831 380 pro
847 341 997 379 ,tempore

246 392 463 432 existentium,
493 390 714 424 contractibus
734 389 853 422 illicitis
884 389 997 422 huius-

247 446 334 479 modi
350 445 506 479 revocatis
517 450 546 478 et
562 444 750 483 annullatis,
769 449 875 476 etnon
891 443 995 483 aliter,

247 509 301 533 eos
321 499 376 543 qui
402 499 434 531 in
456 509 608 532 censuras
625 504 654 530 et
676 507 795 541 poenas
810 496 998 529 huiusmodi

247 553 462 586 incurrissent
500 551 665 584 absolvere
696 556 845 593 possent;
873 560 999 583 omnes-

247 617 311 651 que
331 610 526 646 contractus,
534 605 628 647 vulgo
644 605 858 648 quietamenti
874 614 999 636 nuncu-

248 665 352 704 patos,
375 669 412 692 eo
433 659 465 691 in
487 668 587 700 regno
607 668 625 690 a
645 656 882 689 mercatoribus
903 657 935 689 in
961 668 998 689 u-

248 723 319 746 sum
340 712 555 748 introductos.
573 710 706 743 omnino
717 710 914 753 reprobavit3
927 721 1000 754 pro-

98 771 234 823 szffflones
249 766 357 799 hibuit
380 775 510 808 quoque
531 775 571 797 ne
601 763 794 797 tabelliones
816 763 864 797 vel
881 764 1000 797 notarii

49 809 108 854 3232
133 808 234 854 Πῖἓῖιῗὲζ
248 818 382 863 publici,
411 819 475 851 sive
501 817 677 862 apostolica
703 817 750 850 vel
772 817 931 861 imperiali
952 818 998 850 vel

48 864 232 922 ζζξῗιζζζξζᾞζξ
247 872 310 905 alia
324 882 533 916 quacumque
553 871 652 904 creati
673 876 779 904 essent
797 871 999 911 auctoritate,

48 933 100 948 ΕΜ
117 927 231 954 thibuss·
248 925 381 969 aliquod
406 925 660 958 instrumentum
693 924 866 964 conficere,
893 925 941 958 vel
969 925 1000 958 in

248 979 465 1024 protocollum
494 979 655 1022 redigere,
683 984 737 1011 ant
756 978 898 1022 aliquam
920 978 1001 1011 scri-

248 1039 391 1077 pturam,
406 1033 502 1066 etiam
524 1033 692 1076 privatam,
708 1032 848 1076 desuper
859 1032 1002 1065 conscri-

247 1087 325 1120 bere
353 1097 413 1131 pro
440 1087 567 1120 cautela
591 1086 745 1130 simplici,
771 1086 927 1119 auderent
954 1086 1000 1119 vel

248 1146 507 1184 praesume1·ent;
526 1140 551 1173 si
572 1150 663 1173 secus
683 1140 838 1180 facerent,
853 1139 884 1172 in
900 1139 1001 1172 tabel-

249 1193 360 1234 liones,
379 1199 544 1237 tamquam
565 1193 690 1226 crimen
710 1193 780 1226 falsi
797 1193 1002 1226 committen-

248 1253 307 1288 tes,
329 1244 543 1280 animadverti
565 1247 677 1287 voluit,
700 1252 800 1290 utque
824 1247 864 1280 ad
889 1247 1001 1280 eadem

248 1306 279 1335 et
302 1301 364 1334 alia
383 1312 612 1346 quaecumque
633 1311 769 1334 munera
788 1300 1001 1345 publicasque

248 1354 432 1388 functiones
448 1360 607 1399 perpetuo
628 1354 787 1388 inhabiles
808 1359 925 1394 essent;
948 1365 1002 1387 eos

76 1418 131 1439 neos
163 1420 232 1438 autem
246 1419 334 1449 vero,
352 1409 407 1451 qui
426 1409 459 1442 in
479 1409 589 1453 aliquo
610 1408 851 1452 praedictorum
872 1414 1001 1441 contra·

48 1454 233 1502 ssffisslssz⁰ss¹¹¹lffss¹j
248 1462 406 1503 venirent,
436 1468 565 1506 praeter
589 1465 764 1495 sententias
788 1467 819 1495 et
834 1472 1000 1502 censuras,

50 1516 100 1538 ''¹¹¹‘'
114 1513 151 1532 ’Μ
173 1517 233 1532 '⁵⁰¹¹‘
247 1515 720 1549 anathematiacmaledictioni
730 1522 892 1555 aeternae,
905 1526 1002 1558 quam

55 1546 72 1563 's
110 1545 130 1563 io
168 1543 179 1563 b
197 1549 208 1562 n
226 1551 234 1556 -

48 1546 233 1627 {ffijgtgzlgffini-
248 1580 285 1603 ex
305 1574 396 1614 parte
416 1569 648 1613 omnipotentis
666 1569 721 1602 Dei
747 1569 779 1602 in
800 1569 928 1613 scriptis
953 1574 1003 1601 tu-

202 1622 205 1625 ’
247 1624 296 1664 lit,
318 1624 416 1657 etiam
437 1624 588 1657 infamiae
609 1629 798 1668 perpetuae,
817 1635 853 1656 ac
874 1623 1002 1656 crimini

249 1678 428 1721 monopolii
459 1682 489 1711 et
514 1677 732 1710 indebitarum
758 1683 789 1710 et
808 1677 1002 1710 iniustarum

249 1742 437 1771 usurarum,
464 1731 687 1765 confiscationi
709 1737 739 1764 et
759 1731 931 1775 privationi
948 1731 1004 1763 bo-

247 1796 365 1818 norum
381 1795 667 1829 quorumcumque
680 1785 899 1818 immobilium
912 1789 940 1817 et
954 1784 1002 1816 in·

248 1838 518 1872 risdictionalium
536 1844 568 1872 et
588 1839 762 1872 feudorum
775 1838 908 1871 omnino
927 1837 1003 1870 sub-

247 1892 358 1933 iectos,
373 1898 403 1926 et
414 1904 432 1926 a
447 1893 564 1926 Christi
577 1903 714 1936 corpore
727 1898 755 1925 et
775 1892 937 1926 Ecclesiae
950 1893 1003 1926 Dei

248 1947 370 1980 unitate
381 1952 557 1991 separatos,
580 1957 617 1980 ac
638 1946 726 1979 omni
748 1951 778 1980 et
794 1957 1004 1990 quocumque

233 2001 405 2035 beneficio
426 2007 455 2034 et
476 2001 598 2037 officio.
625 2000 844 2034 ecclesiastico
871 2001 917 2033 vel
935 2011 1004 2033 sae-

247 2055 363 2096 culari,
386 2054 449 2088 sive
470 2054 639 2098 temporali
652 2054 715 2087 sive
731 2059 891 2098 perpetuo
905 2081 913 2093 ,
935 2054 1005 2098 ipso

247 2108 317 2141 iure
337 2109 489 2152 privatos,
512 2114 543 2142 et
567 2108 606 2141 ad
627 2108 682 2141 illa
707 2107 868 2141 inhabiles
887 2118 954 2140 esse
976 2112 1006 2140 et

247 2162 315 2195 l‘ore
336 2162 446 2195 statuit
457 2167 488 2195 et
499 2161 722 2201 declaravit;et
732 2161 764 2193 in
773 2161 903 2194 casibus
915 2171 1006 2204 prae-

247 2215 342 2248 dictis
359 2215 597 2248 absolutionem
610 2225 627 2247 a
639 2214 798 2248 sententia
816 2225 1005 2247 excommu-

248 2268 419 2302 nicationis
433 2269 491 2301 ‚itii
510 2274 541 2301 et
560 2268 706 2301 Romano
725 2268 884 2308 Pontifici,
908 2278 1004 2311 prae-

248 2328 395 2366 terquam
410 2322 442 2355 in
454 2322 567 2355 mortis
574 2322 724 2360 articulo,
735 2321 920 2361 reserravi13
932 2321 1004 2353 alia-

248 2387 312 2419 que
329 2377 485 2409 nonnulla
507 2376 593 2409 circa
623 2375 800 2419 praemissa
829 2375 1003 2415 ordinavit,

250 2440 324 2463 cum
335 2430 374 2462 de
386 2430 432 2463 sic
457 2429 644 2468 iudicando,
667 2439 704 2461 ac
724 2428 862 2461 irritanti
885 2434 916 2461 et
935 2428 1007 2461 aliis

250 2478 406 2519 decretis,
429 2478 697 2522 derogationibus
727 2489 763 2511 ac
789 2477 941 2511 clausulis
975 2489 1007 2509 a-

249 2528 376 2569 diectis,
405 2534 504 2572 prout
533 2528 564 2560 in
595 2526 739 2561 eiusdem
770 2526 884 2559 litteris
910 2526 1006 2559 latius

200 2594 207 2600 ‚
249 2583 446 2611 continetur.

294 2627 309 2670 ᾗ
329 2626 360 2660 2.
389 2626 468 2660 Cum
491 2632 612 2667 autem,
634 2625 717 2659 sicut
736 2625 830 2658 nobis
849 2635 956 2669 nuper
967 2624 1006 2657 si-

252 2675 417 2720 gnificavit
437 2674 624 2712 carissimus
643 2674 676 2708 in
700 2674 826 2708 Christo
843 2673 930 2707 silius
951 2683 1006 2707 no-

909 282 1012 306 stht's
1024 282 1053 304 V.
1077 281 1124 305 PF.

1683 272 1742 305 261
1806 282 1856 308 An.
1875 281 1903 308 c.
1924 281 1989 308 1587

1039 339 1104 369 ster
1128 334 1298 377 Philippus
1324 333 1551 376 Hispaniarum
1574 344 1625 365 rex
1656 333 1790 366 catholi-
1846 342 1955 369 νιηιψρω
1971 342 1987 362 ιι

1040 400 1107 429 cuS,
1126 393 1256 433 optatus
1277 388 1349 420 linis
1360 387 1636 420 hisincommodis
1653 398 1688 419 cx
1701 398 1792 430 prae·
1807 374 1991 426 gffissifflmsffu:

1041 443 1144 476 missis
1176 453 1240 475 non
1271 440 1474 481 successerit,
1510 451 1570 473 nec
1603 451 1661 484 per
1689 438 1989 489 dictasssssjssssssffigsstfflm·

1041 498 1325 541 praedecessorum
1352 494 1540 528 huiusmodi
1567 494 1688 527 litteras
1719 494 1793 527 satis
1924 486 1929 493 ’

1042 551 1205 595 provisum
1228 549 1336 589 fuerit,
1359 554 1453 592 atque
1471 548 1540 592 ipse
1573 548 1605 580 in
1635 553 1792 580 conventu

1041 615 1097 637 seu
1119 603 1266 644 consilio,
1293 603 1378 646 quod
1406 602 1514 636 Cortex
1535 601 1667 642 dicitur,
1690 612 1795 645 nuper

1042 658 1074 690 in
1093 658 1213 701 oppido
1234 657 1272 690 de
1290 658 1422 690 Monson
1440 656 1470 688 in
1492 655 1658 700 praedicto
1680 665 1793 697 regno,

1042 712 1074 744 in
1101 722 1159 744 sua
1179 711 1362 755 praesentia
1383 710 1559 749 celebrato,
1586 709 1729 753 gravium
1765 715 1793 742 et

1042 775 1151 797 rerum
1192 765 1389 808 experientia
1432 763 1605 806 insignium
1651 762 1794 796 virorum

1043 817 1178 850 consilio
1200 822 1326 850 mature
1346 817 1503 857 adhibito,
1522 816 1695 860 quamdam
1717 826 1794 849 con-

1042 871 1241 904 stitutionem
1258 882 1314 903 seu
1335 871 1490 911 edictum,
1509 870 1538 903 F
1540 881 1651 902 uerum
1671 880 1796 903 nuncu-

1043 930 1165 969 patum,
1189 924 1456 968 promulgaverit,
1484 934 1542 967 per
1566 934 1663 966 quam
1690 923 1794 966 gravi-

1042 978 1103 1011 bus
1131 989 1167 1011 ac
1192 978 1311 1011 severis
1337 978 1450 1021 poenis
1479 977 1591 1010 talium
1624 977 1795 1010 hominum

1042 1031 1174 1073 avaritia
1190 1037 1219 1064 et
1236 1031 1397 1076 cupiditas
1414 1036 1596 1070 coercetur,
1609 1036 1707 1074 atquc
1720 1030 1798 1063 huic
1812 1030 1863 1049 ⁵⁸¹³*
1879 1029 1980 1056 mmm*

1043 1086 1128 1118 malo
1149 1085 1213 1118 iam
1234 1086 1309 1118 satis
1319 1095 1500 1128 congruum
1513 1084 1692 1117 remedium
1705 1084 1797 1117 adhi-

1042 1139 1145 1172 bitum
1167 1139 1326 1172 rideatur.

1088 1193 1103 1236 ξ
1127 1194 1160 1226 3.
1187 1193 1262 1233 Nos,
1285 1192 1505 1226 existimantes
1531 1203 1590 1236 per
1614 1192 1692 1225 tales
1721 1202 1797 1235 poe·
1839 1202 1997 1236 Quassus-1⁸

1044 1257 1100 1279 nas
1129 1247 1324 1291 temporales
1350 1246 1478 1279 abunde
1499 1245 1663 1290 provisum
1689 1245 1797 1285 fuisse,
1813 1232 1997 1284 fflfw'ff'ffifl]

1044 1306 1073 1333 et
1096 1301 1298 1333 attendentes
1317 1299 1461 1343 gladium
1488 1298 1798 1332 excommunicatio·
1814 1294 1998 1352 ffg'fflffdpfgffgssf

1044 1353 1093 1385 nis
1132 1353 1238 1386 sobrie
1282 1363 1464 1396 magnaque
1508 1351 1800 1397 circumspectione

1045 1408 1262 1440 exercendum
1276 1417 1356 1447 esse,
1374 1417 1412 1440 ac
1432 1407 1524 1439 facile
1551 1406 1677 1439 evenire
1708 1415 1799 1449 posse

1044 1466 1079 1494 ut
1091 1461 1288 1504 complures,
1305 1460 1375 1493 eius
1394 1460 1441 1493 rei
1461 1460 1578 1503 ignari,
1596 1460 1626 1492 in
1645 1460 1798 1502 laqueum

1046 1515 1161 1548 misere
1178 1515 1371 1555 inciderent,
1386 1514 1495 1547 multis
1504 1515 1600 1548 etiam
1614 1514 1685 1546 talis
1696 1524 1800 1557 poena

1045 1568 1223 1612 perniciem
1246 1568 1354 1612 potius
1385 1568 1498 1601 afferat
1528 1578 1625 1611 quam
1651 1568 1800 1606 salutem,

1045 1622 1191 1655 ciusdem
1219 1621 1360 1665 Philippi
1396 1622 1481 1666 regis
1521 1622 1674 1666 precibus
1706 1621 1799 1654 incli-

1046 1675 1124 1715 nati,
1150 1676 1272 1708 litteras
1298 1675 1429 1708 Adriani
1451 1680 1481 1708 et
1501 1674 1646 1718 Gregorii
1665 1674 1800 1718 praede-

1046 1740 1211 1762 cessorum
1250 1728 1457 1767 huiusmodi,
1494 1739 1634 1772 quarum
1673 1733 1802 1760 tenores

1046 1783 1272 1827 praesentibus
1291 1782 1403 1816 haberi
1424 1783 1576 1815 volumus
1592 1793 1650 1826 pro
1670 1793 1801 1825 expres-

1047 1837 1099 1876 sis,
1125 1848 1224 1881 super
1245 1836 1432 1880 praemissis
1452 1836 1566 1875 editas,
1590 1836 1621 1868 in
1643 1840 1800 1879 quantum

1047 1890 1390 1924 excommunicationis
1420 1890 1612 1923 sententiam
1642 1900 1698 1922 seu
1724 1889 1802 1922 alias

1047 1955 1201 1978 censuras
1221 1950 1250 1978 et
1280 1955 1400 1988 poenas
1425 1943 1661 1977 ecclesiasticas
1690 1949 1802 1976 contra

1047 1998 1231 2042 praedictos
1256 1998 1417 2041 infligunt,
1446 2003 1476 2031 et
1507 1998 1539 2030 in
1571 1997 1617 2030 eis
1651 2002 1801 2030 contenta

1047 2062 1293 2095 quaecumque,
1334 2051 1526 2084 auctoritate
1571 2050 1801 2094 praesentium,

1047 2111 1207 2149 perpetuo
1229 2115 1430 2145 revocamus,
1450 2115 1614 2137 cassamus
1635 2110 1664 2136 et
1685 2104 1803 2136 annul-

1048 2160 1165 2200 lamus,
1183 2159 1399 2202 volumusque
1421 2159 1491 2191 illas
1512 2158 1594 2191 vires
1606 2163 1637 2191 et
1653 2157 1802 2190 effectum

1048 2213 1087 2246 dc
1108 2218 1219 2246 cetero
1241 2223 1305 2245 non
1326 2212 1458 2251 habere,
1483 2222 1601 2255 easque
1622 2212 1740 2252 nullas,
1764 2211 1804 2243 ir-

1049 2266 1138 2306 ritas,
1157 2266 1313 2299 invalidas
1332 2277 1369 2299 ac
1389 2265 1512 2298 nullius
1528 2265 1653 2298 roboris
1673 2265 1720 2298 vel
1739 2277 1805 2297 mo-

1049 2319 1147 2352 menti
1169 2329 1237 2352 esse
1258 2319 1478 2359 derernimus,
1501 2319 1636 2363 perinde
1657 2330 1694 2352 ac
1720 2319 1744 2351 si
1765 2318 1805 2351 ab

1048 2372 1169 2405 eisdem
1191 2372 1494 2416 praedecessoribus
1515 2382 1577 2405 non
1591 2377 1805 2410 emanassent,

1048 2436 1112 2458 non
1133 2425 1336 2458 obstantibus
1349 2426 1469 2459 eisdem
1483 2425 1610 2466 litteris,
1624 2424 1804 2468 ceterisque

1049 2474 1221 2506 contrariis
1241 2475 1517 2518 quibuscumque.

1092 2524 1107 2566 ξ
1131 2523 1163 2556 4.
1191 2524 1229 2556 [Τι
1250 2528 1359 2556 autem
1377 2529 1562 2567 praesentes
1583 2524 1707 2558 litterae
1729 2524 1804 2557 saci·
1845 2529 1920 2565 flamm
1944 2533 2002 2549 ¹¹³¹*-

1048 2572 1110 2605 lius
1136 2573 1175 2605 ad
1201 2573 1348 2606 omnium
1383 2572 1531 2606 notitiam
1566 2573 1801 2617 perducantur,
1818 2564 1905 2611 ,ssfflm
1943 2561 2001 2582 “e“

1049 2622 1199 2655 volumus
1221 2628 1253 2655 ut
1279 2633 1390 2656 earum
1420 2623 1578 2666 exempla,
1615 2621 1708 2656 etiam
1743 2621 1802 2654 im-

1048 2682 1172 2717 pressa,
1197 2676 1256 2705 ecc.

1861 935 1994 962 statutisque

1811 966 1994 993 corporatit».1me-

1812 999 1844 1018 nis
1867 998 1915 1018 huic
1939 997 1993 1017 mulo
