2226 3070
71 325 122 352 An.
140 325 170 352 C.
186 324 254 352 ¹587

103 758 259 778 tinum-inlisit»-

75 790 181 813 omnihus,
205 795 258 815 qui-ie

75 823 137 846 gesta
153 822 207 843 (unt,
223 824 261 839 re-

75 851 261 877 censitisqnepri-

74 881 160 907 vilegiis
179 881 260 901 lucte—

77 919 115 934 nus
138 913 261 936 concessit,

924 326 1028 350 SlXTUS
1052 327 1081 349 V.
1106 326 1153 349 ΓΡ.

271 378 357 421 piam
378 378 441 410 alio
466 377 592 411 defectu
618 378 735 413 notari,
760 379 957 421 impugnari,
973 388 1022 411 re-

272 431 401 464 tractari
436 437 488 463 aut
521 431 664 464 revoc-ari
699 432 886 464 nullatenus
915 442 1020 475 posse,

271 484 325 517 sed
351 495 481 529 semper
504 484 624 518 validas
657 490 687 517 et
715 485 861 518 efficaces
886 486 1020 521 futuras,

272 548 411 581 suosque
433 537 564 571 effectus
589 538 752 581 plenarios
777 538 886 571 sortiri
906 539 1024 571 debere

272 591 528 631 decreverimus,
546 595 577 624 et
596 590 685 625 alias.
709 596 806 633 prout
827 591 962 624 indictis
976 591 1026 624 lit-

274 644 349 677 teris
374 644 503 688 plenius
523 642 720 676 continetur.

317 698 332 741 g
360 697 390 730 2.
413 697 458 730 Ne
479 702 587 730 autem
607 697 646 730 de
673 697 927 740 praemissorum
952 697 1027 729 vali-

275 750 373 783 ditate
393 750 460 783 ullo
472 760 616 793 unquam
634 755 780 792 tempore
801 749 1028 782 dubitari11·on-

277 803 389 845 tingat,
412 808 557 836 nostram
581 802 689 835 denuo
711 802 743 834 in
764 803 949 845 praemissis
969 813 1027 835 au-

276 856 456 889 ctoritatem
481 856 701 899 interponere,
729 856 895 900 ipsiusque
926 856 1028 888 archi-

276 908 551 942 confraternitatis
581 909 810 942 auctoritatem
834 909 1027 949 extendere,

276 972 313 995 ac
328 961 420 1006 pium
431 962 594 995 dictorum
605 962 806 995 confratrum
817 962 1030 1006 Chordigero-

276 1026 348 1048 rum
361 1015 565 1059 propositum
583 1015 724 1058 amplius
742 1026 946 1059 promovere,
961 1027 1030 1049 eos-

275 1079 339 1112 que
355 1068 582 1113 spiritualibus
597 1069 800 1109 muneribus,
822 1069 1031 1112 indulgentiis

277 1122 426 1156 videlicet
458 1128 489 1155 et
522 1127 730 1166 peccatorum
764 1122 1029 1162 remissionibus,

278 1176 431 1220 prosequi
447 1175 628 1220 cupientes,
643 1175 936 1219 supplicationibus
955 1176 1032 1209 dicti

278 1229 453 1262 Clementis
472 1229 532 1262 hac
554 1230 586 1262 in
607 1235 697 1273 parte
718 1229 876 1269 inclinati,
904 1230 1032 1263 institu-

279 1284 400 1316 tionem
419 1283 619 1324 liuiusmodi,
638 1283 816 1327 apostolica
841 1284 1033 1316 auctoritate

281 1336 423 1379 praefata
457 1341 568 1369 tenore
600 1336 839 1379 praesentium,
876 1342 1035 1381 perpetuo

280 1389 568 1434 approbaverimus
589 1395 619 1422 et
635 1390 948 1431 confirmaverimus,
963 1401 1037 1434 sup-

281 1444 407 1488 plentes
428 1453 542 1476 omnes
563 1449 593 1476 et
615 1443 761 1486 singulos
772 1449 836 1476 tam
852 1444 1037 1487 iurisquam

281 1496 357 1530 facti
375 1495 533 1537 defectus,
557 1497 581 1529 si
602 1496 657 1539 qui
678 1497 912 1530 intervenerint
933 1497 965 1529 in
979 1497 1039 1530 eis-

282 1550 368 1590 dem,
391 1550 492 1593 ipsam
517 1549 910 1584 archiconfraternitatem
933 1551 964 1583 in
986 1562 1039 1584 ca—

283 1608 341 1646 put
365 1603 511 1636 omnium
538 1603 843 1636 confraternitatmn
868 1603 1041 1647 Chordige-

284 1667 393 1690 rorum
407 1656 594 1690 huiusmodi
616 1656 753 1690 ubilibet
773 1656 996 1690 institutarum
1012 1663 1041 1690 et

285 1710 562 1744 instituendarum
577 1710 674 1743 etiam
696 1716 868 1755 perpetuo,
897 1712 1040 1745 auctori-

285 1769 350 1797 tate
370 1770 400 1797 et
426 1769 538 1797 tenore
559 1764 758 1807 praemissis,
786 1765 987 1798 erexerimus
1012 1772 1039 1798 et

286 1817 538 1858 instituerimus,
561 1828 741 1862 omnesque
768 1824 797 1851 ct
822 1818 966 1861 singulas
996 1819 1044 1851 in-

286 1871 468 1915 dulgentias
489 1877 519 1904 et
540 1876 748 1915 peccatorum
781 1872 988 1905 remissiones
1014 1878 1043 1905 et

286 1925 502 1958 relaxationes
523 1924 683 1967 Religioni
711 1931 740 1958 et
765 1925 877 1958 Ordini
907 1928 1042 1958 fratrum

287 1977 446 2010 Minorum
464 1977 652 2011 huiusmodi
671 1989 729 2021 per
746 1989 971 2022 quoscumque
986 1978 1045 2012 Ro—

289 2041 401 2063 manos
421 2030 595 2064 Pontifices
621 2031 889 2074 praedecessores
918 2038 1046 2065 nostros

289 2095 326 2117 ac
346 2095 404 2117 nos
434 2095 616 2126 concessas,
651 2085 758 2129 quoad
789 2096 843 2119 eas
863 2086 1043 2126 dumtaxat,

291 2148 374 2182 quae
406 2138 564 2171 hactenus
591 2148 656 2171 non
685 2144 760 2171 sunt
780 2145 966 2180 revocatae,
986 2149 1046 2172 nec

291 2192 351 2224 sub
375 2191 451 2224 ullis
485 2191 745 2225 revocationibus
775 2193 1044 2236 comprehensae,

292 2245 412 2278 eisdem
428 2245 621 2278 auctoritate
632 2251 661 2278 et
674 2251 799 2285 tenore,
810 2245 958 2278 similiter
973 2256 1047 2289 per-

1706 316 1770 350 ‘285

1064 378 1244 411 caverimus
1262 384 1289 410 et
1307 377 1432 419 elargiti
1446 377 1618 413 t'uei·imus;
1634 388 1760 410 necnon
1778 379 1817 410 de

1064 431 1295 475 omnipotentis·
1323 430 1376 462 Dei
1404 430 1626 463 misericordia
1646 441 1683 463 ac
1709 431 1818 464 beato-

1066 495 1135 516 rmu
1158 484 1242 517 Petri
1265 490 1293 516 ct
1319 483 1409 516 Pauli
1426 484 1647 527 apostolorum
1669 483 1738 516 cius
1764 495 1818 516 au-

1066 538 1212 570 ctoritate
1221 537 1346 577 confisi,
1358 537 1527 580 utriusque
1541 546 1634 569 sexus
1646 537 1818 569 confratri-

1066 591 1124 622 bus
1151 590 1424 633 Cliordigerorum
1451 589 1655 630 huiusmodi,
1693 596 1821 633 praeter

1067 643 1284 687 indulgentias
1312 644 1472 687 Religioni
1502 645 1666 687 praefatae
1691 654 1822 677 conces-

1067 707 1128 731 sas,
1152 697 1184 728 in
1211 697 1323 729 mortis
1348 698 1498 733 articulo,
1535 707 1662 730 necnon
1695 697 1823 740 quoties

1068 749 1330 791 processionibus
1343 750 1711 783 arcliiconfraternitatis
1722 750 1822 783 Chor-

1069 801 1256 843 digerorum
1284 802 1471 835 huiusmodi
1497 803 1631 845 singulis
1658 803 1825 836 mensibus

1069 854 1139 887 fieri
1170 855 1271 888 solitis
1298 855 1517 893 interfuerint,
1541 856 1661 889 eisdem
1692 857 1825 899 quidem

1070 907 1288 941 confratribus
1309 909 1487 951 plenariam
1505 910 1650 942 omnium
1678 916 1827 954 peccato-

1072 972 1144 993 rum
1154 971 1290 994 suorum
1313 961 1548 1005 indulgentiam
1561 967 1589 995 et
1602 963 1826 996 remissionem

1072 1019 1232 1058 perpetuo
1254 1016 1535 1055 concesserimus;
1558 1015 1628 1049 aliis
1661 1027 1736 1050 vero
1764 1028 1828 1050 non

1073 1067 1301 1108 confratribus,
1330 1068 1386 1111 qui
1420 1064 1682 1112 processionibus
1718 1069 1830 1103 huius-

1074 1121 1162 1154 modi
1184 1121 1400 1157 iutcrfuerint,
1426 1128 1561 1155 centum
1588 1133 1690 1155 annos
1715 1123 1754 1156 de
1779 1123 1828 1156 in-

1074 1174 1193 1208 iunctis
1214 1175 1258 1207 cis
1279 1176 1326 1208 vel
1348 1176 1427 1208 alias
1447 1176 1695 1219 quomodolibet
1716 1176 1832 1209 debitis

1076 1229 1284 1272 poenitentiis
1306 1229 1560 1263 misericorditer
1580 1229 1612 1262 in
1631 1229 1766 1263 Domino
1783 1241 1832 1264 re-

1075 1282 1302 1323 laxaverimus;
1317 1293 1351 1315 ac
1364 1282 1516 1326 praefatis
1530 1283 1758 1321 confratribus,
1776 1283 1832 1327 qui

1077 1335 1147 1368 aliis
1172 1335 1277 1369 dictae
1309 1336 1680 1369 archiconfraternitatis
1700 1347 1832 1380 proces-

1078 1388 1236 1430 sionibus,
1251 1390 1393 1422 autdum
1409 1389 1524 1422 Beatae
1534 1389 1651 1422 Mariae
1667 1390 1714 1422 vel
1732 1390 1835 1433 quod-

1078 1444 1124 1476 vis
1145 1443 1232 1476 aliud
1254 1443 1398 1476 divinum
1419 1442 1563 1476 officium
1584 1453 1643 1486 per
1658 1443 1744 1487 ipsos
1760 1454 1836 1476 con-

1079 1497 1194 1530 fratres
1217 1496 1435 1539 Cliordigeros
1457 1496 1659 1533 recitabitur,
1684 1496 1837 1529 interfue-

1080 1550 1165 1590 rint,
1203 1560 1239 1582 ac
1269 1549 1396 1593 quoties
1428 1549 1675 1582 Sanctissimum
1719 1549 1836 1582 Christi

1081 1604 1218 1647 Corpus,
1236 1603 1313 1636 dum
1335 1603 1472 1636 infirmis
1492 1603 1648 1639 defertur,
1662 1603 1711 1636 vel
1725 1603 1838 1636 defun-

1082 1663 1170 1690 ctum
1200 1657 1239 1689 ad
1272 1657 1473 1701 sepulturam
1508 1656 1750 1696 associaverint,
1783 1663 1836 1689 aut

1083 1711 1180 1744 alicui
1219 1710 1395 1743 miserabili
1427 1720 1587 1754 personae
1617 1709 1836 1745 subvenerint.
1883 1702 1885 1704 ¹

1082 1764 1130 1797 vel
1156 1774 1270 1808 pacem
1297 1764 1380 1796 inter
1406 1763 1557 1796 inimicos
1582 1763 1836 1806 composuerint,

1084 1828 1139 1851 seu
1170 1817 1303 1861 aliquod
1328 1818 1446 1851 horum
1472 1816 1619 1857 fecerint,
1647 1817 1742 1850 toties
1763 1827 1839 1850 cen-

1084 1876 1152 1904 tum
1169 1871 1237 1905 dies
1251 1872 1290 1904 de
1306 1870 1462 1903 iniunctis
1474 1870 1519 1903 eis
1530 1876 1586 1903 aut
1606 1870 1686 1903 alias
1706 1880 1843 1914 quomo-

1085 1925 1205 1958 dolibet
1227 1924 1344 1957 debitis
1370 1923 1578 1968 poenitentiis
1603 1923 1699 1956 etiam
1720 1922 1844 1956 miseri-

1087 1978 1230 2012 corditer
1263 1977 1295 2010 in
1326 1977 1464 2011 Domino
1492 1977 1758 2017 relaxaverimus,
1781 1976 1843 2010 eis-

1087 2033 1225 2074 demque
1248 2031 1464 2064 confratribus
1484 2030 1702 2073 Chordigeris,
1733 2034 1768 2062 ut
1792 2030 1843 2062 in—

1088 2084 1272 2127 dulgentias
1314 2090 1342 2117 et
1382 2089 1594 2128 peccatorum
1638 2082 1846 2116 remissiones

1088 2139 1248 2183 praefatas
1268 2148 1326 2181 per
1344 2137 1477 2170 modum
1499 2136 1642 2179 suffragii
1663 2147 1722 2179 pro
1743 2136 1845 2169 fideli-

1088 2193 1159 2228 bus,
1183 2191 1238 2236 qui
1266 2191 1297 2223 in
1322 2190 1425 2233 gratia
1450 2190 1506 2223 Dei
1534 2189 1745 2227 decesserint,
1768 2200 1846 2223 con-

1089 2245 1180 2290 sequi
1202 2251 1231 2278 et
1254 2243 1415 2288 impertiri
1426 2244 1551 2277 valeant
1573 2242 1843 2277 concesserimus.

1831 328 1884 354 An.
1900 327 1928 353 C.
1949 327 2015 354 1587

292 2304 391 2343 petuo
425 2298 716 2342 approbaverimus
742 2304 772 2331 et
808 2299 1050 2332 confirmaveri-

294 2363 377 2393 mus,
400 2363 436 2385 ac
451 2351 514 2385 illis
535 2358 712 2396 perpetuae
733 2358 765 2385 et
784 2352 978 2385 inviolabilis
992 2352 1048 2385 fir-

294 2406 413 2439 mitatis
425 2406 526 2439 robur
541 2405 769 2443 adiecerimus,
789 2406 926 2449 illasque
947 2406 1051 2439 arehi-

295 2458 552 2492 confraternitati
574 2464 604 2491 et.
632 2458 850 2492 confratribus
874 2459 1051 2501 Chordige-

295 2519 407 2542 rorum
432 2508 639 2547 huiusmodi,
659 2508 719 2540 sub
751 2508 874 2541 eisdem
899 2509 996 2541 modo
1022 2514 1049 2541 et

296 2558 410 2597 forma,
435 2556 555 2600 quibus
576 2557 649 2589 illae
668 2557 828 2600 Religioni
850 2563 880 2590 ct
900 2556 1053 2590 fratribus

297 2606 449 2650 praefatis
477 2616 649 2639 concessae
684 2607 837 2643 fuerunt,
874 2606 1052 2639 dummodo

295 2656 345 2697 (ut
364 2655 561 2700 praefertur)
586 2665 652 2688 non
674 2655 794 2689 fuerint
815 2661 994 2691 revocatae,
1019 2665 1052 2688 e-

297 2704 373 2737 tiam
395 2709 554 2748 perpetuo
579 2704 846 2745 concesserimus,
873 2703 1055 2737 eommuni-

1089 2299 1127 2333 Ut
1158 2299 1286 2332 facilius
1312 2298 1361 2331 liis
1381 2297 1577 2343 specialibus
1603 2296 1714 2340 gratiis
1734 2307 1847 2330 omnes
1887 2307 1984 2343 asnjam
2004 2313 2045 2332 ς.-

1091 2352 1319 2385 christifideles
1340 2351 1372 2384 in
1392 2350 1527 2384 diversis
1547 2349 1634 2383 orbis
1653 2355 1759 2383 terrae
1775 2360 1848 2394 par·
1859 2339 2045 2396 ξ’,ξζζζζῑῗζζζῗζῖ

1091 2406 1177 2439 tibus
1202 2405 1374 2438 existentes
1393 2405 1535 2448 gaudere
1554 2403 1689 2448 possint,
1713 2410 1743 2437 et
1768 2404 1846 2437 duni
1862 2400 2046 2453 ζιῗιᾞζᾱᾞζίξῗζ

1093 2459 1232 2503 copiosis
1249 2460 1529 2502 eleemosynarum
1542 2457 1769 2501 largitionibus
1785 2457 1848 2490 fra·
1861 2462 2046 2497 servuntiafacut-

1093 2514 1157 2541 tres
1177 2508 1315 2541 Minores
1335 2508 1375 2541 de
1399 2507 1606 2540 Observantia
1632 2506 1772 2539 maximo
1792 2506 1848 2539 de·
1861 2494 2046 2546 ffiffmssffiffl

1093 2557 1232 2589 votionis
1252 2556 1369 2590 affectu
1390 2556 1536 2600 quotidie
1555 2556 1655 2596 alunt,
1668 2556 1707 2588 ab
1727 2555 1848 2588 eisdem
1862 2557 2045 2608 s‘.{¹“(;¹.“³¹‘⁵··

1094 2605 1274 2649 spiritualia
1294 2605 1452 2638 beneficia
1472 2605 1505 2638 in
1525 2605 1654 2648 signum
1674 2603 1847 2647 gratitudi-
1863 2594 1923 2614 ΠΜ
1941 2594 1955 2608 ¹'

1094 2655 1142 2687 nis
1163 2654 1308 2698 recipere
1327 2655 1464 2694 valeant;
1490 2652 1782 2698 supplicationibus
1802 2651 1849 2685 di-

1095 2704 1168 2737 lecti
1194 2704 1252 2737 filii
1281 2702 1444 2737 Francisci
1475 2715 1493 2737 a
1519 2702 1680 2744 Tholosa,
1709 2700 1847 2739 ministri
