2226 3070
206 266 257 294 An.
275 267 303 294 C.
319 267 387 294 1590

236 668 314 694 Aquam
327 672 391 693 prae—

209 700 285 719 dictam
307 699 331 718 de
354 703 391 716 ru*

210 732 255 748 tei-0
268 729 391 753 iii-petian—

211 762 251 783 tes,
270 759 393 782 itti-ungre-

209 792 295 815 gntioue
320 789 392 808 cardi-

209 821 286 840 nalium
311 821 393 844 signiti-

210 854 264 873 rent.

238 1055 393 1081 reici—espos-

211 1098 249 1111 uas
264 1094 338 1110 muti-a
356 1091 393 1109 in-

210 1123 337 1143 obedientes
361 1122 395 1141 in-

211 1156 281 1173 novat.

267 1458 396 1478 Yisntatores

214 1492 239 1510 de
264 1494 396 1511 contraven-

215 1523 308 1543 thonitrus
318 1522 398 1540 rui-ent.

247 1990 327 2016 Quibus
355 1995 406 2014 pro-

223 2024 300 2047 pterea
350 2020 406 2039 saia.

223 2052 277 2072 rium
293 2052 407 2072 constituit⁴

448 255 512 289 1822

1007 258 1183 284 BULLARIUM
1209 258 1359 282 ROMANUM

1978 254 2030 281 An.
2047 253 2077 281 C.
2094 253 2163 281 1590

404 318 522 351 elicere
543 316 807 360 praesumpserit,
830 315 855 347 si
881 313 1073 346 domicellus
1094 311 1162 343 fue·
1203 310 1316 354 aequis
1341 309 1547 353 portionibus
1563 309 1786 350 dividendum,
1806 314 1963 354 perpetuo

406 366 456 406 rit,
482 366 579 406 mille,
616 366 640 398 si
662 365 824 398 inferioris
845 362 981 401 ordinis,
1004 361 1162 404 quingen-

406 421 512 447 torum
531 425 724 448 aurerorum
751 424 854 456 poena
875 412 906 443 in
929 410 1062 453 singulis
1084 408 1162 441 casi-

405 465 465 497 bus
485 464 685 502 huiusmodi,
708 463 775 495 sine
792 462 857 493 ulla
875 458 1073 493 remissionis
1092 468 1161 501 spe,

406 514 575 556 exigenda,
590 519 617 545 et
640 513 672 544 in
699 509 877 553 supradicti
901 508 1008 551 operis
1032 518 1162 551 repara-

407 562 527 595 tionem
549 560 777 599 convertenda,
801 558 968 602 puniatur.

452 612 466 654 ξ
491 610 545 643 ll.
564 611 721 642 Volumus
742 608 836 641 etiam
855 613 885 640 et
904 607 944 639 ita
963 606 1163 643 mandamus,

407 661 493 703 quod
512 659 614 702 siquis
634 658 730 690 etiam
756 656 860 700 pretio
879 656 927 689 vel
957 654 1083 687 liberali
1105 654 1165 686 lar-

407 709 527 749 gitione
548 718 565 740 a
590 706 683 740 nobis
703 707 750 738 vel
777 704 1018 738 suecessoribus
1048 702 1165 735 nostris

406 767 522 800 aquam
554 755 744 795 obtinuerit,
776 760 924 787 teneatur
956 752 1060 785 eidem
1087 762 1165 783 con-

407 805 587 848 gregationi
614 804 829 837 cardinalium
860 801 1053 844 rescriptum
1079 799 1167 832 cxlii-

408 855 497 893 bere,
524 859 555 886 et
586 853 669 885 infra
691 863 833 885 mensem
856 852 897 884 ibi
930 849 1094 893 registrari
1121 850 1165 881 sa-

409 913 495 943 cere;
517 912 582 945 quo
603 912 666 934 non
688 901 830 934 exhibito
851 906 882 933 et
898 910 962 932 non
983 899 1164 940 registrato,

409 952 511 995 gratia
532 952 666 985 omnino
688 951 830 993 privatus
855 954 1037 982 censeatur.

454 1002 468 1044 ἓ
494 999 547 1034 «102.
572 1001 609 1033 Et
629 1000 660 1032 in
682 1000 731 1032 liis
751 998 902 1032 omnibus
923 1008 959 1029 ac
986 995 1057 1029 aliis
1077 995 1167 1028 simi-

410 1051 494 1083 libus
506 1049 634 1082 casibus
648 1048 728 1081 nulli
743 1059 841 1091 super
858 1046 1045 1080 huiusmodi
1065 1055 1169 1088 poena

409 1099 534 1132 veniam
551 1104 606 1130 aut
622 1097 844 1130 remissionem
866 1096 958 1128 liccat
982 1095 1166 1137 impetrare.

409 1148 440 1181 Si
458 1147 537 1190 quid
554 1153 660 1179 autem
678 1147 772 1179 etiam
790 1146 860 1178 iure
877 1143 1043 1178 conununi
1060 1142 1169 1175 Urbis-

410 1211 473 1244 que
485 1199 610 1233 statutis
621 1198 659 1230 de
673 1197 884 1229 custodiendo
902 1195 1103 1239 aquaeducto
1112 1194 1170 1225 sub

412 1249 578 1294 quibusvis
600 1247 713 1292 poenis
725 1247 938 1280 constitutum
952 1250 1010 1284 est,
1029 1244 1058 1277 id
1076 1254 1171 1276 omne

413 1301 473 1332 bac
496 1298 656 1342 praesenti
678 1302 787 1329 nostra
808 1294 1037 1328 constitutione
1055 1303 1170 1337 perpe-

414 1355 469 1381 tuo
496 1348 699 1380 innovamus.

458 1398 472 1439 ,ξ
498 1396 550 1430 13.
579 1396 615 1429 Et
636 1401 669 1428 ut
697 1395 729 1427 in
748 1393 900 1427 omnibus
926 1392 1054 1425 casibus
1074 1402 1173 1434 supra

413 1440 583 1490 expressis,
607 1457 656 1485 ea,
674 1455 756 1488 quae
773 1449 891 1476 statuta
903 1447 988 1479 sunt,
1003 1442 1174 1474 observen-

414 1502 478 1535 tur,
501 1501 532 1528 et
558 1501 670 1527 contra
692 1493 916 1526 inobedientes
947 1490 1080 1523 omnino
1103 1501 1175 1533 pro-

415 1545 558 1582 cedatur,
570 1544 720 1576 volumus
734 1541 912 1585 utprael‘ati
930 1542 994 1573 duo
1016 1539 1099 1572 cives
1118 1540 1175 1571 llo-

416 1594 502 1626 mani
523 1593 702 1625 visitatores
729 1590 905 1634 praemissa
926 1589 1098 1632 diligenter
1122 1599 1176 1627 eu-

416 1642 528 1675 stodiri
543 1646 669 1678 curent;
685 1647 716 1674 et
732 1640 858 1684 quoties
872 1650 964 1671 casus
983 1644 1175 1671 contraven—

417 1692 513 1724 tiouis
527 1691 681 1730 evenerit,
696 1700 804 1723 eoram
824 1689 909 1721 dicta
925 1687 1176 1730 congregatione

417 1740 632 1773 cardinalium
654 1749 862 1782 comparere,
886 1743 913 1770 et
936 1742 1048 1769 contra
1073 1741 1177 1769 trans-

419 1800 582 1831 gressores
596 1800 653 1832 pro
662 1788 771 1821 damni
786 1786 991 1831 reparatione
1007 1791 1036 1818 et
1055 1786 1179 1829 praesa-

420 1844 524 1870 tarum
547 1848 725 1882 poenarum
758 1837 790 1870 in
820 1836 949 1869 eosdem
982 1835 1176 1867 intlietarum

420 1888 610 1919 executione
631 1898 666 1919 ex
685 1886 792 1919 officio
814 1886 933 1919 instare
953 1891 1135 1918 teneantur.

466 1936 481 1979 ἓ
501 1935 554 1968 14.
578 1936 642 1968 Etsi
664 1941 771 1968 autem
791 1936 951 1978 praelatos
972 1934 1055 1967 cives
1076 1945 1132 1966 sua
1149 1940 1180 1966 et

422 1985 543 2029 patriae
560 1996 656 2018 causa
668 1984 776 2017 omnia
791 1994 931 2027 semper,
950 1989 981 2016 et
995 1983 1074 2016 haec
1089 1994 1180 2027 prae-

422 2034 532 2067 sertim
545 2044 629 2078 quae
646 2034 686 2066 ad
704 2033 797 2067 Urbis
818 2038 968 2065 ornatum
985 2038 1014 2065 et
1034 2032 1180 2075 isporum

422 2096 460 2117 ae
486 2085 625 2118 aliorum
648 2084 764 2117 civium
786 2084 1008 2116 Romanorum
1035 2093 1181 2116 comnio—

423 2133 557 2166 ditatem
578 2133 715 2166 maxime
733 2137 890 2178 spectant,
914 2138 1027 2175 sponte
1048 2143 1106 2165 sua
1127 2143 1182 2165 cu-

424 2188 564 2222 raturos,
594 2182 830 2226 diligenterque
857 2187 887 2215 et
903 2181 1041 2214 fideliter
1069 2192 1183 2214 execu-

426 2236 516 2263 turos
535 2232 632 2275 plane
656 2232 870 2271 confidamus;
902 2237 1010 2264 tamen
1036 2237 1069 2263 ut
1092 2230 1123 2262 in
1145 2241 1182 2263 eo

426 2290 563 2313 munere
583 2280 734 2314 obeundo
756 2280 862 2314 minus
887 2279 1062 2323 dispendii,
1084 2290 1182 2323 quam

426 2329 497 2363 lieri
509 2330 622 2373 possit,
640 2331 818 2374 patiantur,
837 2331 909 2364 loca
924 2330 1084 2364 sexdecim
1099 2331 1183 2363 eius-

427 2379 501 2411 dem
522 2379 637 2412 Montis
667 2379 833 2422 religionis
853 2391 870 2413 a
890 2380 997 2420 nobis,
1029 2385 1064 2412 ut
1089 2389 1183 2423 prae-

428 2434 542 2474 fertur,
563 2434 660 2473 aucti,
681 2444 826 2467 annuum
852 2434 992 2467 reditum
1018 2439 1184 2467 scutorum

429 2491 560 2519 centum
578 2487 690 2529 viginti
709 2488 818 2528 trium,
835 2494 865 2521 et
880 2488 1130 2521 bononenorum
1143 2487 1186 2520 vi-

429 2540 509 2582 ginti
523 2541 764 2581 constituentia,
784 2552 842 2585 per
857 2542 1090 2585 depositarium
1104 2542 1187 2575 eius-

431 2595 503 2627 dem
526 2595 639 2628 Montis
659 2596 698 2628 de
719 2595 833 2628 ordine
854 2600 884 2628 et
909 2596 1062 2628 mandato
1082 2596 1187 2628 dictae

432 2649 690 2693 congregationis
710 2649 971 2693 persolvendum,
988 2655 1019 2683 et
1031 2649 1115 2683 inter
1134 2660 1188 2683 eos

1204 359 1414 392 concedimus
1434 363 1465 391 et
1489 358 1702 399 assignamus.

1250 408 1264 450 g
1286 408 1338 440 15.
1362 407 1577 439 Decer1ientes
1603 406 1779 450 praemissa
1803 408 1913 440 omnia
1934 414 1964 441 ct

1205 455 1332 497 singula
1353 466 1408 498 per
1433 466 1488 487 eos
1510 456 1548 488 ad
1570 466 1651 498 quos
1671 461 1793 498 spectat
1814 462 1844 489 et
1865 456 1897 488 in
1918 456 1965 488 sn-

1207 511 1314 537 turum
1334 505 1504 547 spectabit,
1524 505 1661 537 tirmiter
1679 510 1709 537 et
1726 504 1876 538 inviolate
1894 516 1966 549 per-

1207 559 1304 597 petuo
1339 554 1501 586 observari
1532 553 1673 593 debere;
1707 564 1743 585 ae
1776 553 1904 586 irritum
1937 560 1968 587 ct

1207 603 1301 635 inane
1320 603 1344 635 si
1366 613 1459 635 secus
1473 613 1570 646 super
1588 602 1636 634 liis
1656 613 1673 634 a
1689 613 1867 650 quoquam,
1885 614 1966 646 qua-

1209 652 1253 684 vis
1278 652 1491 690 auctoritate,
1522 651 1662 684 scienter
1687 652 1733 684 vel
1764 652 1965 694 ignoranter,

1207 701 1402 742 contingerit
1430 701 1590 734 attentari.

1252 751 1266 792 ἓ
1289 750 1340 783 16.
1369 750 1437 782 Non
1459 750 1660 783 obstantibus
1681 750 1968 783 constitutionibus
2009 762 2118 782 Clausulas
2135 763 2168 781 ,ιμ-

1208 804 1234 831 et
1271 799 1532 831 ordinationibus
1561 799 1767 842 apostolicis,
1801 810 1837 832 ac
1867 799 1969 843 ipsius
1983 794 2100 846 {fsf‘ffffl‘ffi'
2130 794 2168 813 ‘¹⁸¹‘

1208 848 1361 880 Caniciae
1383 847 1643 880 ordinationibus
1664 853 1691 881 et
1714 848 1902 892 privilegiis,
1922 849 1970 882 iu-

1210 902 1380 935 ramento,
1407 897 1657 929 confirmatione
1687 898 1886 941 apostoliea,
1922 899 1969 930 vel

1210 945 1322 988 quavis
1343 946 1494 978 firmitati¹
1516 945 1578 978 alia
1599 946 1770 987 roboratis,
1797 947 1922 980 statutis
1942 952 1973 980 et

1211 994 1513 1034 consuetudinibus,
1542 1001 1572 1027 et
1592 995 1679 1037 longi
1702 996 1857 1039 temporis
1878 1007 1971 1040 prae-

1210 1042 1401 1085 scriptione,
1429 1043 1609 1087 ceterisque
1637 1045 1808 1077 contrariis
1836 1046 1972 1089 quibus-

1212 1102 1364 1135 cumque.
1389 1092 1544 1125 Volumus
1565 1093 1699 1136 insuper
1716 1100 1903 1137 praesentes
1922 1095 1973 1128 lit-

1213 1146 1296 1173 teras
1317 1141 1349 1173 in
1370 1141 1467 1173 valvis
1492 1142 1727 1182 Lateranensis‚
1751 1143 1974 1188 principisque

1213 1191 1434 1233 apostolorum
1454 1190 1492 1223 dc
1510 1191 1594 1224 Urbe
1609 1192 1831 1233 basilicarum,
1852 1198 1887 1226 ut
1907 1204 1974 1226 mo-

1215 1239 1257 1272 ris
1278 1245 1336 1279 est,
1364 1240 1449 1282 affigi
1478 1247 1506 1273 et
1533 1241 1706 1283 publicari,
1737 1248 1764 1275 et
1788 1243 1819 1274 in
1840 1243 1973 1276 Camera

1214 1288 1396 1331 Apostoliea
1420 1289 1503 1321 inter
1529 1295 1650 1323 ceteras
1678 1298 1835 1334 perpetuo
1859 1292 1974 1325 valitu-

1215 1347 1265 1368 ras
1294 1337 1543 1370 constitutiones
1573 1339 1711 1371 det-ribi
1739 1345 1767 1372 et
1796 1341 1972 1384 registrari,

1216 1386 1471 1430 earumdemque
1504 1388 1722 1430 praesentium
1749 1391 1972 1434 transumptis,

1216 1434 1311 1466 etiam
1347 1435 1530 1478 impressis,
1569 1448 1664 1470 manu
1701 1439 1817 1471 notarii
1854 1440 1975 1483 publici

1216 1484 1418 1527 subscriptis,
1450 1492 1477 1518 et
1501 1485 1606 1528 sigillo
1628 1498 1784 1530 personae
1815 1489 1846 1521 in
1867 1489 1976 1532 digni-

1219 1538 1281 1565 tate
1313 1534 1531 1567 ecclesiastica
1562 1536 1756 1569 constitutae
1786 1538 1974 1581 obsignatis,

1219 1583 1359 1625 plenarii,
1385 1583 1416 1615 in
1447 1584 1569 1617 iudicio
1598 1591 1627 1617 et
1649 1591 1737 1618 extra
1764 1586 1858 1626 illud,
1878 1587 1975 1620 tidem

1218 1632 1377 1671 adbiberi,
1395 1634 1528 1676 perinde
1546 1646 1581 1666 ac
1597 1635 1675 1678 ipsis
1688 1636 1905 1678 originalibus
1920 1637 1977 1669 ad-

1220 1681 1398 1723 hiberetur,
1415 1683 1439 1714 si
1457 1690 1560 1716 essent
1576 1684 1735 1718 exhibitae
1754 1686 1800 1717 rel
1818 1691 1974 1718 ostensae.

1264 1732 1348 1764 Nulli
1370 1744 1459 1773 ergo,
1482 1742 1539 1766 etc.

1264 1781 1377 1813 Datum
1405 1783 1523 1815 llomac
1549 1785 1633 1827 apud
1656 1785 1808 1818 Sanctum
1835 1785 1978 1825 Petrum,

1220 1841 1305 1863 anno
1340 1832 1574 1865 incarnationis
1595 1834 1778 1867 dominicae
1806 1834 1978 1867 millesimo

1220 1879 1482 1922 quingentesimo
1520 1883 1749 1925 nonagesimo,
1775 1893 1804 1916 xl
1828 1883 1980 1917 kalendas

1223 1930 1341 1969 martii,
1367 1930 1574 1973 pontificatus
1596 1933 1695 1965 nostri
1718 1944 1803 1965 anno
1822 1943 1852 1966 v.

1222 1981 1244 2019 †
1269 1979 1334 2021 Ego
1364 1979 1488 2020 Smrrs,
1517 1982 1694 2015 catholicae
1724 1982 1887 2016 Ecclesiae
1911 1983 1980 2027 epi-
2021 1982 2092 2019 *¹1³⁶
2127 1982 2178 2002 '¹¹¹¹‘

1267 2038 1395 2071 scopus,
1418 2030 1605 2074 subscripsi.
1995 2018 2093 2042 ”upum

2049 414 2162 441 t'taumtn‘s

1980 454 2152 479 praeservativa-s

1980 484 2073 510 appatuit.
