2226 3070
48 234 102 269 An.
115 240 143 268 c.
161 232 229 269 4588

48 999 162 1020 Ptotitbitio
177 1004 230 1018 con-

46 1032 129 1052 rennui
145 1032 231 1052 canoni-

47 1067 105 1084 catus
121 1066 142 1083 vt
166 1068 231 1090 prae—

50 1095 131 1115 tiendus
153 1101 176 1115 uc
200 1095 232 1115 di-

46 1128 138 1151 gnitates
157 1126 232 1147 ecele—

46 1159 90 1178 siue
105 1156 232 1178 Valentius·

47 1189 126 1215 spuriis
146 1192 179 1209 aut
203 1189 230 1209 il<

47 1220 139 1245 legitime
170 1220 230 1245 natis,

47 1252 109 1271 ettam
126 1252 230 1277 legitimu-

47 1283 75 1302 tls
96 1286 130 1302 11111
152 1282 229 1303 natali-

48 1313 85 1333 bus
101 1315 212 1334 restitutis.

907 240 1011 265 sntrus
1030 240 1048 264 v
1067 241 1116 265 PP.
1708 232 1744 266 31

245 297 275 325 et
294 292 420 326 divinae
457 298 488 326 et
520 293 680 327 humanae
714 303 851 327 numero
871 304 908 327 ac
928 294 999 327 aliis

246 346 356 389 gratiis
380 347 510 380 abunde
532 347 799 392 locupletavimus
820 353 850 381 et
869 348 999 381 decora-

246 400 360 433 vimus.
375 400 453 433 Nam
468 400 557 441 inibi,
579 401 661 434 sicut
674 401 872 444 accepimus,
886 412 922 434 cx
934 413 999 444 quo

246 453 285 486 ad
317 454 527 488 canonicatus
554 460 584 488 et
608 455 811 498 praebendas
835 465 871 487 ac
892 454 998 497 digni-

247 513 325 540 tates
349 508 536 541 huiusmodi
564 509 662 541 semel
693 508 737 541 sic
767 508 874 541 minus
903 508 997 551 digne

246 561 400 604 assumpti
421 567 505 601 sunt,
525 561 732 604 postmodum
748 572 899 594 successu
921 567 998 594 tem-

248 614 335 657 poris
356 614 394 646 ad
408 614 538 658 publica
559 614 726 655 ccclesiae,
750 614 886 648 civitatis
906 619 936 648 et
950 626 998 647 re-

246 667 298 709 gni
324 667 485 700 Valentiae
518 667 660 709 gerenda
685 668 796 700 munia
821 668 927 708 electi;
964 673 999 701 ut

247 720 436 763 plurimum,
460 725 611 763 paternae
646 721 898 755 incontinentiae
924 722 996 754 inii-

246 779 375 813 tatores,
400 773 542 816 quietem
562 775 724 818 publicam
742 781 772 808 et
792 781 909 808 statum
922 786 996 809 coe-

246 832 389 859 terorum
400 826 464 860 Deo
476 827 703 861 famulantium
717 829 906 872 perturbare
923 839 998 862 con-

245 885 429 913 sueverunt.

289 934 304 977 5
324 933 355 966 1.
378 934 440 967 Nos
452 934 561 978 igitur,
579 935 766 969 huiusmodi
782 936 997 969 incommodis

246 997 305 1031 pro
330 993 441 1021 nostro
462 989 630 1032 pastoralis
642 989 739 1022 officii
757 990 864 1023 debito
885 1001 999 1023 occur-

246 1050 329 1081 rere,
352 1046 383 1073 et
403 1046 438 1074 ut
457 1042 606 1076 homines
627 1043 756 1076 illarum
773 1044 913 1087 partium
929 1044 998 1087 (qui

246 1094 307 1127 liae
331 1105 386 1138 spe
406 1095 446 1128 ad
471 1095 554 1129 filios
578 1097 707 1141 spurios
727 1096 758 1130 in
793 1103 924 1141 peccato
950 1098 998 1140 gi-

245 1148 390 1191 gnendos
410 1155 484 1181 sunt
508 1150 749 1193 propensiores)
770 1161 806 1184 eo
828 1151 929 1194 magis
942 1151 998 1184 ab·

246 1201 386 1235 stineant
404 1213 422 1235 a
443 1203 549 1236 carnis
577 1204 706 1247 flagitiis
729 1215 794 1248 quo
815 1215 892 1238 suae
912 1205 996 1249 proli

245 1254 306 1288 boc
331 1255 492 1299 refugium
527 1258 734 1300 praeclusum
765 1269 833 1292 esse
857 1259 996 1300 videant,

245 1308 415 1352 providere
430 1310 583 1351 volentes,
598 1312 790 1345 auctoritate
806 1313 996 1356 apostolica,

245 1367 356 1396 tenore
377 1365 608 1408 praesentium,
622 1366 792 1400 statuimus
816 1371 846 1399 et
870 1367 999 1400 ordina-

246 1427 317 1450 mus
328 1418 416 1460 quod
433 1418 586 1464 deinceps
606 1421 773 1464 perpetuis
789 1420 906 1454 futuris
918 1426 997 1454 tem-

247 1470 391 1513 poribus,
415 1472 542 1515 quoties
562 1474 771 1507 canonicatus
792 1480 822 1507 et
840 1475 998 1518 praeben-

246 1524 301 1556 das
320 1535 376 1557 seu
397 1525 569 1568 dignitates
593 1526 698 1561 dictae
714 1528 869 1561 ecclesiae
883 1529 998 1562 Valen-

248 1577 343 1617 tinae,
366 1590 425 1623 per
443 1590 568 1613 cessum
590 1591 646 1613 seu
667 1581 812 1625 quamvis
833 1582 929 1614 aliam
950 1582 996 1615 di-

247 1630 445 1673 missionem,
459 1633 554 1666 etiam
576 1645 613 1666 cx
625 1645 722 1667 causa
737 1636 997 1678 permutationis,

245 1685 291 1717 vel
317 1685 523 1719 amissionem
545 1693 600 1720 aut
629 1688 765 1729 obitum,
793 1688 887 1721 etiam
913 1689 999 1733 apud

244 1737 359 1771 Sedem
399 1740 630 1783 Apostolicam,
664 1752 720 1774 seu
757 1742 790 1775 in
821 1742 930 1786 aliquo
963 1754 999 1776 ex

244 1791 421 1833 mensibus,
444 1793 477 1826 in
498 1794 615 1838 quibus
639 1795 874 1829 beneficiorum
895 1797 999 1830 eccle-

244 1845 447 1879 siasticorum
488 1848 657 1891 dispositio
696 1849 789 1882 nobis
828 1855 858 1882 et
896 1850 1000 1884 dictae

244 1899 316 1932 Sedi
343 1910 401 1943 per
425 1901 672 1935 constitutiones
708 1909 834 1937 nostras
863 1904 1001 1948 desuper

243 1953 344 1987 editas
363 1960 419 1987 aut
447 1956 530 1989 alias
559 1957 805 1999 quomodolibet
842 1965 1001 1992 reservata

244 2006 360 2049 existit,
400 2014 457 2041 aut
490 2010 663 2043 ordinariis
701 2011 909 2044 collatoribus
943 2023 1002 2056 per

243 2061 489 2096 constitutiones
502 2063 694 2107 apostolicas
715 2070 770 2097 aut
782 2065 1000 2099 Cancellariae

243 2115 448 2159 Apostolicae
470 2118 609 2160 regulas,
645 2118 692 2151 vel
713 2119 836 2152 litteras
860 2120 1000 2153 alterna-

243 2168 382 2202 tivarum
404 2171 451 2204 vel
465 2182 693 2216 quaecumque
714 2172 883 2216 privilegia
904 2179 934 2206 et
950 2174 1000 2206 in-

244 2222 333 2256 dulta
353 2225 531 2268 apostolica
544 2226 701 2259 hactenus
713 2232 768 2259 aut
779 2237 838 2270 pro
850 2232 1000 2272 tempore

244 2287 397 2311 concessa
418 2279 526 2319 suerit,
540 2290 654 2313 vacare
675 2280 859 2324 contigerit,
875 2281 1000 2314 etiamsi

244 2337 317 2364 actu
339 2343 427 2366 nunc
453 2334 559 2367 lorsau
581 2334 696 2377 quovis
716 2335 813 2367 modo
834 2335 934 2379 aliqui
954 2336 1000 2369 vel

245 2388 373 2431 aliquae
395 2398 432 2420 ex
457 2388 502 2421 eis
522 2394 649 2429 vacent,
667 2388 729 2431 ipsi
750 2389 959 2423 canonicatus
972 2396 1002 2422 et

244 2437 448 2480 praebendae
474 2448 510 2470 ac
531 2437 703 2480 dignitates
723 2438 826 2471 dictae
847 2439 1001 2473 ecelesiae

244 2486 443 2527 Valentinae‚
483 2487 581 2520 alicui
607 2487 654 2520 vel
690 2487 864 2531 aliquibus,
888 2489 942 2531 qui
966 2500 1001 2521 ex

245 2536 388 2578 legitimo
405 2542 436 2569 et
446 2547 520 2569 vero
533 2537 740 2570 matrimonio
762 2538 923 2580 procreati
936 2549 1001 2570 non

246 2585 318 2626 sint,
344 2586 463 2629 spuriis
483 2591 536 2618 aut
564 2586 733 2627 illegitime
753 2586 869 2628 genitis
890 2587 1000 2629 (etiam

245 2635 433 2679 apostolica,
456 2635 630 2677 imperiali,
646 2635 735 2678 regia
748 2636 795 2669 vel
812 2636 922 2679 quavis
935 2635 999 2669 alia

1041 294 1231 327 auctoritate
1259 293 1454 337 legitimatis,
1486 299 1543 326 aut
1567 294 1728 328 natalibus
1765 302 1795 329 et.

1042 347 1212 391 primaevis
1234 347 1360 380 iuribus
1380 352 1515 380 naturae
1545 347 1714 387 restitutis,
1738 360 1796 392 per

1041 412 1099 434 nos
1117 407 1146 434 ct
1164 411 1364 434 successores
1385 406 1510 434 nostros
1532 401 1694 435 Romanos
1714 402 1795 435 Pon-

1041 454 1142 487 titices
1160 465 1215 487 seu
1242 455 1280 488 de
1301 455 1400 488 latere
1421 455 1552 497 legatos,
1573 456 1621 487 vel
1643 466 1730 489 nunc
1764 462 1792 489 et

1041 518 1100 550 pro
1121 514 1265 552 tempore
1295 509 1483 542 existentem
1510 509 1793 554 archiepiscopum

1040 561 1254 602 Valentinum,
1273 568 1327 595 aut
1348 563 1427 596 alios
1446 563 1483 595 ad
1505 573 1587 606 quos
1612 562 1643 595 id
1663 563 1702 596 dc
1724 563 1794 596 iure

1039 615 1086 647 vel
1102 615 1181 648 alias
1202 616 1449 659 quomodolibet
1474 621 1596 660 spectat
1617 622 1648 649 et
1672 622 1795 660 specta-

1040 667 1085 700 bit
1106 668 1138 700 111
1159 669 1318 712 futurum)
1338 669 1479 702 conferri
1506 670 1594 703 nullo
1616 670 1713 703 modo
1738 670 1794 703 de-

1039 721 1147 754 beant.
1179 721 1395 756 Decernentes
1425 734 1462 756 ex
1496 729 1573 757 tunc
1613 734 1725 757 omnes
1764 730 1792 757 et

1040 774 1184 817 singulas
1205 776 1409 816 collationes,
1433 777 1633 821 provisiones
1651 784 1683 810 et
1697 788 1794 821 quas-

1039 828 1085 860 vis
1105 829 1183 862 alias
1204 829 1430 873 dispositiones
1459 831 1498 864 de
1524 832 1601 875 ipsis
1621 832 1794 865 canonica·

1041 881 1125 914 tibus
1155 888 1185 915 et
1209 883 1403 926 praebendis
1427 895 1464 917 ac
1489 884 1712 928 dignitatibus,
1737 897 1796 929 pro

1041 935 1117 981 ipsis
1142 936 1261 979 spuriis
1292 942 1323 970 et
1359 937 1524 980 illegitime
1553 939 1679 981 genitis,
1700 940 1795 972 etiam

1041 1000 1099 1034 per
1124 1000 1183 1023 nos
1207 1000 1263 1023 seu
1289 1001 1494 1024 successores
1523 997 1660 1032 nostros,
1683 998 1737 1025 aut
1757 993 1796 1025 de

1041 1044 1139 1077 latere
1161 1044 1283 1086 legatos
1303 1056 1360 1078 seu
1381 1045 1665 1089 archiepiscopum
1686 1046 1796 1079 Valen-

1044 1098 1160 1138 tinum,
1190 1104 1243 1131 aut
1276 1098 1356 1132 alios
1384 1099 1579 1143 praedictos,
1604 1100 1699 1133 etiam
1722 1111 1796 1133 cum

1041 1151 1206 1194 quibusvis
1228 1152 1383 1185 clausulis
1403 1159 1434 1186 et
1453 1153 1592 1187 decretis
1620 1153 1796 1192 faciendas,

1041 1205 1145 1238 nullas
1163 1211 1193 1238 et
1213 1205 1368 1239 invalidas
1389 1207 1577 1251 nulliusque
1600 1207 1727 1241 roboris
1748 1208 1795 1240 vel

1042 1260 1198 1293 momenti
1238 1261 1390 1301 existere,
1425 1261 1620 1306 nullumque
1655 1272 1713 1305 per
1746 1272 1798 1295 eas

1042 1312 1193 1356 cuiquam
1207 1313 1256 1347 ius
1276 1314 1416 1358 acquiri,
1430 1320 1486 1348 aut
1499 1315 1597 1348 etiam
1616 1315 1796 1348 coloratum

1042 1370 1175 1403 titulum
1197 1371 1382 1415 possidendi
1404 1372 1515 1405 tribui.

1085 1430 1100 1472 ἓ
1125 1429 1155 1462 2.
1179 1430 1222 1462 Ac.
1239 1437 1424 1474 praesentes
1445 1431 1568 1464 litteras
1588 1432 1647 1464 sub
1665 1432 1798 1476 quibus-

1042 1482 1087 1515 vis
1120 1483 1275 1516 similium
1305 1485 1352 1517 vel
1387 1484 1595 1517 dissimilium
1621 1485 1797 1528 gratiarum

1042 1538 1311 1579 revocationibus,
1332 1539 1613 1583 suspensionibus,
1637 1538 1799 1573 limitatio—

1042 1592 1149 1632 nibus,
1177 1592 1443 1635 derogationibus
1463 1598 1518 1625 aut
1538 1592 1609 1626 aliis
1629 1593 1799 1626 contrariis

1042 1645 1321 1689 dispositionibus,
1351 1657 1409 1690 per
1428 1657 1652 1690 quascumque
1677 1647 1800 1679 litteras

1042 1699 1096 1727 aut
1121 1694 1368 1728 constitutiones
1398 1696 1591 1739 apostolicas
1616 1706 1673 1729 seu
1695 1696 1799 1729 dictae

1042 1742 1260 1776 Cancellariae
1281 1744 1422 1787 regulam,
1447 1755 1504 1788 per
1532 1755 1590 1778 nos
1614 1751 1645 1778 et
1669 1756 1798 1779 succes-

1042 1803 1131 1826 sores
1158 1798 1296 1834 nostros,
1320 1804 1357 1826 ac
1385 1804 1421 1826 ex
1447 1800 1534 1828 certa
1554 1794 1688 1828 scientia
1708 1801 1740 1828 et
1759 1795 1798 1827 de

1043 1843 1240 1887 apostolicae
1256 1843 1421 1887 potestatis
1438 1844 1653 1888 plenitudine,
1671 1855 1799 1878 necnon

1044 1891 1327 1935 consistorialiter,
1369 1893 1464 1926 etiam
1499 1904 1573 1926 cum
1608 1894 1797 1927 earumdem

1044 1942 1263 1985 praesentium
1285 1942 1430 1987 speciali,
1444 1943 1596 1987 specifica
1606 1949 1636 1976 et
1648 1954 1799 1987 expressa

1044 1991 1219 2032 ment—ione,
1245 1992 1304 2025 sub
1342 1992 1604 2036 quibuscumque
1630 1993 1804 2026 tenoribus·

1044 2046 1074 2073 et
1094 2041 1216 2082 formis,
1238 2053 1274 2075 ac
1295 2053 1368 2075 cum
1386 2042 1566 2086 quibusvis,
1590 2042 1684 2075 etiam
1706 2043 1799 2076 dero—

1043 2089 1241 2132 gatoriarum
1269 2091 1493 2134 derogatoriis‚
1525 2091 1660 2135 aliisque
1690 2092 1798 2124 effica-

1044 2138 1186 2172 cioribus
1203 2146 1234 2173 et
1251 2140 1389 2173 insolitis
1406 2141 1561 2174 clausulis
1582 2140 1799 2173 irritantibus-

1043 2199 1105 2231 que
1134 2195 1165 2222 et
1199 2189 1268 2222 aliis
1289 2189 1439 2229 decretis,
1468 2190 1499 2222 in
1532 2200 1649 2233 genere
1682 2190 1730 2222 vel
1767 2190 1797 2222 in

1044 2238 1163 2282 specie,
1190 2239 1285 2272 etiam
1312 2245 1402 2272 motu
1434 2239 1567 2283 proprio
1587 2250 1624 2272 ac
1644 2239 1799 2272 consisto-

1044 2288 1178 2329 rialiter,
1201 2294 1232 2321 et
1269 2288 1347 2321 alias
1383 2289 1416 2321 in
1455 2288 1654 2322 contrarium
1691 2289 1797 2322 forsan

1043 2337 1291 2381 quomodolibet
1310 2349 1369 2382 pro
1386 2344 1533 2383 tempore
1555 2338 1646 2371 sactis
1671 2344 1701 2371 et
1721 2349 1798 2371 con-

1044 2387 1152 2427 cessis,
1171 2387 1305 2420 minime
1322 2388 1566 2432 comprehendi,
1598 2388 1651 2421 sed
1671 2398 1800 2432 semper

1044 2437 1082 2469 ab
1104 2437 1166 2469 illis
1186 2443 1334 2481 exceptas
1359 2437 1426 2471 sore
1456 2444 1486 2471 et
1506 2448 1586 2478 esse,
1614 2448 1650 2470 ac
1671 2437 1798 2481 quoties

1045 2496 1097 2518 eas
1118 2487 1261 2519 revocari
1274 2487 1323 2520 vel
1344 2487 1476 2520 limitari
1499 2487 1682 2529 contigerit,
1706 2486 1798 2519 toties

1044 2534 1074 2566 in
1097 2535 1271 2579 pristinum
1293 2542 1323 2569 et
1351 2536 1582 2570 validissimum
1603 2542 1719 2569 statum
1747 2547 1797 2568 re-

1043 2585 1171 2618 stitutas
1197 2591 1225 2619 et
1257 2587 1402 2630 plenarie
1434 2587 1645 2628 reintegratas
1670 2595 1738 2618 esse
1768 2590 1797 2617 et

1044 2645 1179 2669 censeri.

1809 241 1862 269 An.
1878 241 1907 269 C.
1925 242 1992 270 1588

1887 1436 1996 1457 clau-uta·

1814 1469 1996 1496 piuservativum
