2226 3070
52 311 102 337 An.
118 310 147 336 C.
168 308 230 335 1591

105 2384 245 2404 Piix'lttfl.tlli.w

63 2416 122 2435 reges
133 2411 246 2431 confrater-

64 2437 150 2457 uitatem
169 2437 193 2457 tle
208 2437 247 2457 Μὶ-

66 2463 182 2484 seriem-tia
217 2464 247 2483 in-

64 2489 182 2513 stituerunt,
207 2490 247 2515 pri-

65 2516 145 2541 uttegiis
164 2517 227 2542 opitm
240 2527 248 2531 -

65 2548 105 2568 que
140 2548 248 2568 promote·

67 2571 120 2589 rant.

848 308 1062 332 INNOCENTIUS
1082 309 1114 332 lx
1132 309 1182 331 ΡΙ).

251 362 280 389 te
301 357 340 389 ad
361 356 445 389 dicta
467 362 569 389 castra
599 356 810 400 personaliter
835 358 991 393 conseras,

251 411 445 453 illorumque
465 411 584 442 realem
606 415 633 442 et
652 410 809 442 actualem
823 409 995 453 possessio-

250 474 323 495 nem
342 468 452 495 nostro
483 469 513 495 et
540 463 692 496 Gamerae
713 463 914 506 Apostolicae
936 474 994 495 no-

251 516 400 553 minibus,
425 516 513 548 omni
531 527 623 548 mora
645 521 673 548 et
696 515 849 548 dilatione
862 522 993 559 postpo-

249 569 326 607 sitis,
351 569 458 613 capias
479 575 509 601 et
530 569 764 612 apprehendas:
780 580 816 601 ac
830 580 846 601 a
861 569 994 601 subditis

250 629 277 656 et
295 623 434 655 vassallis
446 628 624 655 castrorum
637 622 833 661 huiusmodi,
851 622 993 654 debitum

250 676 411 709 fidelitatis
439 676 655 708 iuramentum
687 675 833 718 recipias,
867 675 993 718 aliaque

251 729 345 763 facias
371 735 400 762 et
427 729 604 772 exequaris,
638 739 719 771 quae
750 728 782 760 in
812 727 995 770 praemissis

251 783 430 816 necessaria
456 788 486 815 et
506 788 687 826 opportuna
701 782 902 822 iudicaveris,
918 792 995 814 con-

253 836 356 869 trariis
377 847 442 869 non
463 836 664 869 obstantibus
685 836 955 879 spiiluiscumtpie.

296 890 409 922 Datum
430 890 550 922 Romae
569 889 653 932 apud
681 889 831 922 Sanctum
852 889 993 925 Petrum,

252 943 311 975 sub
329 943 449 976 annulo
466 942 647 981 Piscatoris,
678 941 728 974 die
760 952 791 974 tv
816 941 996 974 decembris

253 1006 362 1036 iinxct,
387 995 595 1039 pontificatus
612 994 712 1028 nostri
733 1004 817 1027 anno
838 1005 859 1027 1.

289 1057 347 1084 Dat.
368 1056 412 1083 die
426 1057 442 1083 4
458 1056 594 1083 decembr.
612 1057 690 1088 1591,
712 1056 808 1092 pontif.
826 1063 870 1082 an.
887 1062 906 1082 1.

609 1218 643 1250 V.

256 1317 481 1352 Committitur
518 1315 684 1349 cardinali
722 1315 893 1348 archidami
930 1315 1000 1348 Au-

298 1379 420 1418 striae,
455 1379 491 1411 in
518 1377 748 1421 Portugyallz'ac
772 1381 800 1410 ct
824 1377 1000 1421 Atquitu'o-

299 1452 372 1474 rum
394 1441 503 1484 reqm's
527 1440 565 1473 de
591 1440 689 1472 latere
715 1440 830 1483 Icsyato,
860 1444 894 1472 ut
920 1441 1000 1472 iusi-

299 1504 390 1547 gptia,
406 1507 503 1536 vestes
516 1507 545 1535 et
560 1502 678 1535 vexilla
693 1503 778 1534 inter
788 1503 1002 1545 confraterni-

302 1570 380 1599 tates
392 1565 451 1597 sub
466 1565 667 1597 invocatione
680 1566 800 1597 Beatae
813 1565 940 1597 Mariae
964 1565 1002 1597 de

301 1628 526 1661 Misericordia
557 1628 592 1659 in
623 1627 753 1659 civitate
790 1627 1002 1660 Uliscbonensi

301 1695 430 1731 crecta&
447 1690 643 1733 distinquat,
661 1690 796 1733 litesque
809 1690 895 1722 ‘inter
914 1690 1002 1733 ῐμςαε

302 1757 430 1787 exortas
442 1757 613 1796 componat
638 1753 657 1785 ¹.

257 1852 370 1880 Dilecto
390 1851 452 1879 filio
471 1853 574 1878 nostro
594 1851 714 1878 Alberto
743 1850 830 1878 tituli
855 1850 882 1877 S.
900 1850 1001 1878 Crucis

293 1907 324 1934 in
344 1906 531 1933 Hierusalem
545 1905 724 1939 presbytero
741 1904 886 1932 cardinali
901 1905 1003 1932 Archi-

293 1960 361 1988 duci
388 1959 526 1987 Austriae
548 1962 740 1992 nuncupato,
762 1961 793 1985 et,
814 1959 1002 1992 Apostolicae

293 2015 378 2042 Sedis
403 2014 434 2041 in
449 2012 652 2047 Portugalliae
674 2014 704 2039 et
723 2011 930 2046 Alqarbiorum
955 2020 1002 2039 re-

294 2068 360 2103 gnis
381 2068 416 2095 de
431 2068 527 2094 latere
543 2068 643 2101 legato

447 2139 661 2169 Innocentius
674 2138 768 2178 Papa
782 2138 842 2167 Ix.

272 2203 386 2231 Dilecte
406 2201 450 2229 fili
465 2204 580 2233 noster,
599 2202 731 2228 salutem
746 2203 777 2227 et.
791 2200 987 2234 apostolicam

507 2255 760 2283 benedictionem.

307 2331 323 2371 ξ
342 2329 371 2361 ’1.
396 2328 456 2361 Pro
470 2332 561 2371 parte
576 2325 754 2359 charissimi
769 2325 800 2357 in
812 2324 935 2358 Christo
949 2325 1005 2357 tilii

262 2382 361 2416 nostri
382 2380 520 2424 Philippi
541 2379 756 2421 Portugalliae
785 2384 814 2411 et
838 2378 1006 2420 Algarhio-

262 2447 335 2469 rum
356 2434 440 2477 regis
461 2432 610 2467 catholici
631 2431 724 2465 nobis
744 2431 923 2475 expositum
950 2431 1006 2464 suit

264 2489 362 2532 quod,
383 2498 456 2520 cum
477 2497 495 2519 a
516 2486 663 2530 pluribus
695 2485 785 2517 annis
819 2485 850 2517 in
883 2485 1007 2517 civitate

263 2540 481 2581 Ulixbonensi,
491 2540 596 2572 clarae
610 2538 785 2575 memoriae
796 2538 1008 2581 Portugalliae
1025 2559 1027 2573 ‚

265 2602 295 2629 et
315 2594 541 2637 Algarbiorum
563 2603 677 2635 regum
704 2602 802 2636 opera
827 2598 856 2624 et
881 2592 933 2635 pia
955 2592 1010 2624 de-

265 2648 404 2687 votione,
428 2657 492 2679 una
503 2646 635 2688 insignis
648 2646 706 2678 sub
719 2645 920 2678 invocatione
933 2645 1010 2677 Bea-

305 2713 314 2737 1
337 2709 375 2736 Ex
391 2710 496 2745 Regest.
512 2708 539 2735 in
554 2709 657 2735 Secret.
673 2707 807 2735 Brevium.

1020 2114 1151 2146 ieadem
1173 2112 1312 2153 civitate,
1342 2112 1558 2155 quorumdam
1580 2112 1675 2144 etiam
1699 2112 1779 2144 inse-

1678 297 1741 329 515»
1788 305 1966 332 An.c.1591

1031 361 1078 389 tae
1099 355 1214 388 Mariae
1236 355 1273 388 de
1286 354 1502 388 Misericordia
1516 355 1769 392 confraternitas,

1031 409 1060 441 in
1082 421 1144 452 qua
1165 409 1290 452 pietatis
1309 419 1407 451 opera
1429 408 1460 440 in
1477 409 1635 441 honorem
1648 408 1772 441 Domini

1029 463 1128 495 nostri
1149 463 1234 495 Iesus
1254 461 1368 495 Christi
1398 461 1684 504 sanctissimaeque
1706 461 1774 493 Yir-

1029 515 1110 555 einis
1128 514 1242 548 Mariae
1262 515 1329 547 eius
1354 514 1461 547 Matris
1490 520 1517 546 et
1551 514 1772 557 proximorum

1030 568 1197 601 utilitatem
1220 574 1248 600 et
1268 568 1477 600 commodum
1507 578 1565 611 per
1585 567 1670 599 illius
1698 578 1775 599 eon-

1029 621 1141 652 fratres
1167 626 1194 653 et
1223 621 1348 653 sodales
1367 620 1417 657 (in
1438 631 1577 663 (piorum
1603 631 1774 652 numerum

1030 674 1261 717 quamplurimi
1297 673 1455 706 nobilium
1487 679 1515 706 et
1545 673 1773 717 principalium

1031 726 1133 759 dictae
1159 726 1293 758 civitatis
1326 726 1467 759 virorum
1500 726 1650 769 descripti
1682 737 1774 769 repe-

1031 780 1171 813 riuntur)
1193 785 1418 811 mercerentur
1437 785 1477 819 ct,
1503 779 1588 811 iuxta
1615 779 1775 821 evangeli-

1032 844 1101 865 cam
1112 832 1303 868 doctrinam,
1320 832 1589 875 adimplerentur,
1605 833 1734 865 lundata
1746 837 1777 865 et

1033 885 1174 918 instituta
1195 885 1314 925 suisset,
1340 896 1436 928 quam
1451 885 1633 928 praedictae
1651 896 1775 918 memo-

1032 938 1097 971 riae
1119 938 1308 971 Emmanuel
1329 943 1359 970 et
1379 939 1513 970 Ioannes
1540 938 1608 971 eius
1628 938 1697 977 filii,
1723 939 1773 971 di-

1033 997 1157 1024 ctorum
1170 1001 1344 1033 regnorum
1359 1001 1461 1033 reges,
1480 991 1589 1023 multis
1603 991 1777 1034 privilegiis

1034 1050 1062 1077 et
1077 1044 1305 1077 donationibus
1323 1050 1492 1081 auxerunt,
1508 1044 1687 1086 magnificis
1701 1055 1778 1077 con-

1033 1097 1161 1130 structis
1182 1097 1321 1136 fabricis,
1343 1097 1540 1130 ornamentis
1553 1108 1588 1129 ac
1602 1108 1775 1140 paramen-

1034 1151 1072 1183 tis
1086 1150 1237 1192 elargitis,
1254 1150 1508 1193 amplificarunt,
1532 1149 1745 1193 plurimisque
1763 1162 1780 1182 a

1033 1204 1166 1237 summis
1178 1204 1330 1237 Romanis
1338 1204 1547 1237 Pontificibus
1559 1204 1695 1237 obtentis
1707 1215 1780 1247 gra-

1034 1258 1084 1291 tiis
1106 1264 1135 1290 et
1156 1257 1365 1299 indulgentiis
1386 1257 1429 1290 ita
1449 1257 1638 1290 munierunt
1657 1268 1692 1290 ac
1726 1258 1780 1290 de-

1035 1317 1198 1349 corarunt,
1222 1316 1255 1343 ut
1277 1316 1440 1344 crescente
1473 1311 1505 1343 in
1531 1311 1598 1344 dies
1628 1310 1780 1343 christifi-

1035 1364 1155 1397 delium
1177 1364 1347 1397 devotione
1375 1370 1403 1397 ct
1430 1364 1545 1397 affectu
1577 1375 1652 1406 erga
1677 1364 1777 1405 illam,

1035 1429 1071 1451 ex
1092 1417 1281 1450 eorumdem
1301 1417 1361 1461 piis
1380 1417 1591 1461 eleemosynis
1622 1428 1659 1450 ae
1684 1417 1781 1459 largi-

1035 1471 1176 1504 tiombus
1196 1471 1413 1514 undequaque
1435 1471 1576 1503 collectis
1595 1481 1654 1514 pro
1674 1471 1777 1514 capti-

1035 1524 1079 1557 vis
1100 1524 1308 1563 redimendis,
1332 1523 1530 1567 pauperibus
1560 1534 1596 1556 ac
1627 1523 1780 1566 orphanis

1037 1577 1213 1619 virginibus
1235 1577 1443 1617 collocandis,
1461 1576 1563 1609 viduis
1584 1582 1615 1609 et
1634 1576 1704 1609 aliis
1722 1577 1782 1608 mi-

1036 1631 1226 1664 serabilibus
1243 1630 1389 1674 personis
1415 1630 1630 1669 sublevandis,
1652 1629 1684 1662 in
1706 1641 1778 1662 car—

1037 1686 1162 1718 ceribus
1181 1684 1316 1717 detentis
1337 1684 1563 1721 sustentandis,
1579 1683 1693 1716 ultimo
1705 1695 1781 1727 sup-

1036 1738 1133 1782 plicio
1148 1737 1307 1770 damnatis
1329 1736 1559 1769 confirmandis
1573 1742 1600 1769 et
1620 1736 1782 1770 associan-

1038 1792 1095 1830 dis,
1118 1791 1255 1824 mortuis
1276 1791 1480 1834 sepeliendis,
1505 1791 1703 1834 raeterisque
1724 1790 1783 1822 mi-

1036 1846 1229 1879 sericordiae
1250 1845 1403 1888 operibus
1424 1856 1549 1877 summa
1564 1845 1682 1888 pietate
1696 1855 1784 1877 exer—

1038 1900 1158 1937 cendis,
1182 1909 1308 1932 necnon
1331 1898 1446 1931 divinis
1461 1898 1574 1931 officiis
1588 1909 1646 1942 pro
1664 1898 1740 1931 vivis
1754 1904 1785 1931 et

1038 1954 1193 1987 defunctis
1213 1952 1404 1997 peragendis
1424 1952 1499 1985 satis
1517 1962 1677 1996 superque
1697 1952 1784 1985 suffi-

1038 2013 1157 2039 cerent.

1084 2062 1099 2101 ξ
1122 2059 1151 2092 2.
1168 2060 1298 2097 Tamen,
1316 2069 1333 2091 a
1346 2058 1511 2091 nonnullis
1523 2058 1614 2091 annis
1635 2058 1725 2095 citra,
1750 2058 1782 2090 iu

1829 2066 1887 2085 Aliae
1902 2066 1983 2085 coutra-

1799 2095 1909 2112 termtates
1947 2098 1983 2117 po-

1798 2122 1844 2139 stea
1872 2119 1899 2138 ab
1936 2119 1984 2138 aliis

1799 2146 1855 2165 tut—n*
1868 2145 1984 2167 institutae.

1041 2167 1133 2199 rioris
1155 2165 1348 2199 conditionis
1371 2165 1539 2198 hominum
1567 2165 1783 2198 aemulatione
1798 2181 1813 2215 ὲ,
1829 2177 1853 2191 «ι’
1876 2178 1916 2191 00
1945 2206 1969 2217 Η

1040 2220 1141 2262 magis
1162 2230 1258 2262 quam
1280 2218 1444 2251 charitatis
1459 2219 1594 2258 fervore,
1612 2219 1783 2251 nonnullas
1918 2259 1925 2270 ι

1040 2272 1118 2304 alias
1138 2272 1196 2304 sub
1218 2271 1350 2303 diversis
1371 2270 1626 2303 invocationibus
1640 2276 1667 2303 et
1684 2271 1783 2303 deno·
1852 2285 1863 2314 2·
1911 2286 1918 2297 ι

1041 2324 1270 2357 minationibus
1288 2323 1565 2356 confraternitates
1579 2323 1737 2356 institutas
1756 2329 1786 2356 ct
1800 2311 1838 2359 1³3„
1848 2306 1984 2369 ἷιινγαῗῖῗὲιῗζὲ

1041 2383 1162 2409 erectas
1183 2376 1290 2413 fuisse,
1314 2376 1346 2408 in
1368 2376 1484 2419 quibus
1516 2377 1628 2409 eadem
1659 2376 1786 2419 pietatis
1801 2357 1949 2409 iiiiii-issiififf
1964 2364 1985 2376 ²-

1042 2441 1155 2474 opera,
1191 2440 1273 2473 quae
1306 2440 1342 2462 ex
1372 2429 1547 2473 praecipuo
1576 2429 1787 2473 primodictae

1043 2483 1313 2517 confraternitatis
1353 2483 1589 2516 Misericordiae
1642 2483 1787 2516 instituto

1044 2539 1190 2579 existunt,
1215 2549 1363 2572 exercere
1383 2540 1593 2579 contendunt,
1608 2545 1784 2581 restesque,

1043 2591 1167 2631 vexilla,
1190 2592 1345 2624 feretrum
1366 2603 1426 2636 pro
1445 2592 1580 2625 mortuis
1605 2592 1645 2624 ad
1674 2591 1784 2634 sepul-

1046 2651 1148 2678 turam
1171 2645 1390 2678 conducendis
1417 2646 1545 2689 aliaque
1577 2645 1680 2677 dictae
1710 2654 1786 2677 con-

1027 2697 1250 2740 ,tt-,uernitatis
1270 2698 1408 2741 insignia
1437 2709 1495 2742 per
1514 2698 1627 2731 urbem
1650 2697 1784 2738 deferre,
