2226 3070
166 283 216 311 An.
235 283 262 310 C.
285 283 352 312 1589

183 1139 339 1167 Sanctiopuen.

179 2328 337 2354 Redemptionis

153 2365 204 2385 opus
221 2360 268 2380 ttdei
279 2359 335 2380 cliri-

153 2391 233 2411 suanae
251 2391 337 2411 utilissi<

153 2427 214 2442 mum.

410 271 453 305 94
964 274 1145 300 BULLARIUM
1163 273 1315 297 Romnum
1927 269 1980 297 An,
1997 269 2027 298 C.
2045 269 2114 298 1589

367 334 473 366 lorum
498 339 636 373 tenores,
656 344 691 365 ac
713 332 737 364 si
759 332 797 364 de
817 330 912 363 verbo
929 327 1115 361 adverbum

366 385 626 429 exprimerentur
641 390 672 418 et
688 385 919 421 insererentur,
940 381 1117 425 praesenti-

1162 330 1245 357 trum
1267 323 1395 357 Ordinis
1416 324 1532 356 Beatae
1556 322 1672 355 Mariae
1701 323 1740 356 de
1768 323 1914 357 Mercede

1159 378 1392 421 redemptionis
1413 377 1627 421 captivorum,
1651 377 1707 420 qui
1727 377 1804 409 huie
1824 377 1913 420 operi

364 440 425 472 bus
444 450 503 484 pro
532 438 730 472 sufficienter
759 436 916 480 expressis
946 434 1112 475 babentes,
1159 443 1195 464 ex
1220 442 1334 464 eorum
1356 431 1521 475 primaevo
1547 430 1694 463 instituto
1718 429 1836 473 iugiter
1864 430 1913 462 in-

364 493 425 526 illis
445 493 524 525 alias
545 493 576 524 in
598 502 656 524 suo
673 492 789 524 robore
807 488 1038 533 permansuris,
1056 488 1114 520 bac

362 547 429 580 vice
456 547 633 583 dumtaxat,
664 545 779 576 harum
809 541 904 579 serie,
931 541 1115 585 specialiter

362 606 393 633 et
413 610 559 643 expresse
578 602 666 630 motu
680 596 775 629 simili
788 596 993 638 derogamus,
1010 600 1037 629 et
1051 596 1114 628 suf-

361 653 508 687 ficienter
525 653 715 694 derogatum
732 661 800 683 esse
820 650 980 689 volumus,
1003 650 1114 682 decer-

360 707 468 739 nimus
488 711 518 738 et
538 705 753 743 declaramus,
782 703 953 736 contrariis
978 704 1112 747 quibus-

360 770 513 802 cumque3
531 769 587 791 seu
608 759 631 791 si
653 757 814 801 aliquibus
831 757 1049 790 communiter
1059 764 1112 790 aut

357 812 484 845 divisim
498 812 537 844 ab
551 812 661 844 eadem
683 811 721 843 sit
739 811 820 844 Sede
843 811 1004 843 indultum
1026 811 1112 854 quod

359 865 507 898 interdici
525 892 532 906 ‚
568 864 721 908 suspendi
755 865 801 897 vel
839 865 1111 898 excommunicari

358 919 556 962 nonpossint
576 929 633 962 per
649 919 771 951 litteras
788 919 980 962 apostolicas
990 929 1055 951 non
1066 921 1110 951 t'a-

357 973 477 1005 cientes
491 972 619 1015 plenam
642 978 674 1005 et
699 983 882 1016 expressam
902 983 939 1005 ac
955 973 994 1005 de
1013 973 1111 1006 verbo

355 1025 395 1058 ad
414 1026 547 1059 verbum
561 1026 599 1058 dc
617 1025 741 1058 indulto
759 1025 945 1059 huiusmodi
973 1026 1110 1059 mentio—

356 1090 442 1112 nem.

399 1133 484 1165 Nulli
507 1143 583 1176 ergo
604 1138 661 1165 ecc.

401 1186 433 1219 Si
453 1186 525 1231 quis
546 1191 603 1219 etc.

399 1240 514 1273 Datum
537 1241 655 1273 Romae
677 1241 763 1283 apud
784 1240 937 1273 Sanctum
964 1241 1107 1280 Petrum,

355 1303 439 1325 anno
472 1293 706 1326 lncarnationis
737 1293 918 1326 dominicae
938 1294 1110 1326 millesimo

355 1346 617 1389 quingentesimo
640 1347 861 1389 octuagesimo
886 1358 972 1380 nono
998 1358 1027 1380 Χῐ
1058 1349 1111 1380 ka—

356 1399 468 1432 lendas
499 1399 629 1443 aprilis,
656 1400 864 1443 pontificatus
893 1402 992 1434 nostri
1023 1412 1109 1434 anno

353 1459 481 1496 quarto.

395 1511 456 1541 Dat.
477 1512 524 1541 die
536 1512 574 1541 22
591 1516 677 1541 mart.
704 1512 789 1549 1589,
808 1513 913 1551 pontif.
931 1523 1007 1543 anno
1027 1523 1064 1543 iv.

670 1686 794 1718 CXLW.

353 1763 482 1795 Erectio
513 1763 704 1794 monasterii
743 1762 855 1794 Saum
897 1763 1040 1795 Adriani
1071 1764 1108 1796 ‘le

403 1815 483 1848 Urbe
500 1827 559 1859 pro
581 1815 706 1849 Ordine
726 1816 867 1856 fratrum
893 1818 1012 1849 Beatm’
1036 1818 1106 1850 Μα-

398 1871 466 1902 riae
496 1870 533 1902 de
556 1870 699 1902 Mercede
727 1870 970 1913 Redemptiow‘s
997 1871 1107 1914 Capti-

399 1934 603 1963 r0r1m2,cnm
619 1924 817 1955 concessione
828 1935 900 1955 omn
909 1925 972 1956 sum
982 1926 1107 1968 qratia-

395 1987 468 2008 rum
490 1981 518 2009 e!
539 1977 752 2014 imlultorum,
774 1978 887 2021 quilius
907 1979 968 2010 alii
986 1980 1106 2020 fratres

396 2030 536 2062 aliorum
567 2031 836 2063 monasteriorum
865 2032 945 2064 dicti
972 2032 1106 2065 Ordinis

395 2084 536 2125 (landent
550 2083 575 2115 ¹.

381 2176 478 2204 stxtus
497 2177 567 2212 Papa
589 2173 619 2209 V,
641 2178 675 2204 ad
695 2177 820 2206 suturam
845 2179 885 2206 rei
910 2180 1080 2207 memoriam.

397 2262 474 2295 Cum
493 2273 528 2294 ex
562 2262 711 2299 omnibus
745 2262 939 2296 christianae
966 2264 1107 2297 caritatis

352 2315 477 2355 officiis,
501 2315 619 2358 quibus
640 2321 770 2348 aeterna
791 2318 877 2349 salus
896 2318 1032 2360 gratiam
1050 2318 1105 2351 Dei

352 2374 572 2411 comparatur,
597 2368 649 2400 illa
671 2369 877 2413 Redemptori
900 2376 1010 2403 nostro
1035 2371 1104 2403 lesu

351 2421 478 2454 Christo
496 2422 544 2454 rel
558 2422 696 2455 maxime
708 2423 837 2465 placere.
852 2424 1035 2465 credamus,
1048 2436 1106 2468 per

351 2486 434 2518 quae
465 2475 609 2508 infelices
641 2475 754 2518 captivi
777 2486 794 2507 a
821 2481 901 2508 tetra
928 2477 1104 2520 impiorum

351 2528 502 2561 servitute
524 2533 725 2567 revocantur,
747 2529 889 2571 primum
912 2535 941 2562 et
961 2530 1104 2564 salutife-

351 2593 423 2614 rum
445 2581 648 2626 propositum
669 2581 863 2615 dilectorum
886 2583 1026 2617 tiliorum
1044 2585 1106 2617 sra-

387 2660 398 2686 t
423 2658 465 2686 Ex
484 2658 596 2694 Regest.
615 2658 643 2686 in
660 2658 765 2686 secret.
782 2658 926 2687 Brevium.

1158 485 1307 525 tendunt,
1336 495 1529 529 promovere
1563 483 1745 527 cupientes,
1780 493 1817 515 ea
1851 483 1914 516 illis

1158 539 1227 572 loca
1253 539 1285 571 in
1313 539 1398 572 Urbe
1419 544 1528 572 nostra
1548 538 1685 571 libenter
1706 536 1914 570 concedimus

1157 597 1188 625 et
1219 592 1433 635 assignamus,
1467 591 1498 624 in
1529 591 1649 635 quibus
1671 590 1731 634 ipsi
1752 589 1913 623 Altissimo

1157 646 1306 678 sanmlari
1334 645 1541 688 divinamque
1571 655 1666 688 opem
1692 644 1731 676 ad
1752 653 1823 676 eam
1844 653 1912 676 rem

1156 698 1389 741 perficiendam
1419 698 1548 731 assidue
1573 698 1748 741 implorare
1774 696 1908 740 possint.

1201 752 1214 795 ἓ
1235 752 1267 785 l.
1291 753 1375 785 Motu
1407 752 1514 795 itaque
1535 751 1682 795 proprio,
1705 761 1770 783 non
1795 750 1835 783 ad
1855 750 1912 782 ali·
1952 758 2113 796 mamasa-

1156 805 1248 837 cuius
1269 806 1363 839 nobis
1381 807 1521 848 desuper
1537 805 1663 837 oblatae
1680 804 1845 848 petitionis
1864 804 1911 836 in-
1926 790 2111 842 3¹0¹}ssssssssssssss

1155 859 1317 899 stantiam,
1331 859 1433 891 sedde
1442 864 1552 892 nostra
1562 869 1650 891 mera
1663 857 1857 890 liberalitate
1874 868 1911 889 ac
1925 858 1986 904 ξζῗζ
1997 853 2112 904 jffissfflg

1155 917 1241 944 certa
1253 912 1387 945 scientia
1402 912 1519 944 nostris
1540 916 1636 954 atque
1646 911 1842 954 apostolicae
1853 921 1910 953 po·
1923 914 2030 935 ΤΙΝΙΒΗΞ-

1155 965 1275 998 testatis
1295 965 1512 1009 plenitudine,
1536 975 1632 997 usum
1654 964 1810 997 ecclesiae
1831 963 1910 997 San-

1154 1018 1195 1051 cti
1217 1018 1349 1051 Adriani
1371 1019 1410 1051 (le
1432 1018 1516 1051 Urbe
1526 1018 1704 1061 praedicta,
1717 1027 1799 1060 quac
1810 1017 1910 1050 deno-

1155 1071 1288 1105 minatio
1299 1072 1426 1105 diaconi
1439 1071 1612 1105 cardinalis
1626 1070 1742 1111 existit,
1763 1070 1815 1103 cui
1832 1070 1912 1103 dile-

1155 1130 1225 1158 ctus
1250 1125 1336 1158 filius
1356 1131 1466 1158 noster
1490 1124 1690 1167 Augustinus
1710 1123 1854 1157 eiusdem
1876 1123 1907 1157 S.

1154 1179 1286 1212 Adriani
1307 1180 1463 1213 diaconus
1480 1179 1653 1212 cardinalis
1670 1178 1815 1212 Cusanus
1825 1188 1910 1210 nun-

1154 1239 1290 1277 cupatus
1311 1239 1440 1276 praeest,
1464 1239 1490 1266 et
1515 1233 1546 1266 in
1568 1244 1631 1276 qua
1652 1243 1832 1275 numquam
1844 1232 1909 1264 fere

1153 1286 1296 1320 divinum
1324 1288 1467 1320 officium
1497 1287 1692 1325 celebratur,
1716 1297 1791 1319 cum
1812 1286 1909 1319 domo

1154 1340 1197 1372 illi
1214 1341 1411 1373 adhaerente
1429 1351 1464 1373 ac
1485 1340 1546 1372 situ
1566 1340 1604 1372 ad
1621 1339 1722 1383 ipsam
1739 1339 1907 1372 ecclesiam

1154 1394 1348 1437 pertinente,
1371 1395 1409 1427 de
1435 1394 1538 1437 ipsius
1565 1393 1736 1436 Augustini
1764 1392 1909 1426 cardina-

1153 1447 1189 1479 lis
1221 1458 1371 1490 expresso
1405 1458 1578 1487 consensu,
1615 1452 1645 1479 et
1677 1446 1770 1479 salvis
1802 1446 1907 1480 eidem

1152 1501 1330 1543 Augustino
1351 1500 1507 1533 cardinali
1531 1505 1562 1533 et
1582 1511 1641 1544 pro
1669 1505 1813 1543 tempore
1843 1499 1908 1532 exi-

1152 1553 1245 1587 stenti
1267 1554 1404 1587 diacono
1425 1553 1581 1587 cardinali
1612 1553 1713 1597 ipsius
1742 1553 1850 1586 Sancti
1870 1554 1908 1585 Α-

1152 1607 1256 1640 driani
1289 1607 1392 1647 titulo,
1422 1618 1459 1640 ac
1484 1607 1636 1640 omnibus
1657 1612 1687 1640 et
1713 1607 1850 1650 singulis
1873 1618 1906 1640 e-

1152 1661 1275 1693 iusdem
1298 1661 1453 1694 ecclesiae
1478 1661 1509 1694 S.
1533 1660 1665 1693 Adriani
1695 1660 1800 1700 bonis,
1834 1670 1907 1704 pro—

1152 1715 1356 1758 prietatibus,
1391 1714 1528 1755 iuribus,
1564 1714 1761 1754 actionibus,
1791 1714 1904 1747 fructi-

1151 1769 1222 1805 bus,
1257 1768 1414 1801 reditibus
1445 1774 1473 1800 et
1508 1768 1727 1811 proventibus,
1749 1779 1831 1811 quos
1856 1768 1906 1800 di-

1151 1827 1221 1853 ctus
1254 1822 1450 1865 Augustinus
1480 1821 1653 1854 cardinalis
1683 1821 1798 1864 suique
1832 1832 1905 1854 suc.-

1151 1886 1295 1908 cessores
1330 1876 1359 1908 S.
1394 1875 1525 1907 Adriani
1557 1874 1685 1907 diaconi
1725 1875 1906 1908 cardinales

1150 1939 1223 1961 eum
1253 1929 1436 1971 integritate
1467 1934 1497 1961 et
1521 1928 1641 1971 absque
1672 1929 1780 1972 aliquo
1807 1939 1905 1962 onere.

1150 1993 1207 2015 seu
1238 1982 1480 2014 contributione
1516 1981 1685 2025 percipere
1724 1981 1848 2025 possint
1874 1988 1907 2015 et

1150 2036 1302 2075 debeant,
1325 2046 1453 2068 necnon
1475 2035 1648 2068 collatione
1670 2041 1700 2068 et
1721 2036 1832 2079 quavis
1844 2035 1905 2068 alia

1149 2089 1361 2132 dispositione
1391 2100 1446 2122 seu
1479 2089 1550 2122 iure
1584 2089 1772 2122 conserendi
1802 2089 1906 2122 dictae

1149 2143 1307 2175 ecclesiae
1329 2142 1539 2175 canonicatus
1550 2148 1581 2175 et
1594 2142 1796 2186 praebendas
1816 2153 1854 2175 ac
1871 2154 1905 2175 a—

1150 2196 1191 2227 lia
1213 2195 1383 2235 beneficia,
1406 2195 1444 2227 ad
1467 2206 1526 2239 pro
1549 2200 1695 2238 tempore
1716 2196 1904 2228 existentem

1149 2248 1322 2280 diaconum
1344 2248 1542 2280 cardinalem
1556 2249 1586 2281 S.
1608 2248 1739 2281 AdrIani
1759 2254 1906 2293 spectan-

1151 2301 1193 2333 tia
1214 2306 1245 2334 et
1266 2301 1473 2344 pertinentia,
1498 2312 1555 2344 pro
1579 2307 1723 2344 tempore
1744 2302 1902 2341 vacantia,

1149 2354 1252 2387 eidem
1275 2354 1384 2388 Ordini
1408 2365 1466 2398 pro
1489 2366 1551 2387 una
1578 2355 1675 2388 domo
1704 2366 1759 2388 seu
1790 2366 1903 2388 mona-

1149 2458 1417 2497 sensu,‹³laustro,
1429 2457 1635 2497 dormitorio,
1650 2458 1904 2497 1·efectori0,cel-

1148 2506 1235 2546 lulis,
1258 2506 1373 2546 hortis,
1406 2506 1578 2539 hortalitiis
1598 2507 1734 2550 aliisque
1766 2506 1903 2540 officinis

1148 2561 1179 2588 et
1204 2555 1332 2588 fabricis
1352 2555 1543 2588 necessariis
1563 2566 1622 2596 pro
1637 2556 1833 2599 competenti
1844 2555 1902 2588 ha-

1148 2604 1302 2637 bitatione
1322 2605 1458 2637 fratrum
1477 2604 1554 2637 dicti
1575 2604 1712 2643 Ordinis,
1724 2604 1779 2647 qui
1798 2604 1901 2637 eidem

1149 2653 1303 2686 ecclesiae
1334 2653 1366 2685 in
1394 2652 1508 2686 divinis
1537 2653 1711 2693 deservire,
1739 2658 1770 2686 et
1794 2653 1903 2687 omnia
