2226 3070
487 276 549 310 708

465 748 500 781 tt,
524 748 692 792 Deputatio
714 749 925 782 cardinalium
946 749 1073 783 Salviati
1107 757 1135 783 et
1166 751 1204 783 de

667 349 919 383 INNOCENTIUS
940 350 988 382 tx.

461 464 482 496 Ι.
504 463 713 497 Confirmatio
745 470 772 497 et
801 464 939 497 extentio
966 464 1202 497 constitutionis

549 518 594 551 Pii
625 519 647 549 Y
674 530 690 550 a
715 519 870 560 Gregorio
896 519 981 554 xtlt,
1017 519 1101 552 Sixto
1126 519 1147 550 Υ
1174 525 1221 558 θῑ,

550 570 704 613 Gregorio
725 571 790 604 XIV
810 572 1050 615 comprobatae,
1075 573 1114 605 de
1140 583 1201 604 non

551 624 726 657 alienandis
746 630 775 657 et
796 624 999 658 infeudandis
1024 625 1221 658 civitatibus

552 683 580 709 et
602 677 670 709 aliis
691 677 769 710 locis
786 678 876 711 Sedis
896 678 1108 722 Apostolicae,
1125 678 1199 711 505.

551 802 730 841 Camerino,
754 802 786 834 in
815 803 1117 847 superintendentes
1149 804 1204 838 tri-

552 855 718 888 bunalium
740 856 885 889 omnium
906 857 999 891 Urbis
1028 868 1087 902 pro
1108 868 1223 902 nego-¹

552 908 608 941 ciis
633 903 794 949 omnibus,
820 921 902 954 quae
924 911 964 944 ad
984 911 1121 944 iustitiae
1144 912 1203 944 ad·
1222 906 1223 909 ¹

553 962 833 1003 ministrationem,
867 969 897 997 et
931 963 1024 998 [rhis
1063 965 1206 998 eiusdem

554 1014 686 1059 eiusque
733 1016 893 1050 districtus
943 1018 1207 1062 tranquillitatem

553 1069 725 1112 pertinent,
746 1069 820 1103 508.

465 1140 517 1175 111.
542 1141 624 1175 Reos
645 1142 854 1176 condemnari
876 1143 985 1186 vigore
1006 1144 1140 1178 alicuius
1162 1151 1227 1178 re-'

554 1195 662 1236 scripti
684 1202 793 1226 contra
816 1197 953 1230 sormam
972 1198 1060 1238 iuris,
1085 1205 1115 1232 et
1135 1209 1210 1232 con-

556 1245 661 1279 fiscari
683 1246 859 1289 legitimam
889 1248 1054 1289 filiorum,
1078 1253 1211 1283 viventi-

556 1300 614 1333 bus
634 1310 747 1333 eorum
768 1301 978 1343 genitoribus
999 1309 1052 1336 aut
1073 1304 1211 1337 arbitra-

556 1353 637 1386 riam
658 1355 925 1398 compositionem
949 1356 1047 1400 recipi
1069 1357 1100 1389 in
1121 1357 1212 1391 Data-

557 1407 614 1447 ria,
635 1418 694 1451 pro
715 1407 843 1441 licentia
865 1409 971 1442 danda
989 1410 1097 1443 dotem
1115 1422 1212 1455 supra
1228 1439 1229 1443 ,

553 1471 713 1494 summam
728 1472 746 1494 a
758 1467 875 1495 statuto
898 1468 1046 1501 taxatam,
1062 1464 1211 1508 prohibet

559 1514 590 1546 in
608 1514 704 1555 Urbe,
728 1514 802 1548 510.

471 1584 521 1618 tv.
557 1585 759 1621 Confirmatis
787 1588 901 1622 litteris
933 1589 1008 1623 Sixti
1039 1591 1143 1635 Papae
1170 1584 1231 1633 VJ

560 1640 676 1684 quibus
696 1647 799 1674 castra
819 1653 836 1674 a
855 1644 1050 1677 monasterio
1072 1645 1214 1679 Farsensi

561 1693 774 1737 dependentia
784 1695 934 1729 Gamerae
946 1698 1148 1741 Apostolicae
1161 1710 1215 1743 ap-

561 1748 748 1792 plicaverat,
774 1756 986 1794 revocataque
1014 1753 1215 1786 restitutione

561 1812 579 1834 a
595 1801 750 1845 Gregorio
763 1803 827 1835 xli*
842 1804 923 1837 sacta
942 1805 1110 1838 abbatibus
1129 1817 1216 1839 com-

562 1855 778 1897 mandatariis,
793 1863 894 1889 castra
907 1858 1072 1901 praedicta
1086 1858 1117 1891 in
1129 1859 1215 1892 bulla

561 1909 607 1941 Pii
620 1909 724 1952 Papae
737 1909 771 1947 V,
782 1910 828 1942 De
841 1908 904 1942 n'on
916 1904 1114 1947 alienandis.
1130 1923 1217 1945 com-

562 1962 737 2005 praehendi
760 1963 911 2001 declarat,
933 1963 1007 1997 511.

608 2034 760 2077 Sequitur
780 2035 964 2069 commissio
983 2036 1124 2069 eiusdem
1140 2038 1213 2070 Rev.

563 2088 713 2121 Gamerae
729 2090 929 2132 Apostolicae
944 2090 1165 2124 commissario
1180 2091 1218 2124 de

564 2141 719 2184 capienda
739 2143 939 2185 possessione
961 2145 1148 2177 eorumdem
1168 2141 1235 2177 cast

564 2200 717 2231 stroruni,
741 2195 815 2228 :314

478 2276 512 2308 V.
537 2277 753 2311 Committitur
774 2278 929 2310 cardinali
961 2278 1125 2311 arcliiduci
1157 2281 1219 2312 Au-

1038 287 1219 311 BULLARIUM
1237 287 1388 311 ROMANL'M

1237 347 1286 380 Vt.
1312 348 1475 381 Prioratus
1496 348 1602 381 Baruli
1623 359 1676 382 seu
1699 349 1738 381 de
1758 349 1907 389 Barletta‚
1923 349 1978 382 Or-

1326 401 1408 433 dinis
1439 401 1546 435 Sancti
1577 401 1710 435 Ioannis‘
1741 402 1975 447 Hierosolymi-

1327 454 1411 491 tani‚
1435 454 1639 487 collationem
1674 455 1747 488 Sedi
1779 455 1980 499 Apostolicae

1327 513 1477 543 reservat,
1505 507 1579 540 517.

1475 614 1650 648 CLEMENS
1671 615 1745 648 vtlt.

1221 755 1222 758 Ἴ
1239 720 1261 753 1.
1286 721 1473 763 prorogatio
1492 721 1530 753 ad
1552 721 1638 754 aliud
1657 722 1915 765 quinquennium
1928 734 1983 768 ap-

1328 773 1509 817 plicationis
1529 775 1667 808 fructum
1690 775 1843 809 ecclesiae
1862 776 1984 810 Chissa-

1330 827 1447 860 mensis
1461 827 1493 860 in
1505 827 1608 861 insula
1619 828 1728 861 Cretae
1740 829 1877 872 collegio
1888 829 1985 863 Grae-

1330 890 1439 913 corum
1459 881 1491 913 in
1512 881 1595 914 Urbe
1616 887 1734 922 erecto,
1758 881 1832 915 518.
1854 902 1856 904 v

1242 936 1279 978 Hc·
1303 944 1469 977 Innovatio
1490 944 1727 978 constitutionis
1747 946 1793 979 Pii
1814 946 1848 987 V,
1873 947 1912 979 ab
1937 948 1987 981 ln-

1328 997 1478 1030 nocentio
1496 998 1536 1031 tx
1558 998 1748 1035 declaratae,
1766 1000 1805 1032 de
1826 1010 1890 1033 non
1912 1001 1988 1034 alie-

1332 1052 1446 1085 nandis
1466 1058 1494 1085 et
1521 1051 1726 1085 infeudandis
1751 1053 1930 1088 civitatibus
1958 1061 1989 1088 et

1333 1107 1411 1140 locis
1445 1107 1579 1141 Sanctae
1612 1108 1776 1142 Romanae
1807 1109 1984 1151 Ecclesiae,

1334 1160 1408 1194 520.

1320 1214 1327 1218 ’
1379 1215 1530 1259 Sequitur
1543 1216 1717 1249 declaratio
1738 1222 1767 1250 et
1789 1217 1929 1250 extensio
1943 1217 1990 1251 di—

1336 1274 1403 1299 ctae
1422 1269 1659 1302 constitutionis
1678 1269 1725 1302 Pii
1746 1270 1780 1309 V,
1801 1269 1876 1303 521,
1905 1264 1912 1275 ⁵

1247 1328 1299 1362 111.
1316 1328 1544 1372 Comprobatio
1558 1329 1825 1363 constitutionum
1837 1341 1854 1363 a
1867 1330 1954 1364 Sixto
1966 1333 1989 1363 V

1336 1382 1506 1422 editarum,
1531 1382 1615 1415 circa
1635 1383 1912 1417 conservationem
1937 1395 1992 1428 pe-

1336 1435 1471 1468 cuniarii
1496 1436 1647 1480 praesidii
1680 1437 1810 1480 triginta
1842 1444 1993 1472 centeno-

1337 1500 1409 1523 rum
1436 1489 1575 1522 millium
1600 1501 1771 1523 nummum
1792 1501 1965 1525 aureorum
1982 1520 1989 1533 ‚

1337 1544 1369 1576 in
1395 1554 1467 1576 arce
1496 1543 1602 1577 Sancti
1625 1544 1738 1586 Angeli
1762 1545 1990 1589 repositorum,

1338 1597 1377 1630 ad
1398 1596 1488 1630 Sedis
1509 1597 1712 1640 Apostolicae
1734 1598 1991 1640 subventionem,

1338 1649 1413 1682 523.

1231 1700 1300 1746 ¹IV.
1322 1713 1530 1747 Confirmatio
1558 1718 1588 1746 et
1619 1713 1783 1747 innovatio
1815 1714 1994 1748 litterarum

1338 1767 1384 1799 Pii
1407 1767 1429 1797 V
1450 1772 1479 1799 et
1501 1766 1737 1800 constitutionis
1751 1768 1839 1800 Pauli
1860 1768 1898 1801 IV
1918 1779 1995 1802 con-

1340 1827 1388 1853 tra
1402 1820 1563 1853 Haebreos
1578 1820 1712 1853 civitatis
1722 1821 1953 1855 Avenionensis
1966 1828 1993 1855 et

1341 1874 1510 1907 comitatus
1523 1873 1699 1906 Yenaissini
1713 1874 1885 1915 editarum,
1902 1886 1996 1919 prae-

1340 1927 1447 1961 sertim
1470 1938 1509 1960 ne
1527 1938 1577 1960 res
1598 1938 1695 1960 novas
1713 1928 1862 1968 vendant,
1883 1927 1958 1962 523.

1255 1991 1288 2023 V.
1313 1990 1490 2024 Declaratio
1512 1990 1619 2033 quoad
1640 1990 1829 2023 electionem
1856 1996 1885 2023 et
1912 2001 1994 2034 qua—

1341 2044 1444 2077 litates
1475 2043 1617 2076 iudicum
1650 2050 1930 2084 conservatorum,
1959 2045 1998 2077 ad

1343 2098 1524 2131 instantiam
1535 2107 1816 2140 quorumcumque
1828 2097 1995 2137 Ordinum,

1343 2151 1598 2189 universitatum,
1623 2150 1834 2192 collegiorum
1854 2156 1884 2183 et
1904 2151 1996 2183 loco-

1342 2216 1413 2238 rum
1432 2204 1561 2248 piorum
1583 2214 1600 2236 a
1620 2203 1701 2236 Sede
1722 2203 1906 2247 Apostolica
1924 2214 2000 2237 con-
2041 2246 2043 2248 Ι

1343 2268 1506 2291 cessorum
1527 2263 1557 2289 et
1578 2257 1875 2294 concedendorum,
1899 2256 1973 2289 5524.

565 2330 674 2370 striae,
703 2330 734 2362 j„
759 2331 972 2371 p0121u2311539
999 2338 1028 2364 et
1052 2332 1219 2372 313314350-
1257 2323 1305 2356 vt.
1339 2321 1528 2356 Commissio
1558 2320 1676 2353 nuncio
1708 2320 1795 2364 apud
1828 2319 2000 2363 Hispaniae

566 2395 636 2417 rum
658 2384 764 2426 regnis
785 2385 824 2417 de
848 2385 946 2417 latere
967 2386 1091 2427 legato,
1113 2392 1145 2418 ut
1173 2386 1219 2418 in-

567 2438 679 2481 signia,
697 2443 798 2470 vestes
819 2444 849 2471 et
868 2438 981 2471 vexilla
994 2439 1078 2472 inter
1095 2440 1220 2472 confra-

568 2492 749 2531 ternitates,
778 2492 837 2524 sub
866 2492 1067 2526 invocatione
1106 2494 1220 2527 Beatae

567 2546 683 2579 Mariae
716 2546 754 2578 de
785 2546 1004 2579 Misericordia
1037 2547 1069 2579 in
1095 2546 1238 2591 civitate]

1343 2386 1463 2418 regem,
1485 2380 1517 2407 ut
1541 2385 1596 2418 per
1616 2385 1648 2406 se
1671 2380 1724 2406 aut
1746 2384 1804 2417 per
1831 2373 1930 2406 alium
1951 2373 2000 2405 in-

1345 2429 1431 2462 tersit
1454 2427 1602 2472 capitulis
1632 2427 1836 2469 generalibus
1866 2432 1896 2459 et
1923 2437 1999 2470 pro—

1344 2482 1532 2515 vincialibus
1543 2481 1775 2514 monachorum
1784 2480 1911 2514 Ordinis
1924 2480 2001 2514 San-

1345 2536 1384 2569 cti
1407 2535 1582 2573 Benedicti,
1607 2533 1681 2566 525.

567 2599 773 2634 Ulixbonensi
796 2605 938 2637 erectas,
963 2599 1156 2642 distinguat,
1186 2600 1221 2632 li-
1255 2599 1320 2632 vlt.
1344 2598 1526 2632 lnsularum
1553 2595 1811 2640 Pliilippinarum
1842 2595 2000 2639 praesidi-

569 2660 679 2697 tesque
706 2654 788 2687 inter
819 2654 903 2698 ipsas
935 2660 1058 2687 exortas
1084 2665 1218 2699 compo-

569 2713 634 2747 nat,
658 2706 732 2740 5‘15.
1238 2722 1241 2750 ι

1347 2653 1406 2685 bus
1426 2652 1606 2694 gratulatur
1625 2651 1665 2683 de
1685 2655 1862 2694 propagata
1883 2649 1944 2682 illis
1969 2648 2001 2681 in

1347 2706 1411 2740 oris
1431 2706 1494 2739 fide
1512 2705 1701 2743 cliristiana;
1723 2714 1777 2736 eos
1794 2703 1951 2742 hortatur,
1968 2707 2000 2735 ut
