2226 3070
275 292 324 319 An.
346 291 373 319 c.
391 292 456 320 1591
506 282 571 317 490

357 621 418 641 Proui
435 627 455 641 e-

272 648 320 667 tiam
331 647 455 667 christtttnte-

273 674 326 694 libus
343 680 455 694 emuntur-

271 701 346 720 clesias
358 706 455 720 enuncia-

271 730 297 747 tis
321 727 354 747 hic
380 727 454 746 diebus

274 754 413 773 mutantibus.

310 1741 449 1766 indulgentias

266 1768 368 1788 ecclesiae
377 1768 449 1788 Sancti

266 1795 359 1815 ‘rhomae
382 1795 401 1814 in
418 1795 448 1815 ln·

266 1827 306 1841 ins
338 1827 449 1841 concessas

266 1848 293 1867 ad
317 1851 398 1868 retortis
416 1854 448 1868 ec-

266 1875 340 1894 ctesias
357 1875 450 1895 extendit

266 1906 303 1926 pro
332 1901 406 1921 diebus
436 1908 447 1921 a

266 1930 386 1953 praeposito
415 1934 448 1953 ge-

265 1954 331 1974 nerati
339 1955 447 1980 designan-

471 341 629 375 Societate
658 342 878 379 existentibus,
903 353 982 385 quos
1010 342 1040 374 in
1071 343 1213 386 qualibet

472 395 637 439 utriusque
657 396 764 429 Indiae
785 396 915 437 regione
944 396 991 428 vel
1022 396 1137 429 Oceani
1165 397 1211 429 in-

471 449 540 481 sula
557 455 611 481 aut.
631 449 842 491 navigatione,
858 449 963 481 eundo
977 449 1024 481 vel
1045 449 1211 482 redeundo

472 503 553 534 mori
576 502 761 543 contigeret,
786 502 974 545 plenariam.

516 557 531 597 g
552 555 581 588 6.
606 557 649 588 Ac
672 561 734 587 tarn
756 555 875 587 eisdem
903 555 1116 599 presbyteris,
1141 557 1207 589 cle-

471 608 544 641 ricis
575 614 602 640 et
643 608 711 640 aliis
745 607 1006 641 christifidelibus
1045 609 1210 653 utriusque

471 672 572 701 sexus,
593 661 646 704 qui
669 661 698 693 in
720 661 883 705 quibusvis
900 662 1068 706 utriusque
1089 664 1206 703 Indiae,

470 726 505 747 ae
527 715 694 756 regionum
709 742 716 751 ,
741 715 979 758 provinciarum
995 744 1002 754 ,
1027 722 1206 757 terrarum,

469 768 643 800 insularum
676 768 879 812 aliorumque
906 769 1051 802 locorum
1084 771 1210 814 praedi-

468 827 591 854 ctorum
620 821 761 855 eiusdem
791 822 957 855 Societatis
987 824 1158 857 domorum
1180 831 1207 857 ct

468 875 699 908 habitationum
721 877 861 910 ecclesiis
889 883 949 909 tam
979 878 1092 910 erectis
1112 889 1208 921 quam

467 928 627 971 erigendis
658 929 688 962 in
710 930 837 962 illarum
865 931 1074 964 dedicationis
1094 932 1141 964 vel
1162 932 1210 964 in-

467 982 653 1020 vocationis
675 989 727 1016 aut
741 983 998 1017 Circumcisionis
1011 985 1136 1017 Domini
1153 996 1209 1018 no-

465 1035 520 1068 stri
545 1036 613 1069 Iesu
630 1037 743 1070 Christi
767 1038 990 1070 festivitatibus
1012 1040 1058 1071 vel
1083 1039 1205 1077 dicbus,

466 1090 601 1123 confessi
622 1097 650 1124 et
673 1091 813 1131 contriti,
830 1092 1070 1125 Sanctissimum
1088 1094 1209 1127 Eucha-

465 1144 573 1177 ristiae
586 1145 827 1178 Sacramentum
843 1153 1017 1185 sumerent,
1030 1153 1081 1180 aut
1095 1148 1119 1180 si
1132 1148 1207 1180 alibi

466 1198 599 1231 confessi
622 1205 746 1237 essent,
767 1205 795 1231 et
817 1200 1057 1233 Sanctissiinum
1084 1201 1207 1234 Eucha-

466 1251 571 1284 ristiae
585 1253 827 1286 Sacramentum
847 1254 1031 1287 huiusmodi
1052 1256 1208 1299 suscepis—

465 1312 545 1346 sent,
570 1307 683 1339 eodem
706 1307 756 1340 die
778 1307 917 1351 aliquam
940 1319 976 1340 ex
995 1309 1086 1341 dictis
1106 1310 1207 1342 eccle-

464 1358 517 1391 siis
536 1360 695 1393 visitarent
715 1366 742 1393 et
767 1361 844 1393 inibi
864 1367 1004 1399 orarent,
1026 1362 1122 1394 etiam
1141 1364 1207 1406 ple-

464 1413 602 1452 nariam;
625 1414 685 1446 illis
705 1426 796 1453 vero,
821 1416 875 1459 qui
905 1416 1045 1460 aliquam
1067 1429 1103 1450 ex
1116 1418 1207 1451 dietis

463 1467 604 1500 ecclesiis
625 1468 788 1511 quibusvis
809 1469 924 1502 festivis
945 1470 1058 1503 dicbus
1079 1472 1205 1505 contriti

464 1527 494 1553 et.
514 1522 622 1555 debito
645 1527 789 1566 tempore
810 1523 983 1556 confitendi
1005 1525 1205 1569 propositum

465 1575 617 1608 hahentes
636 1576 810 1613 visitarent,
840 1583 868 1609 et
889 1582 921 1609 ut
944 1589 1041 1621 supra
1062 1585 1202 1621 orarent,

463 1635 583 1672 septem
606 1641 706 1663 annos
728 1631 944 1672 indulgentiae
965 1633 1131 1666 concessit.

509 1684 525 1724 ξ
547 1682 576 1715 7.
601 1684 643 1715 Ac
665 1683 780 1716 deinde
806 1695 862 1727 per
891 1685 968 1717 alias
998 1686 1117 1719 litteras
1148 1687 1206 1719 suli

465 1735 515 1768 die
539 1746 570 1769 ix
594 1736 729 1769 ianuarii
754 1748 905 1776 itianxvi,
930 1739 1134 1782 pontificatus
1158 1741 1205 1773 sui

465 1800 548 1823 anno
566 1801 607 1830 1v,
630 1791 859 1833 indulgentiam
878 1793 1054 1835 plenariam
1075 1804 1111 1826 ac
1131 1805 1205 1837 pec-

465 1849 609 1876 catorum
630 1844 850 1877 remissionem
873 1846 1024 1879 omnibus
1055 1847 1205 1880 christifi-

465 1897 587 1930 delibus
608 1898 639 1930 in
657 1898 819 1932 Indiarum
840 1903 870 1933 et
893 1901 1042 1933 Brasiliae
1063 1902 1206 1945 partibus

465 1951 665 1994 degentibus,
686 1964 758 1986 vere.
776 1954 1013 1998 poenitentibus
1035 1962 1065 1988 et
1084 1957 1205 1989 confes-

463 2005 515 2043 sis,
537 2007 702 2039 ecclesiam
724 2008 753 2041 S.
775 2008 915 2042 Thomae
936 2010 1073 2053 apostoli
1095 2010 1126 2042 in
1148 2012 1201 2043 ln-

464 2059 523 2092 diis
540 2061 720 2104 praedictis,
738 2062 784 2094 vel
804 2062 943 2105 aliquam
963 2074 999 2096 ex
1016 2064 1109 2097 certis
1121 2064 1204 2097 eius-

464 2113 536 2145 dem
557 2114 721 2147 Societatis
742 2115 883 2148 ecclesiis
909 2116 1035 2149 illarum
1066 2117 1203 2160 partium

464 2166 679 2204 visitantibus,
701 2174 730 2200 et
750 2168 827 2200 inibi
845 2169 896 2202 SS.
915 2169 1131 2203 Eucharistiae
1151 2171 1205 2204 Sa-

464 2226 662 2253 cramentum
684 2222 892 2260 sumentibus
908 2228 948 2261 et,
965 2229 996 2256 ut
1012 2224 1200 2267 praefertur,

464 2274 646 2313 orantibus,
670 2281 784 2318 quater
804 2276 834 2308 in
855 2287 939 2309 anno
965 2278 1126 2321 perpetuis
1156 2279 1203 2311 fu-

465 2327 542 2360 turis
560 2328 757 2371 temporibus
772 2329 859 2362 vivae
879 2330 964 2363 vocis
982 2332 1111 2364 oraculo
1129 2342 1204 2365 con-

464 2391 595 2421 cessam,
612 2383 651 2414 ad
672 2393 782 2415 omnes
800 2389 827 2416 et
848 2384 987 2426 singulas
1008 2385 1085 2418 alias
1105 2386 1204 2419 eccle-

463 2435 525 2468 sias
543 2436 767 2477 collegiorum,
782 2438 953 2471 domorum
968 2445 999 2472 et
1018 2440 1204 2474 residentia-

463 2499 535 2521 rum
556 2489 697 2522 eiusdem
726 2491 890 2525 Societatis
916 2493 1083 2534 regionum
1105 2505 1201 2537 prae-

464 2542 632 2580 dictarum,
650 2544 760 2576 saltem
776 2544 858 2577 inter
870 2556 902 2578 se
918 2556 975 2589 per
990 2552 1117 2579 centum
1133 2547 1204 2580 mil-

464 2595 553 2628 liaria
567 2596 727 2637 distantes,
744 2597 890 2631 similiter
904 2605 1017 2642 quater
1028 2599 1059 2633 in
1072 2600 1204 2643 singulis

463 2649 554 2682 annis
567 2650 599 2682 in
612 2650 723 2683 diebus
743 2662 799 2694 per
815 2651 898 2684 illius
915 2653 1133 2696 praepositum
1151 2664 1204 2696 ge-

464 2704 604 2736 neralem
637 2704 850 2746 designandis,
875 2711 1030 2748 perpetuo
1051 2707 1199 2739 extendit.

1058 295 1239 320 BULLARIUM
1255 296 1408 321 ROMANUM

1998 301 2048 329 An.
2070 301 2097 329 C.
2117 303 2181 330 1591

2043 364 2151 385 Concussit
2165 371 2186 386 e·

2003 392 2053 411 tiam
2079 391 2186 421 indulgen-

2003 418 2042 437 tias
2059 418 2186 439 stationibus

2004 443 2065 465 Urbis
2083 444 2187 465 addictas.

1291 346 1306 386 ξ
1337 344 1366 377 8.
1400 347 1444 378 Ac
1473 346 1593 379 eisdem
1625 347 1908 390 christifidelibus,
1932 350 1985 394 qui

1245 398 1384 441 aliquam
1404 410 1440 431 ex
1459 400 1631 442 praedictis
1648 401 1789 434 ecclesiis
1810 403 1987 446 quadrage-

1245 451 1343 485 simae
1361 458 1392 485 et
1417 453 1486 485 aliis
1508 454 1707 497 temporibus
1734 456 1906 490 stationum
1931 458 1987 491 Ur-

1245 506 1303 546 bis,
1328 507 1497 541 dominicis
1515 514 1545 541 et
1565 508 1642 541 feria
1662 515 1748 542 sexta
1777 510 1888 543 diebus
1916 511 1988 544 visi-

1246 565 1358 600 tarent,
1383 562 1510 594 easdem
1532 572 1643 595 omnes
1665 569 1692 595 et
1723 563 1863 606 singulas
1883 564 1988 598 indul-

1244 613 1365 652 aentias
1390 614 1556 652 concessit,
1589 626 1668 658 quas
1693 623 1983 660 consequerentur,

1243 666 1266 698 si
1280 667 1429 701 ecclesias
1440 674 1467 701 et
1484 669 1629 702 basilicas
1643 670 1735 703 Urbis
1750 670 1781 703 in
1793 671 1904 704 diebus
1924 677 1986 704 sta-

1244 720 1366 753 tionum
1388 721 1571 755 huiusmodi
1594 724 1706 757 devote
1720 724 1893 757 visitarent.

1288 775 1303 812 3
1325 773 1354 807 9.
1373 775 1510 818 lllisque,
1528 776 1581 820 qui
1603 777 1735 818 singulis
1756 778 1869 811 diebus
1888 777 1985 811 feriae
2001 816 2005 819 ,
2034 790 2133 820 ,iiiqsquu
2148 790 2184 810 aa.

1243 833 1347 860 sextae
1359 829 1481 871 primae
1493 829 1716 864 hebdoi'nadae
1729 831 1883 875 cuiusque
1897 842 1986 864 men-
1999 818 2064 863 ii¹a¹¹si¹¹
2078 817 2184 842 '‘mmm''

1243 881 1284 913 sis
1304 882 1431 915 easdem
1450 883 1598 916 ecclesias
1619 885 1731 918 devote
1751 885 1930 925 visitarent,
1955 890 1983 918 et

1244 934 1320 967 inihi
1346 936 1515 979 quinquies
1546 937 1731 971 Orationem
1759 939 1981 979 Domifficam,

1244 990 1271 1017 et
1308 985 1400 1018 toties
1436 986 1667 1019 Salutationem
1705 988 1890 1030 Angelicam
1926 998 1984 1032 pro

1243 1038 1431 1072 exaltatione
1463 1039 1537 1072 fidei
1574 1040 1750 1074 catholicae
1789 1041 1959 1075 recitarent
1975 1070 1982 1080 ,

1242 1097 1364 1135 septem
1385 1103 1501 1132 annos;
1526 1093 1557 1126 in
1576 1094 1661 1127 festis
1685 1105 1759 1128 vero
1779 1095 1907 1128 Domini
1928 1106 1985 1128 no-

1242 1146 1298 1178 stri
1319 1147 1386 1179 lesu
1407 1147 1531 1186 Christi,
1553 1153 1580 1180 et
1600 1148 1713 1181 Beatae
1734 1149 1881 1191 Virginis,
1901 1150 1985 1193 Apo-

1242 1200 1397 1233 stolorum
1419 1212 1454 1233 ac.
1475 1201 1596 1241 Sancti,
1620 1202 1678 1234 sub
1699 1202 1789 1235 cuius
1813 1202 1905 1236 titulo
1926 1214 1981 1237 ec-

1243 1253 1338 1286 clesia
1350 1254 1545 1292 consisteret,
1557 1255 1667 1288 decem
1680 1266 1795 1296 annos;
1811 1256 1848 1289 iis
1861 1262 1980 1297 autem,

1242 1307 1295 1350 qui
1323 1308 1353 1340 in
1380 1308 1486 1352 aliqua
1510 1320 1545 1342 ex
1572 1309 1664 1342 dictis
1688 1309 1830 1343 ecclesiis
1850 1310 1983 1344 confessi

1242 1367 1355 1396 essent,
1377 1362 1424 1394 vel
1445 1362 1496 1395 SS.
1512 1362 1728 1396 Eucharistiae
1740 1363 1982 1397 Sacramentum

1241 1414 1465 1458 sumpsissent,
1490 1415 1582 1449 toties
1599 1416 1708 1458 viginti
1731 1427 1847 1458 annos,
1868 1418 1984 1452 sacien-

1242 1469 1324 1501 tibus
1343 1469 1473 1513 insuper
1492 1470 1705 1503 conscientiae
1726 1481 1870 1512 examen,
1895 1477 1925 1505 et
1945 1472 1984 1505 de

1241 1522 1379 1565 peccatis
1399 1534 1456 1566 per
1484 1533 1538 1555 eos
1570 1523 1749 1557 commissis
1768 1535 1842 1557 vere
1873 1526 1984 1568 poeni-

1242 1576 1390 1615 tentibus,
1415 1582 1542 1609 centum
1569 1577 1635 1610 dies
1667 1578 1828 1611 relaxavit.

1285 1630 1299 1672 ξ,
1320 1629 1372 1662 «10,
1396 1630 1567 1674 Utriusque
1590 1631 1685 1663 etiam
1715 1642 1807 1664 sexus
1831 1632 1981 1666 christifi-

1241 1683 1377 1721 delibus,
1394 1684 1449 1727 qui
1465 1684 1606 1728 aliquam
1620 1695 1657 1717 ex
1670 1685 1981 1719 confraternitatibus

1240 1748 1297 1780 per
1323 1737 1490 1781 episcopos
1515 1738 1706 1771 auctoritate
1726 1739 1913 1772 earumdem
1932 1740 1982 1773 lit-

1241 1797 1344 1824 terum
1365 1792 1535 1834 erigendis,
1551 1792 1807 1835 ingrederentur,
1830 1794 1928 1828 semel
1950 1795 1980 1827 in

1241 1846 1291 1879 die
1309 1857 1420 1879 eorum
1443 1847 1615 1889 ingressus,
1640 1848 1664 1880 si
1686 1859 1757 1881 vere
1781 1849 1982 1892 poenitentes

1241 1906 1271 1933 et
1288 1900 1422 1933 confessi
1444 1901 1555 1934 devote
1577 1901 1868 1943 connntinicarent,
1889 1902 1982 1946 ipsis-

1240 1965 1302 1998 que.
1321 1955 1467 1987 similiter
1482 1955 1718 1998 poenitentibus
1738 1961 1768 1988 et
1788 1956 1940 1990 confessis
1953 1963 1984 1990 et

1240 2009 1352 2042 eodem
1381 2009 1587 2042 Sacramento
1609 2010 1755 2049 refectis,
1780 2015 1827 2043 ter
1847 2010 1878 2043 in
1899 2010 1978 2049 vita,

1239 2062 1434 2106 plenariam,
1457 2062 1615 2095 concessit
1634 2063 1729 2096 etiam
1751 2063 1871 2096 eisdem
1907 2074 1982 2097 con-

1241 2115 1400 2155 fratribus,
1431 2116 1485 2159 qui
1515 2116 1773 2159 processionibus
1801 2122 1832 2150 et
1867 2117 1982 2151 divinis

1239 2169 1351 2202 officiis
1371 2169 1574 2209 interessent,
1598 2176 1726 2203 centum
1756 2170 1838 2211 dies;
1869 2177 1899 2204 et
1926 2171 1980 2215 qui

1239 2223 1417 2261 ecclesiam,
1442 2223 1473 2256 in
1503 2235 1566 2267 qua
1596 2224 1839 2257 confraternitas
1869 2224 1980 2258 huius-

1239 2277 1325 2311 modi
1344 2278 1486 2311 instituta
1507 2283 1597 2317 esset,
1615 2283 1701 2311 sexta
1716 2278 1794 2311 feria
1811 2278 1980 2313 cuiuslibet

1238 2332 1460 2365 hebdomadae
1482 2333 1594 2365 devote
1613 2332 1787 2373 visitarent,
1800 2332 1911 2366 decem
1925 2343 1980 2367 an-

1238 2396 1295 2418 nos
1316 2390 1347 2418 et
1371 2386 1502 2418 totidem
1532 2386 1768 2429 quadragenas3
1792 2386 1980 2420 mulieribus

1239 2439 1381 2472 eiusdem
1415 2439 1704 2481 confraternitatis,
1728 2439 1752 2473 si
1784 2440 1909 2484 quoties
1936 2440 1979 2474 si-

1238 2503 1335 2534 gnum
1358 2503 1532 2536 campanae
1553 2493 1712 2534 audirent,
1735 2494 1834 2527 semel
1854 2493 1978 2527 Oratio-

1238 2556 1311 2579 nem
1331 2546 1530 2579 Dominicam
1561 2552 1591 2580 et
1622 2547 1852 2580 Salutationem
1877 2548 1980 2590 Ange-

2024 1644 2049 1665 Et
2066 1645 2182 1665 confrater-

1997 1671 2097 1692 nitatihus
2107 1672 2182 1692 erectis

1998 1698 2139 1723 veterna—ndis
2146 1704 2182 1724 ap·

1996 1725 2062 1752 plicat
2069 1727 2089 1745 it.

1220 2626 1221 2644 ,
1238 2600 1331 2633 licam
1353 2601 1440 2633 flexis
1460 2600 1594 2643 genibus
1609 2602 1720 2634 devote
1733 2601 1915 2641 recitarent,
1932 2601 1979 2633 in-

1239 2654 1417 2696 dulgentias
1448 2654 1560 2687 ceteris
1587 2655 1798 2688 confratribus
1826 2664 1977 2698 praesen-

1239 2707 1322 2740 tibus
1344 2718 1529 2744 concessas,
1553 2708 1738 2751 eisdemque
1764 2707 1977 2741 confratribus
