2226 3070
160 241 211 268 An.
231 241 343 269 C.1589

357 304 474 337 scopus
494 293 664 325 Firmanus
686 303 821 335 praeesse
842 290 1052 334 dignoscitur,
1066 290 1111 322 la-

357 346 487 389 pidibus
504 345 695 378 marmoreis
705 345 869 388 quadratis
880 348 1109 383 constructam,

358 400 396 432 ad
412 400 527 432 collem
539 399 570 431 in
580 399 686 431 media
699 398 831 430 civitatis
841 398 1008 429 Firmanae
1019 401 1111 439 parte

358 452 564 492 collocatam,
588 451 783 493 singularem
806 455 902 492 atque
927 449 1110 493 pulcherri-

359 516 443 538 mam
468 505 683 549 spectantium
711 504 814 536 oeulis
835 503 945 535 multis
964 503 1111 546 passibus

359 569 377 591 a
397 558 481 590 dieta
503 557 629 589 civitate
650 557 799 588 Firmana
820 566 887 588 sese
908 555 1109 595 offerentem,

358 611 391 644 in
412 610 599 654 provinciae
621 610 685 642 sere
707 609 827 647 medio,
848 609 880 641 in
893 609 1055 652 quanulla
1066 614 1111 641 cst

360 663 548 705 metropolis
578 662 725 701 ecelesia,
760 661 791 693 in
829 661 1002 705 tranquilla
1031 661 1113 694 aeris

362 715 530 758 temperie,
554 715 585 747 in
606 716 677 747 loeo
699 715 830 747 distanti
851 715 889 747 ab
910 714 994 747 Urbe
1015 726 1113 757 supra

361 775 490 802 centum
512 774 539 801 et
564 768 690 811 triginta
710 769 861 801 milliaria
878 768 984 807 sitam,
999 769 1113 800 Beatae

360 821 475 854 Mariae
504 821 624 864 Virgini
651 821 803 861 dicatam,
827 821 931 854 tribus
950 820 1112 864 dignitati-

360 875 432 914 bus,
450 874 596 907 videlicet
612 874 891 914 arrlddiaeonatu,
906 885 963 917 pro
984 884 1049 906 uno
1066 884 1113 906 ar-

361 927 563 967 chidiacono,
586 933 616 960 et
636 927 964 971 archipresbyteratu,
978 938 1037 970 pro
1050 937 1114 958 uno

360 980 651 1024 archipresbytero,
665 986 694 1013 et,
709 980 880 1020 decanatu,
902 990 961 1023 pro
982 990 1048 1012 11110
1059 979 1114 1011 de-

361 1045 453 1073 cano,
478 1044 604 1066 necnon
625 1033 798 1066 duodecim
820 1033 1064 1066 canonicatibus
1085 1038 1115 1065 et

362 1086 493 1119 totidem
515 1086 709 1130 praebendis
733 1097 792 1130 pro
816 1086 987 1119 duodecim
1019 1097 1114 1118 cano-

363 1139 457 1179 nicis,
480 1145 510 1172 et
528 1145 599 1173 orto
621 1145 788 1182 praeterea
810 1139 1045 1178 mansionariis,
1058 1149 1115 1181 pro

363 1200 435 1226 octo
471 1193 707 1231 mansionariis,
742 1193 932 1236 duabusque
962 1192 1116 1226 sacristiis

363 1258 421 1291 pro
442 1247 570 1279 ‹Vluobus
589 1246 729 1279 sacristis
750 1247 807 1290 ipsi
833 1246 987 1279 ecclesiae
1014 1247 1115 1279 inser-

365 1300 535 1339 vientibus,
562 1305 739 1343 ljuaestare3
763 1300 973 1342 quamplures
990 1300 1115 1344 episco-

365 1364 422 1397 pos
444 1358 608 1396 praeterea
639 1353 838 1385 orthodoxae
867 1352 942 1385 fidei
968 1353 1116 1386 defenso-

365 1418 427 1447 res,
445 1417 585 1449 quorum
607 1406 738 1438 nomina
764 1412 831 1438 tum
853 1406 1029 1439 sanctitatis
1050 1407 1117 1450 opi-

364 1462 460 1492 nione
482 1465 548 1492 tum
574 1459 770 1502 praestantia
793 1459 948 1500 singulari
975 1460 1116 1502 praesul-

365 1518 488 1553 serunt,
508 1513 652 1555 aliosque
674 1512 892 1545 cardinalatus
912 1513 1035 1546 honore
1061 1514 1117 1546 de-

366 1572 502 1605 eoi-atos,
526 1565 604 1598 alios
639 1565 734 1597 etiam
770 1566 800 1597 S.
834 1565 869 1597 R.
904 1565 938 1597 E.
972 1566 1118 1599 modera-

366 1619 475 1652 mina¹
497 1619 644 1651 admotos
657 1618 818 1657 hahuisse,
842 1624 872 1651 et
891 1630 949 1662 pro
973 1625 1118 1662 tempore

367 1673 555 1705 existentem
577 1671 764 1715 episcopum
787 1671 975 1704 Firmanum
996 1673 1118 1716 prinei-

367 1731 460 1768 patus
487 1725 624 1767 insignia
646 1730 676 1757 et
696 1731 898 1764 ornamenta,
918 1726 1118 1768 praeventio-

368 1789 507 1821 nemque
531 1778 561 1810 in
580 1778 688 1810 multis
706 1780 810 1810 causis
826 1778 932 1821 quoad
954 1780 1075 1822 legatos
1091 1786 1117 1813 et

366 1832 598 1874 gubernatores
620 1831 769 1871 retinere,
791 1837 822 1863 ct
841 1832 1121 1866 omnimodamiu-

368 1884 600 1923 risdictionem,
641 1895 676 1916 ex
717 1885 893 1927 privilegiis
936 1887 1120 1928 apotolicis

368 1938 561 1981 iampridem
588 1938 756 1977 emanatis,
779 1943 807 1969 01
836 1949 851 1969 a
886 1938 988 1970 felicis
1016 1951 1119 1971 rnor-

368 1991 506 2023 dationis
526 1991 612 2023 Sixto
632 1991 689 2023 PP.
722 1991 767 2031 lV,
791 1991 1039 2033 praedeeessore
1063 2003 1119 2024 no-

368 2051 445 2084 stre,
465 2055 566 2087 usque
585 2044 704 2077 inhaee
719 2050 863 2087 tempora
877 2050 1033 2088 perpetuo
1047 2056 1122 2077 eon-

367 2097 514 2136 firmatis,
532 2097 562 2129 in
585 2108 657 2129 suos
672 2098 916 2136 commensales,
933 2098 1119 2137 familiares,

369 2150 502 2182 colonos
520 2156 550 2182 et
571 2150 735 2189 officiales,
756 2149 850 2182 etiam
871 2150 1021 2193 privative
1040 2162 1120 2194 quo-

370 2203 408 2234 ad
427 2203 547 2243 legatos
568 2208 598 2235 et
617 2204 850 2245 gubernatores
879 2215 1120 2248 (Inest-umqum

369 2266 405 2287 ac
426 2256 565 2287 Mentem
585 2255 723 2287 Viridem
746 2256 914 2288 castellum
935 2257 967 2288 in
993 2268 1121 2290 omnem

370 2308 627 2340 iurisdictionem
648 2309 801 2348 retinere,
825 2321 951 2342 necnon
968 2310 1122 2349 Firmum,

369 2361 477 2393 Piceni
501 2362 626 2401 urbem,
649 2362 869 2395 Romanorum
891 2363 1051 2396 coloniam
1069 2374 1122 2395 ex-

370 2409 482 2449 titisse,
504 2421 541 2442 ac
559 2421 595 2443 ex
616 2422 688 2452 qua,
705 2411 759 2442 uhi
777 2412 949 2444 christiana
968 2412 1123 2454 religione

370 2458 492 2491 imbuta
518 2459 579 2491 suit
599 2460 658 2491 sul)
669 2460 763 2492 Decio
776 2461 982 2504 imperatore,
998 2466 1123 2504 septua-

370 2507 457 2549 ginta
486 2507 626 2540 Firmani
657 2514 811 2551 martyres
832 2510 988 2552 prodiisse
1009 2521 1123 2543 recen-

370 2562 492 2595 sentur,
517 2557 548 2588 in
568 2567 631 2599 qua
653 2558 752 2589 multa
773 2568 910 2600 corpora
931 2559 1124 2591 Sanctorum

371 2615 407 2637 ac
434 2604 688 2638 innumerabiles
716 2606 797 2638 aliae
828 2607 983 2649 reliquiae
1009 2618 1125 2651 magna

407 2660 417 2686 1
432 2657 541 2693 Ughell.
557 2659 737 2688 Moderamae'ni
752 2659 794 2693 (R.
813 2659 867 2695 T.).

956 237 1136 262 BULLARIUM
1160 236 1313 260 nOMANUM

1152 300 1226 322 cum
1246 290 1452 322 veneratione
1473 295 1688 331 asservantur,
1712 290 1821 323 multis
1842 290 1907 334 pri-

1152 342 1276 384 vilegiis
1292 348 1322 375 et
1342 342 1487 383 indultis,
1510 348 1575 375 tam
1597 354 1614 375 a
1635 343 1707 386 piae
1730 344 1906 377 memoriae

1153 395 1308 437 Gregorio
1329 395 1392 435 VII,
1415 406 1431 427 a
1444 395 1758 439 quotunctemporis
1770 396 1908 430 existens

1154 448 1327 491 episcopus
1345 448 1516 481 Firmanus
1534 448 1641 481 crucis
1661 449 1853 482 deferendae
1864 451 1908 482 sa-

1155 501 1283 534 cultatis
1310 502 1594 535 confirmationem
1615 502 1768 543 obtinuit,
1790 513 1808 535 a
1829 503 1906 536 Gre-

1154 554 1245 597 gorio
1267 554 1342 595 Vltt,
1361 555 1412 595 lx,
1435 555 1473 595 X,
1496 555 1705 599 Honorioque
1725 555 1776 595 111,
1796 555 1853 598 qui
1867 556 1908 589 ei-

1155 607 1227 640 dem
1259 608 1411 651 episcopo
1441 613 1475 640 ut
1496 607 1651 651 principis
1675 619 1793 641 nomen
1814 608 1908 642 iuris-

1155 660 1397 704 dictionemqne
1418 661 1619 704 spiritualem
1645 666 1676 693 et
1696 662 1907 705 temporalem

1156 713 1322 754 retineret,
1345 714 1514 754 concessit,
1530 715 1717 747 Innocentio
1734 715 1772 747 Ill
1793 720 1825 747 et
1844 715 1907 754 VII,

1156 766 1301 808 Eugenio
1321 767 1357 799 lv
1373 773 1403 799 et
1423 767 1554 800 Callisto
1571 768 1622 808 ΙΙΙ,
1646 779 1683 800 ac
1708 768 1909 811 quampluri-

1157 819 1216 852 mis
1226 819 1298 852 aliis
1308 820 1460 852 Romanis
1470 820 1691 861 Pontificibus,
1704 821 1801 854 etiam
1819 832 1910 864 prae-

1156 872 1380 905 decessoribus
1400 873 1529 912 nostris,
1548 879 1616 905 tum
1651 874 1757 907 clarae
1789 885 1910 907 memo-

1157 926 1222 958 riae
1243 925 1406 958 Friderico
1427 926 1451 958 Il
1473 932 1502 958 et
1517 926 1657 959 Henrico
1671 927 1719 967 Ill,
1735 928 1911 971 multisque

1157 979 1229 1011 aliis
1254 979 1407 1012 Romanis
1431 979 1682 1023 imperatoribus
1703 980 1909 1021 illustratam,

1157 1032 1406 1075 amplissimam,
1429 1032 1460 1064 in
1481 1044 1545 1076 qua
1566 1033 1646 1065 nihil
1668 1034 1733 1066 sere
1753 1034 1911 1077 perspici-

1159 1091 1210 1118 tur
1237 1086 1323 1128 quod
1354 1086 1423 1118 eius
1458 1087 1553 1129 longe
1579 1086 1708 1130 alteque
1741 1087 1912 1130 repetitam

1158 1138 1379 1180 antiquitatem
1402 1149 1466 1171 non
1488 1140 1697 1181 praeseferat,
1713 1139 1742 1172 in
1765 1141 1847 1173 colle
1859 1151 1911 1173 ae-

1158 1191 1201 1223 ris
1221 1191 1437 1231 saluberrimi,
1461 1193 1665 1225 amoenitatis
1684 1203 1749 1225 non
1770 1193 1913 1236 exiguae,

1159 1245 1190 1277 in
1211 1245 1318 1278 media
1335 1245 1441 1277 Piceni
1464 1250 1566 1288 parte,
1589 1246 1628 1278 ad
1649 1246 1754 1279 sinum
1774 1247 1911 1279 Adriati-

1159 1309 1247 1338 cum,
1262 1309 1326 1331 non
1348 1300 1442 1342 longe
1462 1300 1501 1332 ab
1522 1299 1723 1343 Appenninis
1745 1300 1913 1334 montibus

1159 1352 1216 1384 sita
1223 1363 1264 1387 m:
1276 1357 1306 1384 et
1317 1353 1592 1396 quemadmodum
1605 1353 1749 1386 Firmum
1759 1354 1911 1387 Picenum

1159 1405 1235 1437 olim
1267 1405 1512 1445 nominabatur,
1546 1405 1587 1438 ita
1616 1406 1686 1438 aliis
1714 1407 1914 1450 temporibus

1160 1458 1298 1490 Marchia
1311 1458 1461 1491 Firmana
1477 1459 1755 1502 vocabatur‚qnod
1770 1459 1913 1492 Firmum

1162 1511 1314 1553 primaria
1335 1512 1444 1545 civitas
1464 1512 1495 1544 in
1517 1512 1603 1545 dicta
1622 1512 1787 1555 provincia
1804 1513 1914 1546 existe-

1162 1570 1219 1597 ret.
1243 1565 1408 1609 Principes
1437 1576 1567 1608 quoque
1595 1565 1650 1609 qui
1680 1566 1712 1598 in
1742 1577 1832 1598 suam
1863 1567 1913 1599 iu-

1162 1618 1385 1651 risdictionem
1406 1619 1579 1652 Marchiam
1600 1619 1647 1651 vel
1669 1619 1852 1663 receperint
1868 1621 1914 1653 vel

1162 1671 1357 1713 redegerint,
1382 1672 1413 1703 in
1435 1672 1519 1704 dicta
1541 1671 1667 1705 civitate
1687 1672 1795 1705 sedem
1813 1673 1916 1705 domi-

1163 1725 1341 1768 ciliumque
1352 1726 1527 1758 collocasse
1535 1736 1571 1758 ac
1583 1736 1712 1769 semper
1727 1726 1915 1767 detinuisse,

1163 1778 1343 1821 eodemque
1364 1779 1524 1821 exemplo,
1548 1778 1606 1811 sub
1629 1778 1782 1811 Romanis
1806 1779 1915 1812 Ponti—

1162 1831 1291 1871 ficibus,
1314 1832 1425 1864 multis
1451 1832 1544 1864 annis
1575 1831 1702 1865 Curiam
1731 1833 1916 1876 generalem

1163 1884 1333 1926 legationis
1351 1885 1523 1925 Marrhiae,
1541 1890 1705 1928 tamquam
1719 1885 1750 1917 111
1769 1885 1840 1918 1000
1856 1885 1916 1919 110-

1164 1938 1367 1977 norabiliori,
1391 1937 1467 1970 inibi
1488 1938 1656 1978 resedisse,
1672 1948 1799 1971 necnon
1819 1949 1916 1981 gene-

1164 1992 1230 2023 rale
1252 1991 1413 2032 Studium,
1432 1992 1469 2024 ad
1492 1991 1593 2023 instar
1613 1991 1717 2024 Studii
1736 1992 1917 2025 Bononien-

1164 2045 1206 2077 sis
1222 2056 1239 2076 a
1261 2045 1454 2077 recolendae
1466 2045 1643 2077 memoriae
1656 2044 1820 2077 Bonifacio
1833 2045 1917 2088 Papa

1165 2098 1239 2137 Ylll,
1259 2098 1410 2130 similiter
1427 2098 1810 2141 praedecessorenostro,
1823 2104 1919 2142 etpo-

1165 2157 1230 2183 stea
1248 2152 1287 2183 ab
1308 2150 1451 2193 Eugenio
1472 2150 1508 2182 IV
1529 2155 1559 2183 et
1579 2150 1706 2184 Callisto
1718 2151 1917 2194 Ill,praede·

1166 2204 1347 2237 cessorihus
1365 2204 1550 2247 praedictis,
1573 2215 1610 2236 ac
1631 2204 1741 2237 multis
1753 2205 1824 2237 aliis
1834 2205 1917 2238 Pon-

1167 2257 1307 2290 tificibus
1328 2257 1569 2295 confirmatum,
1600 2262 1631 2289 et
1656 2268 1673 2289 a
1698 2257 1791 2290 nobis
1810 2257 1918 2290 denuo

1165 2316 1309 2344 erectum
1331 2316 1362 2344 et
1381 2311 1566 2344 restitutum
1580 2310 1726 2343 floruisse
1742 2315 1772 2343 et
1787 2311 1915 2350 110101ος

1167 2364 1199 2396 111
1221 2375 1321 2407 eaque
1340 2370 1447 2397 extare
1468 2363 1640 2405 collegium
1668 2363 1915 2396 iurisconsulto-

1166 2424 1238 2445 rum
1261 2414 1323 2445 iam
1345 2413 1419 2445 inde
1440 2413 1479 2445 ab
1501 2412 1749 2445 immemorabili
1771 2418 1916 2455 tempore

1167 2462 1420 2501 ornatissimum,
1436 2471 1472 2493 ac
1491 2460 1522 2492 in
1539 2471 1676 2493 numero
1697 2465 1727 2493 ct
1747 2460 1916 2493 doctorum

1167 2510 1363 2554 praestantia
1383 2510 1521 2551 insigne,
1534 2511 1595 2542 hor.
1611 2509 1742 2553 quidem
1759 2514 1916 2552 tempore,

1167 2560 1252 2591 ultra
1269 2558 1469 2602 septuaginta
1486 2558 1635 2591 doctores
1652 2558 1853 2602 conscriptos
1868 2569 1917 2591 re-

1167 2608 1278 2652 periri3
1301 2608 1419 2641 eisdem
1442 2607 1538 2641 modo
1558 2612 1589 2640 et
1608 2607 1730 2640 ratione
1742 2607 1916 2650 quamplu-

1920 236 1972 264 An.
1990 235 2018 264 C.
2038 237 2106 265 1589
