2226 3070
852 270 950 296 mnnx
975 271 1093 296 annun.
1639 265 1704 298 663

194 329 352 363 Dominici
373 330 433 374 (S.)
446 329 573 365 Ordinis
586 331 712 365 Fratres
729 332 967 366 Praedicatores
987 333 1238 378 prohibitionem
1260 344 1278 366 a
1299 333 1455 376 Gregorio
1477 334 1543 368 XIII
1564 335 1749 369 habuerunt

284 384 408 417 favores
429 395 584 429 quaerere
615 396 632 418 a
660 396 865 430 quacumque
893 397 1030 430 persona
1051 393 1139 420 extra
1164 387 1315 420 Ordinem
1341 388 1380 420 ad
1402 387 1573 430 dignitates
1594 395 1622 422 et
1645 389 1749 423 officia

285 437 472 479 obtinenda,
493 438 550 471 561
576 449 607 472 a.
631 439 776 473 Clemens
795 440 858 473 Ylll
877 440 1131 486 prohibitionem
1151 440 1233 473 hanc
1253 441 1384 484 ampliat
1406 447 1436 473 et
1453 451 1575 485 poenas
1596 442 1746 486 applicat,

283 491 362 524 ibid.
386 497 417 525 et
435 502 499 536 seq.
523 492 804 526 Contravenientes
824 499 911 526 certo
933 493 1030 526 modo
1051 494 1181 537 probari
1204 494 1358 535 decernit,
1387 493 1450 527 562
1470 505 1500 527 a.

196 543 343 577 Duellnm
372 550 555 578 exercentes
576 551 631 578 aut
656 546 879 589 permittentes
911 546 983 579 Pius
1003 547 1039 579 IV
1070 546 1183 589 poeuis
1215 547 1381 587 deterruit,
1414 547 1478 580 (305
1507 559 1537 581 a.
1570 548 1747 581 Concilium

285 597 505 631 Tridentinnm
536 605 599 631 tam
628 598 790 642 principes
820 599 1041 642 permittentes
1062 600 1179 640 duclla,
1202 611 1298 643 quam
1320 606 1499 644 pugnantes
1520 607 1550 634 et
1570 601 1649 634 alios
1678 612 1749 644 gra—

284 650 375 684 vibus
396 651 472 684 item
501 651 613 695 poenis
633 651 784 695 perculit',
809 652 885 685 ibid.
910 651 936 684 b.
962 652 1134 694 Gregorius
1165 653 1231 685 XIII
1261 653 1301 686 ad
1333 653 1450 693 duella,
1475 653 1570 687 etiam
1598 654 1747 698 privatim

286 704 468 745 commissa,
493 715 546 738 cas
566 705 718 745 extendit,
743 704 806 737 606
825 716 855 738 a.
879 705 1025 738 Clemens
1045 705 1108 738 VIII
1130 706 1227 739 dictas
1249 707 1494 740 constitutiones
1524 714 1556 741 et
1584 708 1748 741 decretum

284 756 415 790 Concilii
436 757 595 801 approbat
615 763 645 790 et
665 757 807 798 innovat,
830 757 932 797 2sst1id.;
955 767 1140 801 poenasque
1170 758 1202 790 in
1231 758 1514 792 constitutionibus
1544 760 1681 793 sancitas
1710 760 1748 793 ad

283 815 385 844 certas
402 821 555 855 personas
573 817 603 844 ct
623 811 692 844 loca
713 811 868 851 extendit,
883 810 960 844 ibid.
978 811 1004 844 b.
1026 811 1150 855 Scripta
1168 812 1276 844 onmia
1297 812 1336 845 ad
1358 812 1465 845 duella
1485 813 1575 857 qnasi
1596 824 1748 857 prepara-

284 864 366 896 toria
395 864 564 908 prohibet,
588 864 666 897 ibid.
700 864 809 897 Varias
841 863 1087 897 monomachiae
1110 864 1324 898 instituendae
1349 865 1490 898 rationes
1521 866 1691 905 describit,
1719 872 1749 899 et

284 916 425 957 damnat,
438 916 501 950 607
516 928 545 950 a.
563 918 747 961 Iternmque
761 917 938 950 duellantes
952 923 980 950 et
996 923 1139 950 caeteros
1159 918 1492 951 excommunicatione
1505 925 1536 951 ct
1549 919 1618 952 aliis
1638 920 1750 962 poenis

283 970 440 1013 percellit,
464 970 542 1004 ibid.
566 971 785 1004 Ecclesiastica
806 971 972 1014 sepultura
992 971 1023 1003 in
1045 971 1152 1004 duello
1174 971 1367 1004 decedentes
1387 972 1500 1015 privat,
1525 972 1588 1005 (508
1609 984 1639 1005 a.
1659 973 1749 1005 Prin-

284 1023 370 1068 cipes
391 1023 538 1057 bortatur
557 1024 597 1057 ad
618 1024 861 1057 exterminanda
882 1024 1000 1065 duella,
1024 1029 1054 1057 et
1075 1023 1276 1068 deliquentes
1297 1024 1509 1068 puniendum,
1533 1025 1610 1058 ibid.
1635 1025 1661 1058 b.

193 1398 352 1432 Ecclesiae
372 1397 574 1443 parochiales
593 1408 649 1432 seu
669 1398 806 1432 vicariae
827 1404 983 1443 perpetuo
1001 1399 1110 1433 unitae
1132 1400 1333 1434 monasteriis
1353 1401 1587 1435 Canonicorum
1606 1402 1746 1445 Regula-

281 1453 366 1486 rium
388 1452 647 1495 congregationis
668 1452 772 1485 Sancti
794 1452 920 1485 loannis
940 1452 1158 1493 Evangelistae
1179 1453 1210 1486 in
1231 1454 1446 1496 Portugalliae
1467 1461 1497 1488 et
1522 1455 1747 1497 Algarbiorum

282 1506 401 1548 regnis,
424 1516 489 1538 non
509 1516 567 1549 per
586 1505 731 1539 locorum
753 1505 951 1546 Ordhmrios,
974 1505 1030 1539 sed
1051 1517 1109 1550 per
1129 1507 1312 1550 superiores
1327 1507 1470 1540 eiusdem
1489 1509 1748 1551 congregationis

281 1558 499 1603 providendae
519 1564 593 1592 sunt
611 1558 696 1591 iuxta
715 1559 761 1592 Pii
782 1558 805 1591 V
826 1559 1100 1600 constitutionem,
1122 1558 1163 1591 et)
1183 1571 1202 1592 a
1225 1566 1253 1593 ct
1272 1571 1335 1604 seq.
1357 1560 1496 1594 Examen
1517 1567 1622 1595 tamen
1645 1568 1674 1594 et
1694 1573 1748 1606 ap-

281 1612 430 1656 probatio
447 1611 624 1646 Ordinariis
641 1612 897 1653 committuntur,
921 1611 998 1645 ibid.
1024 1612 1101 1646 Cum
1123 1623 1198 1646 vero
1219 1614 1434 1656 Portugalliae
1455 1614 1597 1659 episcopi
1619 1615 1748 1648 decreto

281 1666 356 1699 huic
375 1676 440 1699 non
460 1671 606 1710 pareant,
621 1665 765 1710 pontifex
784 1670 869 1699 vetat
888 1675 1082 1699 concursum
1103 1666 1142 1699 ab
1164 1667 1315 1711 episcopo
1337 1667 1433 1701 indici
1454 1668 1616 1712 parochiis
1636 1668 1684 1701 vel
1704 1669 1748 1701 vi-

283 1719 377 1753 cariis
406 1719 614 1759 vacantibus,
638 1718 676 1751 61
698 1730 735 1759 a;
763 1718 1012 1763 nominatosque
1038 1730 1055 1752 a
1084 1720 1324 1764 superioribus,
1345 1727 1502 1764 quatenus
1529 1721 1637 1754 idonei
1664 1721 1746 1763 sint,

281 1772 519 1813 iubet-admitti,
539 1772 617 1805 ibid.
641 1772 757 1816 Sicque
778 1772 809 1805 in
830 1772 989 1806 similibus
1008 1773 1151 1817 procedi,
1176 1785 1250 1807 cum
1271 1774 1424 1807 nimirum
1446 1774 1603 1808 institutio
1623 1785 1688 1808 non
1708 1775 1748 1808 ab

281 1827 357 1871 ipsis
374 1826 544 1871 episcopis,
567 1825 623 1859 sed
643 1825 682 1858 ab
703 1825 772 1859 aliis
793 1826 854 1859 erit
873 1825 1031 1867 facienda,
1060 1826 1096 1859 61
1113 1826 1140 1860 b.

192 1889 405 1924 Ecclesiarum
425 1888 596 1931 regimina.
617 1888 793 1922 Concilium
806 1888 1029 1922 Tridentinum
1051 1888 1191 1932 insignes
1211 1889 1295 1923 viros
1321 1889 1360 1922 ad
1381 1889 1581 1923 cathedrales
1599 1889 1749 1924 ecclesias

280 1943 354 1986 eligi
386 1942 527 1977 decrevit
555 1941 703 1986 pluribus
724 1942 755 1975 in
784 1942 881 1983 locis,
905 1941 969 1975 419
989 1941 1016 1975 b.
1048 1942 1221 1985 Gregorius
1241 1942 1322 1983 XIV,
1350 1942 1416 1986 qui,
1452 1943 1496 1976 uti
1527 1943 1749 1977 Cremonensis

279 1997 468 2041 episcopus,
492 1996 629 2030 coneilio
650 1995 814 2037 interfuit,
839 1996 918 2029 illud
943 1995 1122 2029 executioni
1152 1996 1342 2029 demandari
1367 2002 1505 2040 exoptat,
1529 1996 1607 2029 ibid.
1631 1997 1746 2030 Conci-

279 2051 358 2083 lium
379 2049 542 2084 mandavit
560 2055 595 2083 ut
614 2049 646 2083 in
664 2049 846 2094 quibusque
867 2049 945 2083 locis
965 2060 1024 2093 per
1045 2050 1331 2094 metropolitanum
1356 2050 1387 2082 in
1409 2050 1531 2094 synodo
1551 2050 1750 2093 praescribe—

279 2109 369 2137 retur
388 2103 490 2136 sorma
510 2102 665 2137 examinis
683 2108 713 2136 et
732 2102 963 2143 instructionis,
987 2101 1052 2135 4:20
1072 2114 1102 2136 α.
1130 2103 1206 2136 Cum
1232 2113 1308 2136 vero
1333 2103 1364 2136 id
1390 2103 1421 2135 in
1446 2103 1647 2147 paucissimis
1672 2103 1749 2136 locis

281 2162 475 2201 exequutum
497 2156 602 2197 fuerit,
626 2155 678 2189 hic
698 2155 771 2190 ideo
788 2156 933 2200 pontifex
961 2155 1107 2199 designat
1126 2166 1280 2200 personas
1297 2156 1414 2200 quibus
1439 2155 1499 2189 erit
1517 2156 1749 2189 committenda

280 2210 447 2244 instructio
468 2215 498 2243 et
519 2220 652 2243 examen
672 2215 760 2243 extra
780 2209 902 2243 curiam
928 2215 960 2243 et
979 2209 1010 2242 in
1031 2209 1141 2251 curia,
1165 2209 1240 2242 ibib.
1269 2208 1296 2242 b.
1319 2209 1512 2243 Praescribit
1532 2209 1664 2253 insuper
1684 2210 1748 2242 sor-

281 2274 366 2296 mam
388 2263 606 2297 instructionis
623 2269 654 2297 et
673 2263 839 2304 examinis,
862 2262 922 2295 421
940 2274 969 2296 a.
993 2263 1139 2297 Declarat
1159 2263 1213 2307 qui
1235 2268 1329 2296 testes
1350 2262 1450 2307 recipi
1467 2263 1599 2307 possint,
1622 2262 1697 2295 ibid.
1719 2263 1745 2295 b.

279 2317 451 2357 Qualitates
471 2317 779 2361 promovendorum,
800 2327 883 2360 quae
902 2316 1033 2361 probari
1054 2316 1189 2357 debent,
1212 2316 1277 2349 42⁶2
1297 2327 1326 2349 (1.
1355 2316 1524 2356 Quomodo
1545 2327 1617 2350 cum
1642 2317 1748 2359 Regu-

279 2371 401 2404 laribus
420 2370 674 2414 procedendum,
690 2369 769 2403 ibid.
793 2369 819 2403 b.
844 2370 1005 2403 Absolutis
1024 2370 1211 2413 praedictis,
1239 2376 1270 2403 et
1297 2369 1393 2403 etiam
1417 2369 1513 2403 simili
1542 2369 1748 2414 inquisitione

279 2425 319 2457 de
339 2430 423 2457 statu
443 2423 607 2464 ecclesiae,
631 2423 719 2457 iubet
738 2423 973 2467 professionem
991 2423 1061 2461 fieri
1081 2434 1099 2457 a
1120 2423 1358 2468 promovendis,
1386 2422 1452 2456 423
1471 2434 1500 2456 α.
1528 2423 1748 2467 Inquisitionis

278 2488 448 2522 processus
468 2488 486 2510 a
506 2477 722 2510 cardinalibus
741 2477 905 2522 prioribus
926 2477 1077 2510 ordinum
1106 2477 1138 2510 in
1158 2477 1250 2511 Curia
1270 2482 1381 2521 postea
1409 2477 1585 2510 examinari
1617 2476 1744 2517 debent,

279 2531 356 2564 ibid.
370 2531 396 2564 b.
419 2530 538 2565 Eadem
559 2530 724 2575 inquisitio
746 2530 815 2563 fieri
838 2530 932 2564 debet
946 2531 984 2563 de
1006 2531 1234 2575 promovendis
1254 2531 1293 2563 ad
1314 2530 1464 2563 ecclesias
1485 2530 1523 2563 de
1544 2529 1660 2573 quibus
1672 2539 1748 2562 con-

278 2584 485 2618 cistorialiter
514 2584 702 2630 providetur
728 2594 801 2618 cum
832 2584 927 2617 certis
955 2584 1238 2625 declarationibus,
1261 2583 1339 2617 ibid.
1367 2583 1520 2617 Doctrina
1548 2592 1743 2627 promoven-

279 2638 407 2678 dorum,
435 2637 512 2671 ibid.
544 2638 595 2672 Ius
619 2637 845 2682 praesentandi
865 2637 914 2671 vel
941 2637 1081 2681 eligendi
1110 2637 1263 2671 habentes
1284 2637 1335 2682 pie
1360 2637 1576 2670 admonentur
1595 2627 1629 2668 ut
1655 2646 1746 2681 prae-

279 2697 403 2725 sentent
426 2697 453 2725 et
477 2692 593 2734 eligant
616 2691 762 2731 idoneos,
786 2690 850 2724 4⁶24
870 2702 899 2723 a.
