2226 3070
31 250 84 280 An.
101 250 132 280 C.
150 250 218 279 1588

896 255 1000 279 sixrus
1020 255 1037 278 v
1058 255 1105 278 rr.
1717 250 1737 281 5

275 307 291 349 ᾗ
315 306 347 338 2.
375 306 498 345 Quibus
519 312 701 350 opportune
719 307 886 350 providere
907 319 985 351 apo-

61 359 343 393 ssevossatioacstolica
386 360 579 393 auctoritate
613 360 768 401 volentes,
808 371 922 394 omncs
956 368 985 394 et

32 395 149 422 prohibitio
190 395 216 415 de

32 427 106 453 quibus
135 428 154 446 in
180 432 217 447 ru-

33 458 97 478 brien.

231 424 455 457 quascumque
484 413 640 454 licentias,
671 414 912 458 permissiones,
936 416 985 447 in-

232 467 333 508 dulta,
356 467 584 510 indulgentias,
607 468 829 511 exemptiones
841 474 869 500 et
884 468 985 501 sacul-

233 527 329 563 tateS‚
359 532 497 565 quarum
523 526 652 553 tenores
677 520 903 564 praesentibus
932 522 986 554 ba-

232 573 301 607 beri
321 575 471 607 volumus
491 584 550 617 pro
567 574 738 616 expressis,
753 584 810 616 per
823 573 987 607 ministros

231 627 399 671 generales
418 627 465 659 vel
486 625 713 670 provinciales,
731 632 783 658 aut
801 626 880 659 alios
892 638 986 670 supe-

232 681 624 724 rioresquorumcumque
638 680 911 712 monasteriorum
924 680 987 712 sive

232 733 429 777 regularium
455 733 627 766 domorum
649 733 727 765 dicti
748 733 986 766 OrdinisinHi-

231 787 418 831 spaniarum
453 791 484 819 et
509 786 580 819 aliis
607 786 715 829 regnis
743 786 921 830 insulisque
949 786 987 819 il-

232 841 270 873 lis
290 840 512 874 adiacentibus
537 845 567 873 et
586 839 658 873 aliis
677 839 758 873 locis
777 839 892 873 ditioni
912 840 986 872 Phi-

233 893 311 938 lippi
330 894 415 937 regis
425 893 592 933 subiectis,
605 893 770 937 quibusvis
783 892 912 926 Ordinis
923 904 988 926 mo-

232 948 448 981 nasteriorum
470 953 501 980 et
521 947 693 980 domorum
719 946 907 980 huiusmodi
929 947 988 979 sra-

232 1001 334 1034 tribus
346 1011 444 1045 super
459 1000 645 1045 praemissis
664 1001 713 1034 vel
734 1011 846 1034 eorum
868 1000 987 1044 aliquo,

232 1060 287 1088 aut
314 1055 392 1088 alias
422 1060 535 1088 contra
564 1054 642 1088 dicti
668 1054 797 1088 Ordinis
826 1054 989 1097 regularia

233 1109 391 1149 instituta,
419 1108 681 1150 constitutiones,
709 1109 930 1142 ordinationes
959 1114 989 1142 et

234 1163 375 1204 decreta,
398 1174 435 1196 ac
461 1163 644 1205 regularem
680 1162 755 1195 dicti
781 1162 910 1196 Ordinis
931 1163 988 1196 ob-

235 1216 440 1257 servantiam,
463 1216 628 1250 ordinaria
648 1222 704 1249 aut
720 1216 783 1249 alia
803 1216 913 1260 quavis
933 1227 990 1249 au-

235 1271 383 1304 ctoritate
407 1271 456 1304 vel
477 1281 574 1303 causa
593 1270 836 1313 quomodolibet
859 1280 990 1303 conces-

235 1336 306 1365 sas,
334 1325 513 1369 apostolica
539 1324 742 1365 auctoritate,
765 1330 878 1357 tenore
899 1334 990 1366 prae-

235 1378 387 1419 sentium,
402 1389 605 1418 revocamus,
620 1388 796 1417 cassamus,
810 1378 988 1418 irritamus,

235 1432 456 1471 annullamus,
476 1431 663 1476 viribusque
681 1437 712 1465 et
731 1432 988 1472 effectucarere,

235 1496 272 1518 ac
292 1485 415 1519 nullius
434 1486 561 1519 roboris
581 1486 630 1519 vel
651 1486 808 1518 momenti
829 1496 907 1525 esse,
934 1495 990 1518 ne-

235 1549 299 1582 que
319 1539 439 1583 cuique
465 1539 598 1572 omnino
627 1539 795 1582 suffragari
818 1550 911 1582 posse
936 1544 991 1571 aut

236 1593 366 1633 debere,
387 1593 512 1626 etiamsi
533 1604 632 1637 super
655 1593 720 1626 illis
743 1604 760 1626 a
781 1602 990 1637 quocumque

237 1646 356 1686 iudice,
388 1646 484 1679 etiam
512 1647 676 1680 Romanae
707 1646 843 1686 Curiae,
879 1646 991 1690 quavis

236 1711 333 1734 causa
353 1701 400 1733 vel
415 1700 597 1740 occasione,
611 1700 745 1744 aliquod
759 1701 926 1734 decretum
936 1712 992 1745 ap-

237 1753 446 1798 probationis,
455 1754 551 1787 etiam
563 1764 600 1787 ex
612 1764 707 1787 causa
721 1755 991 1798 transumptandi,

237 1808 452 1848 emanaverit3
479 1818 607 1841 necnon
638 1807 795 1852 quicquid
824 1818 918 1841 secus
937 1819 991 1841 su-

237 1872 296 1906 per
316 1861 365 1895 his
392 1873 410 1895 a
442 1872 623 1906 quoquam,
654 1862 765 1905 quavis
785 1861 990 1902 auctoritate,

237 1915 376 1949 scienter
395 1915 443 1949 vel
469 1916 657 1958 ignoranter
679 1915 829 1949 attentari
851 1916 994 1958 contige-

238 1967 290 2010 rit,
301 1968 449 2002 irrritum
470 1974 501 2002 et
520 1968 617 2003 inane
629 1969 837 2003 decernimus
848 1975 878 2002 et
888 1970 995 2003 decla-

239 2032 360 2056 ramus.
392 2023 437 2056 Ac
460 2023 640 2057 districtius
660 2023 859 2063 inhibemus,
882 2023 914 2056 in
930 2023 993 2056 vir-

239 2082 307 2110 tute
326 2082 457 2110 sanctae
476 2076 693 2117 obedientiae,
712 2077 877 2110 modernis
892 2083 923 2110 et
935 2087 994 2121 pro

238 2136 386 2175 tempore
413 2131 627 2164 existentibus
656 2130 804 2163 ministro
835 2131 992 2173 generali,

239 2184 493 2228 provincialibus
513 2195 550 2218 ac
571 2184 642 2217 aliis
662 2184 741 2218 dicti
760 2184 889 2218 Ordinis
902 2195 996 2228 supc-

241 2238 382 2272 rioribus
401 2239 664 2282 quibuscumque
679 2265 686 2278 ‚
716 2238 828 2282 quavis
853 2238 994 2271 auctori-

242 2298 304 2326 tate
330 2292 550 2336 fungentibus,
573 2302 613 2325 ne
643 2292 721 2325 tales
745 2291 902 2332 licentias,
924 2303 997 2336 per-

242 2347 423 2387 missiones,
455 2345 592 2386 indulta,
626 2345 855 2389 indulgentias,
892 2356 997 2379 exem-

242 2400 379 2444 ptiones,
405 2399 645 2444 praerogativas
674 2404 705 2432 et
733 2400 903 2432 facultates
927 2400 997 2433 cui-

241 2460 362 2493 quam,
396 2449 507 2493 quavis
540 2448 712 2482 occasione
741 2449 790 2482 vel
819 2459 915 2482 causa
943 2454 998 2481 aut

242 2504 423 2542 praetextu,
456 2498 638 2532 concedere
662 2497 801 2531 audeant
828 2498 877 2532 vel
906 2508 998 2541 prae-

241 2552 383 2580 sumant.

286 2597 301 2640 ξ
326 2596 357 2630 3.
385 2596 422 2629 Et
453 2595 667 2630 nihilominus
691 2595 849 2629 universis
874 2600 905 2628 et
932 2595 997 2628 sin-

241 2646 326 2691 gulis
354 2645 626 2680 monasteriorum
652 2656 690 2680 ac
718 2645 892 2679 domorum
921 2644 997 2678 dicti

1028 307 1155 341 Ordinis
1177 308 1208 340 in
1236 308 1329 340 dictis
1356 310 1475 351 regnis,
1505 310 1618 342 insulis
1640 324 1675 343 ac
1704 312 1782 344 locis

1031 361 1211 405 praedictis,
1235 367 1366 405 totoque
1397 362 1497 405 ipsius
1525 363 1666 407 Pbilippi
1701 365 1784 408 regis

1029 414 1191 454 dominio,
1230 420 1265 447 ut
1300 417 1500 458 praefertur,
1533 417 1785 451 consistentilms

1030 467 1282 510 prm‘incialibus
1303 474 1330 500 et
1354 468 1521 511 quibusvis
1541 469 1611 502 aliis
1638 471 1786 513 superio-

1029 520 1118 553 ribus
1140 532 1196 564 per
1207 528 1393 564 praesentes
1405 521 1638 556 committimus
1650 528 1681 556 et
1695 535 1785 557 man—

1029 574 1143 606 damus
1160 580 1205 615 ut,
1229 575 1417 608 huiusmodi
1435 575 1585 617 licentiis,
1607 576 1741 610 indultis
1756 583 1787 611 et

1029 627 1100 659 aliis
1126 628 1300 670 praedictis
1329 639 1395 661 non
1429 629 1643 670 obstantibus,
1671 631 1788 664 fratres

1030 680 1213 723 praedictos
1233 682 1272 714 ad
1293 682 1528 716 observantiam
1550 684 1732 726 regularem
1751 695 1786 718 o-

1030 733 1142 766 mnino
1164 740 1280 776 cogant
1300 740 1330 768 et
1351 737 1560 780 compellant,
1588 737 1725 781 perinde
1750 749 1788 771 ac

1029 786 1055 819 si
1076 786 1239 827 licentiae,
1262 787 1387 822 indulta
1407 790 1508 822 etalia
1520 790 1709 824 huiusmodi
1722 802 1787 825 non

1030 846 1244 873 emanassent.
1268 842 1312 875 Ac
1332 848 1505 886 propterea
1526 845 1647 877 eisdem
1660 846 1789 889 provin-

1031 894 1167 927 cialibus
1186 900 1217 927 et
1237 895 1473 939 superioribus,
1484 908 1521 930 ac
1533 909 1646 930 eorum
1658 899 1787 931 unicui-

1030 958 1093 990 que
1114 953 1227 980 contra
1248 960 1475 993 quoscumque
1496 951 1610 984 fratres
1631 953 1706 984 tatia
1727 953 1787 985 illi-

1031 1001 1093 1033 cita
1113 1007 1340 1046 perpetrantes
1360 1003 1702 1048 procedendi,eosque
1715 1017 1789 1039 con-

1031 1054 1136 1098 dignis
1160 1056 1274 1099 poenis
1295 1056 1384 1090 iuxta
1404 1057 1568 1100 regularia
1594 1058 1739 1092 instituta
1759 1065 1790 1092 et

1031 1109 1132 1143 dictas
1152 1110 1400 1144 constitutiones
1421 1112 1664 1146 reformatorias
1689 1114 1790 1146 corri-

1031 1163 1127 1205 gendi
1156 1168 1187 1196 et
1215 1164 1387 1208 puniendi,
1420 1165 1677 1200 contradictores
1697 1179 1792 1210 quos-

1032 1217 1110 1250 libet
1140 1223 1170 1250 et
1200 1218 1339 1251 rebelles
1364 1229 1422 1262 per
1443 1230 1598 1252 censuras
1618 1225 1649 1253 et
1669 1231 1792 1264 poenas

1032 1271 1792 1318 ecclesiasticas,appellati0nepostpositassom-

1033 1325 1198 1369 pescendi,
1220 1326 1443 1370 auxiliumque
1463 1327 1589 1360 brachii
1614 1329 1791 1362 saecularis

1032 1378 1203 1413 invocandi
1231 1381 1375 1424 plenam,
1403 1381 1540 1414 liberam
1569 1387 1599 1414 et
1626 1382 1789 1415 omnimo-

1033 1434 1106 1466 dam
1136 1434 1323 1467 facultatem
1345 1434 1557 1468 concedimus
1585 1441 1616 1469 et
1640 1435 1790 1480 imparti-

1033 1499 1118 1522 mur.

1077 1542 1147 1586 gli.
1179 1542 1249 1576 Non
1279 1542 1483 1575 obstantibus
1513 1542 1720 1586 praemissis,
1752 1556 1790 1577 ac

1033 1595 1200 1640 quibusvis
1221 1595 1508 1629 constitutionibus
1528 1602 1559 1629 et
1578 1597 1791 1631 ordinationi-

1033 1650 1093 1682 bus
1108 1649 1306 1693 apostolicis,
1325 1650 1506 1693 ceterisque
1530 1651 1702 1684 contrariis
1721 1652 1792 1696 qui-

1034 1704 1250 1748 buscumque.

1078 1767 1193 1801 Datum
1210 1767 1333 1801 Romae
1352 1767 1440 1811 apud
1461 1767 1492 1801 S.
1507 1767 1651 1809 Petrum,
1664 1768 1725 1802 suh
1736 1780 1794 1801 an—

1035 1822 1113 1854 nulo
1130 1820 1313 1862 Piscatoris,
1341 1821 1394 1855 die
1425 1831 1456 1854 xi
1487 1821 1566 1855 iunii
1597 1832 1792 1862 MDLxxxvui‚

1035 1875 1245 1919 pontificatus
1266 1874 1366 1908 nostri
1383 1886 1469 1908 anno
1489 1885 1531 1908 w.

1092 1938 1156 1968 Dat.
1176 1937 1223 1968 die
1236 1938 1269 1968 11
1291 1937 1366 1968 iunii
1386 1937 1475 1975 1588,
1493 1938 1599 1978 pontif.
1617 1948 1746 1969 aunciv.

1352 2081 1481 2116 CXXVII

1036 2160 1236 2204 Approbalio
1257 2158 1517 2203 commessationis
1536 2159 1725 2191 clericorum
1746 2169 1794 2190 re-

1081 2214 1248 2257 wilarium
1254 2213 1290 2246 M
1290 2213 1434 2255 morton,
1445 2223 1518 2246 cum
1527 2212 1796 2256 aliquarttmyra-

1084 2269 1207 2301 tz'arwn
1224 2267 1437 2300 concessione.

1083 2362 1176 2390 smus
1196 2361 1266 2397 Papa
1284 2360 1314 2394 V.
1332 2361 1366 2389 att
1381 2359 1507 2389 futuram
1522 2359 1563 2388 rei
1580 2359 1751 2388 memoriam.

1084 2447 1201 2481 Sacrae
1216 2445 1384 2489 religionis
1396 2444 1666 2489 propagationem
1678 2443 1797 2477 nostris

1040 2495 1246 2540 potissimum
1269 2495 1471 2539 temporibus
1488 2494 1610 2537 ubique
1630 2494 1751 2536 vigere,
1765 2503 1798 2525 e-

1042 2547 1158 2588 iusque
1184 2544 1309 2577 fructus
1328 2543 1467 2577 Domino
1488 2542 1690 2586 gratissimos
1715 2546 1795 2574 etu-

1042 2594 1184 2627 niversac
1215 2593 1411 2626 christianae
1441 2592 1643 2636 reipublicae
1663 2590 1795 2623 utilissi-

1041 2654 1123 2688 mOS,
1149 2643 1385 2687 animabusque
1415 2642 1562 2676 fidelium
1582 2640 1720 2675 nimium
1744 2649 1796 2673 sa-

1797 260 1849 287 An.
1868 261 1896 287 C.
1918 260 1983 288 1588

1839 321 1943 341 tim-uim
1965 329 1983 341 ι-

1799 358 1842 378 pssts
1866 356 1982 372 tununne—

1799 384 1984 408 [instituisupeiiu-

1800 415 1856 434 ribus
1891 415 1984 434 denum<

1800 447 1853 466 stata.

1816 1554 1992 1579 batumum-ou-

1805 1587 1927 1606 uariorum.

1837 2450 1970 2472 Prommtum.
