2226 3070
284 293 336 319 An.
353 293 380 318 c..
402 291 468 319 1592
514 282 577 315 598

309 1305 380 1330 Neque
397 1307 467 1324 erat-v-

283 1338 316 1352 τος
326 1331 350 1351 ad
359 1331 436 1352 Scdcm
448 1332 467 1350 i-

289 1359 466 1383 *usitatimatmiue

291 1387 368 1405 tcentta
401 1386 467 1403 trans-

284 1413 466 1432 niitta1i¹.etneine

284 1438 325 1458 talc
341 1443 413 1457 munus
434 1443 466 1456 sn-

283 1465 358 1490 scipiat
394 1466 465 1484 contra

284 1491 369 1511 termam
396 1490 466 1510 dicta-J

283 1518 360 1538 bullae.

481 340 662 373 adunantiis
679 345 709 373 et
726 339 1041 381 congregationibus,
1058 337 1225 380 magistra-

482 394 565 426 tibus
583 399 611 426 et
633 392 957 431 administratoribus,
972 401 1149 434 eorumque
1161 390 1222 423 sin-

481 446 645 489 gularibus
663 445 818 489 personis,
843 443 982 477 districte
1004 443 1225 476 interdicimus

481 505 509 531 et
531 498 740 542 probibemus
758 507 796 529 ne
818 496 888 539 quis
909 506 1020 528 eorum
1039 496 1221 535 velearmn,

481 552 540 584 sub
558 551 668 595 quovis
681 555 844 593 praetextu
863 554 914 582 aut
937 559 1042 588 causa,
1060 548 1155 582 etiam
1171 560 1224 581 ur-

481 604 566 647 genti
585 609 612 636 et
633 602 821 641 neccssaria,
839 607 950 634 contra
964 602 1224 635 constitutionem

482 657 581 690 t'elicis
601 656 832 690 recordationis
850 655 927 688 Sixti
946 656 1051 699 Papae
1068 656 1103 693 V,
1127 667 1222 699 prae—

483 710 658 743 decessoris
679 709 790 748 nostri,
807 719 889 753 quae
901 709 1026 753 incipit:
1040 709 1131 742 Inter
1142 710 1225 741 ›mil-

483 764 617 807 liple'ces,
635 774 730 806 quam
751 773 809 796 nos
829 763 944 795 harum
965 762 1046 795 serie
1068 763 1227 807 approba-

482 827 563 856 mus,
588 816 777 849 innovamus
795 822 823 849 et
842 815 1044 860 ampliamus,
1069 816 1152 848 bona
1173 822 1224 849 aut

482 870 551 903 iura
572 881 628 903 sua
649 871 775 909 vendat,
800 871 928 909 alienet,
952 870 1154 914 hvpotbccet,
1173 876 1224 903 aut

482 935 594 957 census
614 935 710 968 super
739 924 800 957 illis
830 924 992 967 imponat,
1016 929 1070 956 aut
1090 934 1148 968 pro
1169 935 1202 957 se
1216 952 1223 964 ‚

482 983 708 1020 praeterquam
730 988 766 1010 ex
788 988 882 1011 causa
906 977 1074 1010 locationis
1104 983 1225 1010 tantum

481 1031 520 1064 ad
542 1030 705 1064 modicum
728 1037 862 1074 tempus,
887 1037 915 1064 et
936 1031 1150 1064 solutionibus
1163 1042 1226 1064 non

481 1084 672 1128 anticipatis,
697 1095 761 1117 non
793 1089 898 1117 autem
928 1084 1019 1117 titulo
1041 1084 1228 1117 conductio-

481 1137 540 1177 nis,
564 1148 622 1171 nec
642 1138 707 1170 ullo
738 1139 834 1171 modo
853 1149 911 1182 pro
933 1138 1002 1171 aliis
1022 1138 1141 1181 obliget
1163 1138 1227 1171 sive

482 1202 555 1224 aere
575 1192 680 1224 alieno
701 1203 733 1224 se
754 1192 942 1234 obstringat.

528 1245 616 1287 3113.
640 1246 748 1289 Neque
779 1247 900 1288 legatos
929 1257 984 1279 seu
1014 1252 1157 1278 oratores
1188 1246 1227 1278 ad

483 1309 541 1332 nos
577 1304 605 1331 et
646 1299 760 1332 Scdem
796 1299 1011 1343 Apostolicam
1048 1299 1228 1342 sumptibus

483 1352 620 1396 publicis
652 1358 703 1385 aut
738 1353 833 1385 etiam
865 1352 997 1396 privatis
1029 1359 1057 1385 et
1088 1352 1228 1396 propriis

484 1406 627 1449 ipsorum
658 1407 855 1448 legatorum,
880 1417 983 1450 neque
1015 1406 1138 1439 etiamsi
1170 1407 1227 1450 ipsi

482 1464 594 1502 sponte
616 1459 645 1492 id
668 1470 784 1492 munus
804 1459 966 1503 suscipere
980 1464 1008 1492 et
1028 1459 1066 1492 de
1080 1470 1138 1492 suo
1151 1470 1227 1503 pro-

482 1511 551 1556 prio
584 1508 744 1556 impensas
780 1513 889 1545 subire
923 1512 1042 1551 velint,
1072 1524 1227 1556 umquam

482 1566 597 1605 mittat,
621 1577 698 1598 neve
719 1566 777 1598 sub
799 1566 930 1600 nomine
948 1566 1070 1608 agentis
1092 1572 1144 1599 aut
1166 1577 1224 1599 ne.-

482 1619 649 1662 gociorum
671 1620 806 1662 gestoris
828 1620 875 1653 vel
895 1620 1125 1663 procuratoris,
1151 1620 1228 1652 alias

482 1684 577 1717 quam
594 1674 632 1706 ad
646 1674 858 1706 necessariam
879 1673 983 1706 litium
1004 1673 1229 1717 prosequutio-

482 1738 556 1760 nem
580 1727 611 1759 in
632 1728 775 1760 Romana
796 1727 910 1766 Curia,
934 1727 1056 1770 pariter
1085 1727 1229 1770 expensis

483 1779 710 1813 communibus
742 1786 795 1812 aut
826 1780 956 1823 privatis
971 1807 978 1820 ,
1006 1779 1143 1813 retinere
1176 1786 1229 1812 aut

484 1833 620 1873 mittere,
644 1843 722 1866 neve
743 1833 904 1877 quispiam
924 1833 956 1866 id
987 1844 1104 1866 munus
1131 1834 1230 1866 susci-

484 1897 559 1930 pere
579 1892 633 1919 aut
653 1887 744 1919 obire
764 1887 892 1927 audeat,
916 1886 976 1919 nisi
997 1887 1105 1919 habita
1125 1886 1225 1930 prius,

484 1940 591 1983 quoad
611 1939 822 1981 obligationes
842 1945 871 1972 et
892 1940 1112 1980 alienationes,
1133 1940 1230 1973 licen-

486 1993 538 2033 tia,
563 1993 648 2025 iuxta
676 1993 859 2036 praedictae
879 1992 955 2026 Sixti
975 1993 1230 2037 praedecessoris

485 2046 720 2079 constitutionis
741 2053 885 2079 tenorem
901 2058 908 2087 ·,
932 2057 996 2090 quo
1014 2056 1088 2079 vero
1103 2047 1143 2079 ad
1158 2046 1230 2079 mit-

487 2100 599 2134 tendos
619 2100 741 2142 legatos
772 2111 828 2133 seu
859 2107 1003 2133 oratores
1024 2100 1153 2133 anobis
1183 2100 1230 2133 vel

485 2163 544 2197 pro
563 2159 707 2197 tempore
726 2154 879 2187 existente
899 2154 1045 2186 Romano
1062 2153 1227 2190 Pontifice.

486 2207 533 2239 vel
555 2207 594 2239 ab
615 2217 667 2245 eo,
689 2207 742 2250 qui
764 2207 1053 2240 consultationilms
1078 2207 1231 2249 negocio-

487 2270 557 2292 rum
571 2260 675 2292 Status
688 2260 897 2293 Ecclesiastici
911 2271 970 2304 pro
984 2266 1128 2304 tempore
1141 2271 1232 2304 prae-

487 2313 546 2345 erit
558 2313 718 2346 dumtaxat
735 2313 766 2345 in
780 2314 906 2357 scriptis
920 2314 1061 2354 obtenta,
1074 2314 1141 2346 sine
1155 2324 1228 2357 qua,

486 2366 585 2410 siquis
605 2366 636 2399 id
658 2377 774 2399 munus
795 2367 957 2410 suscipere
987 2378 1083 2400 ausus
1112 2367 1228 2406 fucrit,

487 2425 613 2463 practer
630 2419 707 2452 alias
728 2431 785 2463 per
806 2420 928 2453 Sixtum
949 2421 1231 2464 praedecessorem

487 2466 623 2505 inflictas
652 2483 791 2516 poenas,
813 2473 907 2505 ctiam
938 2473 1051 2506 officiis
1077 2484 1135 2517 per
1159 2484 1232 2506 euni

487 2526 626 2559 obtentis
647 2537 683 2559 eo
702 2526 770 2570 ipso
784 2527 935 2570 privatus,
957 2533 985 2560 et
1008 2528 1047 2560 ad
1065 2527 1118 2559 illa
1129 2533 1157 2560 et
1172 2527 1233 2559 alia

488 2590 711 2623 quaecumque
732 2579 907 2612 obtinenda
928 2585 1085 2623 perpetuo
1107 2579 1233 2612 inhabi-

488 2634 525 2667 lis
549 2639 577 2666 et
600 2633 752 2677 incapax,
776 2643 903 2666 necnon
934 2633 1062 2666 insaniis
1088 2639 1117 2666 et
1143 2633 1246 2679 igno--

489 2686 588 2720 ininia
601 2692 696 2731 atque
710 2685 842 2719 infamia
859 2691 987 2719 notatus
1008 2692 1184 2719 censeatur.

1057 290 1239 314 BULLARIL'M
1260 289 1413 313 ROMANUM
2021 290 2069 316 An.
2087 290 2115 316 C.
2137 290 2204 318 1592

1304 339 1320 378 ξ
1341 336 1392 369 14.
1417 337 1464 369 Ad
1492 337 1571 370 baec
1590 336 1800 380 prohibemus
1823 338 1944 381 pariter
1963 348 2003 372 ne
2045 350 2203 380 nonarequia-

1258 389 1441 433 praedictae
1466 389 1714 423 communitates
1729 417 1736 430 ,
1759 390 1980 424 universitates
1993 419 2000 431 ,
2019 377 2205 430 ,iffis't’nffi'ln'tllissss

1259 453 1408 476 earumve
1434 442 1589 485 collegia,
1614 448 1741 476 senatus
1754 469 1761 483 ,
1786 443 2000 483 adunantiae‚
2019 432 2206 482 ΞῖἓθῖῗξἛῗῘὰῗιῖἓ

1260 496 1537 539 congregationes,
1555 496 1770 539 magistratus,
1788 497 1940 530 officiales
1952 504 2006 530 aut
2020 483 2047 529 {¹1¹}
2062 485 2206 535 ,ik'ssiffini'uiss

1259 549 1436 592 singulares
1464 560 1620 593 personae
1647 550 1712 583 ullo
1745 551 1841 584 modo
1873 561 2005 594 praesu·
2021 535 2121 562 ‘'mmm''

1260 609 1349 636 mant
1366 614 1403 636 ex
1423 603 1590 643 fructibus,
1614 603 1793 637 redditibus
1813 609 1843 637 et
1863 615 2003 647 proven-

1261 657 1355 697 tibus,
1379 656 1520 690 collectis
1537 657 1585 689 ve]
1613 657 1916 695 contributionibus,
1937 668 2006 691 cer-

1263 710 1299 743 tis
1319 710 1367 743 vel
1389 710 1534 749 incertis,
1561 710 1733 743 ordinariis
1753 721 1809 743 seu
1830 711 2007 744 extraordi-

1260 763 1368 803 nariis,
1392 773 1504 796 eorum
1532 763 1647 796 aerarii
1678 774 1734 796 seu
1763 774 1886 797 massae
1918 775 2007 798 com-

1262 816 1378 857 munis,
1402 816 1467 849 sive
1488 828 1523 850 ex
1545 816 1690 860 pecuniis
1711 817 1807 850 etiam
1828 817 1959 861 privatis
1979 823 2009 851 et

1261 869 1509 913 particularibus
1519 869 1720 912 singulorum
1731 869 1847 903 civium
1857 881 1915 914 per
1923 870 2007 903 viam

1262 923 1461 956 voluntariae
1491 923 1643 956 collectae
1675 933 1731 956 seu
1760 923 2009 957 contributionis

1262 977 1292 1010 in
1305 988 1476 1011 commune
1490 977 1660 1020 congestis,
1677 977 1774 1010 etiam
1791 977 1929 1010 cuiusvis
1944 983 2009 1011 sta-

1262 1030 1319 1064 tuti
1340 1042 1396 1064 seu
1417 1030 1673 1071 consuetudinis,
1698 1037 1752 1064 aut
1772 1030 1878 1064 verius
1899 1041 2009 1064 corru-

1262 1085 1376 1128 ptelae,
1400 1089 1576 1128 praetextu,
1598 1095 1635 1117 ex
1656 1084 1766 1128 quavis
1786 1095 1893 1125 causa,
1913 1084 2008 1118 etiam

1262 1137 1354 1170 solita
1384 1142 1412 1170 et
1446 1137 1649 1177 rationabili,
1674 1147 1809 1170 munera
1840 1143 1892 1170 aut
1925 1138 2010 1170 dona

1262 1201 1484 1234 quaecumque
1505 1191 1630 1233 legato,
1653 1191 1843 1233 vice-legato
1858 1218 1865 1231 ,
1886 1190 2006 1233 guber-

1263 1244 1378 1284 natori,
1402 1244 1588 1288 protectori,
1611 1244 1892 1288 vice-protectori,
1915 1255 2009 1288 prae-

1263 1299 1333 1339 sidi,
1358 1298 1487 1331 officiali
1508 1303 1562 1330 aut
1581 1308 1750 1341 personae,
1767 1298 1864 1330 etiam
1885 1298 2006 1341 quavis,

1265 1357 1327 1384 tam
1349 1351 1577 1388 ecclesiastica,
1603 1350 1699 1383 etiam
1731 1350 1932 1394 pontificali,
1955 1356 2011 1383 aut

1263 1404 1323 1438 alia
1344 1404 1469 1444 maiori,
1491 1404 1587 1436 etiam
1608 1409 1735 1436 sanctae
1756 1404 1920 1436 Romanae
1945 1404 2006 1436 Ec-

1263 1457 1378 1491 clesiae
1399 1457 1626 1497 cardinalatus,
1651 1467 1748 1500 quam
1769 1457 1935 1489 mundana
1954 1456 2005 1489 di-

1263 1512 1382 1554 gnitate
1403 1511 1548 1554 fulgenti,
1565 1521 1621 1543 seu
1641 1509 1727 1543 illius
1747 1509 2007 1552 consanguineis,

1263 1565 1426 1605 affinibus,
1449 1564 1662 1597 familiaribus
1682 1570 1737 1597 aut
1756 1564 1921 1603 ministris,
1936 1564 2010 1597 mit-

1263 1625 1340 1657 terc,
1366 1619 1491 1651 tradere
1511 1623 1563 1650 aut
1590 1617 1724 1660 largiri,
1748 1622 1803 1650 aut
1822 1617 1854 1650 in
1876 1617 2011 1651 alicuius

1264 1672 1359 1705 etiam
1387 1672 1503 1714 legati,
1536 1671 1736 1714 vice-legati,
1761 1671 2007 1714 gubernatoris,

1263 1724 1428 1768 praesidis,
1445 1723 1658 1757 benefactoris
1678 1729 1731 1756 aut
1751 1723 1943 1768 protectoris
1954 1724 2012 1756 lio-

1264 1788 1387 1813 norem.
1404 1777 1499 1811 etiam
1521 1777 1691 1810 occasione
1712 1777 1842 1821 hospitii
1855 1782 1907 1810 aut
1923 1783 2009 1810 tran-

1263 1832 1341 1865 situs
1354 1832 1402 1865 vel
1416 1831 1511 1875 primi
1525 1831 1686 1873 ingressus
1704 1836 1759 1864 aut
1775 1830 2011 1864 beneficiorum

1264 1891 1470 1929 acceptorum
1503 1884 1692 1917 memoriam
1730 1884 1876 1927 gratique
1913 1883 2012 1918 animi

1266 1938 1521 1971 testificationem
1550 1948 1608 1980 pro
1630 1937 1863 1977 construendis,
1887 1947 2009 1970 ornan-

1265 1991 1313 2024 dis
1334 1997 1388 2024 aut
1407 1991 1569 2033 erigendis
1582 1996 1740 2034 perpetuo
1756 1991 1804 2023 vel
1825 1991 1865 2023 ad
1886 1996 2013 2033 tempus

1265 2045 1386 2089 portis,
1410 2045 1569 2081 arcubus,
1597 2043 1760 2087 trophaeis
1775 2071 1782 2084 ,
1809 2044 2010 2088 porticibus,

1266 2097 1435 2130 moenibus
1455 2103 1507 2130 aut
1529 2097 1599 2130 aliis
1624 2097 1842 2130 monumentis
1869 2107 1926 2130 seu
1952 2107 2013 2140 pro

1266 2151 1437 2195 praedictis
1465 2151 1626 2194 personis,
1647 2150 1758 2194 quavis
1787 2150 1944 2193 dignitate
1964 2151 2012 2184 vel

1266 2204 1456 2238 auctoritate
1471 2204 1689 2246 fungentibus,
1705 2204 1896 2243 honorifice,
1913 2205 2009 2245 laute,

1267 2259 1399 2302 opipare
1431 2258 1648 2302 excipiendis,
1672 2268 1728 2290 seu
1758 2268 1817 2301 pro
1849 2257 2013 2301 quibusvis

1267 2312 1418 2345 conviviis
1438 2317 1490 2344 aut
1509 2311 1665 2355 hospitiis,
1688 2311 1784 2344 etiam
1814 2311 2009 2352 moderatis,

1268 2366 1387 2399 eisdem
1409 2371 1462 2398 aut
1483 2365 1582 2399 cuivis
1602 2365 1714 2406 alteri,
1736 2375 1940 2409 quacumque
1960 2375 2014 2398 oc-

1268 2420 1396 2453 casione
1421 2419 1468 2452 vel
1499 2429 1614 2460 causa,
1639 2418 1847 2459 exhibendis,
1871 2424 1926 2452 aut
1953 2428 2013 2462 pro

1268 2473 1424 2516 personis,
1449 2483 1531 2516 quae
1561 2472 1631 2505 illas
1659 2471 1854 2505 comitentur
1878 2476 1932 2504 aut
1951 2470 2013 2504 illis

1270 2525 1450 2559 ministrent
1485 2526 1532 2558 vel
1564 2525 1690 2558 obviam
1721 2525 1909 2568 procedant,
1932 2535 2009 2568 pre-

1268 2579 1356 2612 tiosis
1379 2579 1518 2612 vestibus
1549 2578 1721 2612 induendis
1749 2578 1831 2611 ullas
1860 2577 2014 2622 pecunias

1268 2643 1412 2674 erogare.

1313 2688 1328 2728 ξ
1350 2685 1402 2718 15.
1423 2685 1478 2719 ΥΕΙ
1499 2695 1558 2729 pro
1572 2684 1756 2728 congiariis,
1772 2683 1946 2716 missilibus
1959 2689 2014 2716 aut
