2226 3070
248 270 300 300 An.
318 271 348 300 C.
365 272 432 300 1588

446 320 522 359 Quis
550 330 615 353 non
646 320 840 362 gravissimis
868 318 1037 363 suppliciis
1066 318 1206 350 damnet

449 373 536 406 illius
568 373 780 417 impietatem,
807 373 862 416 qui
888 372 1029 405 animam
1058 370 1113 404 Dei
1146 371 1205 403 im-

450 427 577 470 magine
607 427 804 469 insignitam,
833 437 891 469 pro
921 436 984 468 qua
1015 424 1203 457 redimenda

448 480 592 514 Christus
608 480 763 513 Dominus
784 484 894 511 noster
915 477 1100 522 preciosum
1128 488 1202 510 san-

446 533 578 576 guinem
600 533 692 573 fudit,
716 538 864 565 aeternae
887 541 1041 574 capacem
1062 531 1201 563 beatitu-

446 587 542 627 dinis,
569 593 597 620 et
629 587 667 619 ad
703 585 900 618 consortium
929 585 1119 627 angelorum
1146 585 1201 618 de-

446 639 609 678 stinatam,
631 651 648 671 a
665 639 757 671 beata
778 637 832 671 Dei
850 638 972 671 visione
985 638 1132 678 exclusit,
1150 650 1200 671 re-

446 692 646 735 parationem
674 692 864 725 coelestium
886 691 1011 725 sedium
1040 698 1199 734 qnantum

447 745 476 777 in
492 746 560 789 ipso
577 745 647 783 suit,
666 745 842 789 impedivit,
859 745 922 778 Deo
940 745 1104 778 servitium
1125 756 1200 778 suae

445 805 612 832 creaturae
638 799 782 832 ademit?
799 799 859 838 Qui
880 799 999 832 liberos
1025 799 1113 842 prius
1138 800 1200 832 vita

444 852 589 896 privavit,
609 864 707 896 quam
729 853 775 886 illi
797 864 814 886 a
835 859 951 886 natura
966 853 1132 897 propriam
1150 854 1199 885 lu-

445 916 514 938 cem
549 907 713 951 accipere,
739 913 795 940 antv
824 918 857 940 se
888 907 1023 939 materni
1054 906 1200 940 custodia

444 960 592 1003 corporis
610 960 650 993 ab
664 961 795 993 efferata
817 960 945 993 saevitia
962 965 1069 1003 tegere
1087 965 1200 1004 potue-

445 1013 533 1046 rint?
546 1014 622 1053 Quis
642 1025 706 1047 non
727 1014 897 1047 abhorreat
920 1013 1127 1046 libidinosam
1142 1014 1200 1046 iin-

445 1067 572 1110 piorum
594 1068 765 1100 bominum
795 1067 1019 1100 crudelitatem
1050 1067 1097 1100 vel
1127 1078 1201 1100 crn-

444 1121 549 1153 deletn
575 1121 754 1159 libidinem,
778 1132 860 1164 quae
882 1132 919 1153 eo
941 1131 1044 1164 usque
1067 1131 1198 1164 proces-

443 1173 482 1206 sit
504 1180 534 1206 ut
560 1175 655 1207 etiam
688 1185 807 1207 venena
835 1179 987 1217 procuret
1020 1174 1059 1207 ad
1080 1184 1198 1207 conce-

444 1233 515 1270 ptos
537 1228 639 1260 t'oetus
660 1228 743 1260 intra
767 1228 889 1260 viscera
910 1228 1147 1270 extinguendos
1169 1233 1199 1261 et

444 1281 637 1320 fundendos,
660 1282 755 1314 etiam
776 1292 867 1314 suam
891 1282 1014 1324 prolem
1036 1281 1126 1325 prius
1152 1282 1200 1314 in-

444 1334 540 1367 terire
561 1346 659 1378 quain
686 1335 801 1375 vivere,
829 1340 879 1367 aut
912 1335 936 1368 si
968 1335 1030 1367 iam
1062 1335 1196 1375 vivebat,

444 1388 548 1420 occidi
585 1394 759 1432 antequam
794 1389 881 1421 nasci
916 1388 1038 1421 net'ario
1077 1389 1198 1422 scelere

445 1441 630 1474 moliendo?
645 1441 720 1480 Quis
738 1441 878 1485 denique
900 1452 963 1474 non
981 1442 1109 1475 danmet
1125 1454 1198 1485 gra-

443 1493 578 1527 vissimis
608 1495 776 1539 suppliciis
803 1495 933 1528 illorum
973 1496 1114 1536 scelera,
1144 1497 1198 1540 qui

445 1548 585 1589 venenis,
605 1549 790 1593 potionibus
816 1560 851 1581 ac
887 1550 1053 1583 maleficiis
1082 1550 1197 1583 mulie-

444 1601 533 1634 ribus
553 1603 752 1635 sterilitatem
776 1602 946 1643 inducunt,
965 1609 1019 1636 aut
1035 1614 1073 1636 ne
1092 1604 1199 1637 eonci-

445 1656 542 1699 piant,
565 1667 624 1688 nec
645 1656 772 1699 pariant
797 1655 953 1688 maleficis
975 1656 1198 1690 medicamen-

444 1706 482 1738 tis
503 1705 704 1749 impediunt?
720 1705 890 1748 Malcficos,
920 1704 1025 1748 inquit
1042 1705 1199 1738 Dominus

444 1755 481 1787 ad
503 1755 647 1799 Moysen,
672 1766 735 1787 non
754 1755 892 1797 patieris
915 1756 1028 1788 virere.
1043 1755 1145 1787 Nimis
1165 1767 1198 1788 e-

443 1805 509 1837 nim
528 1805 735 1848 impudenter
755 1810 867 1837 eontra
884 1804 939 1837 Dei
956 1805 1152 1837 voluntatem
1167 1816 1199 1838 se

443 1860 613 1897 opponunt
633 1853 702 1897 qui,
716 1859 751 1886 ut
766 1854 798 1886 S.
814 1853 1030 1898 Hieronymus
1047 1854 1103 1889 ait,
1121 1854 1198 1887 dum

443 1908 558 1936 natura
580 1903 693 1947 recipit
715 1914 837 1943 semen,
856 1908 1023 1946 receptum
1037 1905 1195 1943 confovet,

444 1953 609 1985 centetum
624 1952 633 1974 ¹
649 1958 857 1996 corporatum
872 1952 903 1984 in
918 1954 1063 1985 membra
1081 1953 1197 1986 distin-

442 2001 522 2044 guit,
541 2002 617 2034 duni
638 2000 722 2035 inter
742 2002 860 2034 ventris
881 2002 1046 2044 angustias
1058 2002 1112 2034 Dei
1133 2013 1199 2035 ma-

443 2061 503 2083 nus
532 2061 661 2095 semper
687 2056 852 2095 operatur,
876 2051 1027 2094 idemque
1049 2051 1199 2095 eorporis

444 2105 571 2132 creator
588 2105 618 2132 et
638 2100 765 2132 animae
785 2106 843 2140 est,
867 2099 965 2143 impie
987 2099 1121 2143 despicit
1141 2100 1198 2133 bo-

445 2149 576 2182 nitatem
602 2149 712 2191 figuti,
744 2149 839 2181 idest
857 2148 926 2189 Dei,
954 2149 1009 2192 qui
1027 2148 1198 2182 bominem

446 2198 627 2241 plasmavit,
657 2199 732 2231 fecit
753 2204 787 2231 ut
811 2198 932 2237 voluit;
960 2197 1133 2241 siquidem,
1165 2205 1200 2232 ut

446 2253 574 2281 sanctus
595 2253 729 2281 testatur
757 2248 956 2287 Ambrosius,
985 2258 1049 2281 non
1076 2248 1199 2281 medio-

447 2307 499 2329 ere
520 2307 639 2330 munus
660 2303 703 2329 est
726 2297 780 2330 Dei
800 2298 876 2330 dare
898 2297 1015 2329 liberos
1041 2308 1200 2341 propaga-

447 2351 530 2378 tores
550 2346 689 2386 generis.
712 2346 859 2379 Divinum
873 2346 994 2379 donum
1006 2352 1052 2379 est
1064 2346 1198 2379 foecun-

446 2395 527 2427 ditas
548 2387 715 2438 parientis‚
745 2396 923 2439 eodemque
953 2401 1100 2439 tempore
1127 2396 1199 2429 diro

446 2444 507 2477 boc
528 2444 647 2487 flagitio
664 2445 832 2487 privantur
845 2445 1127 2488 liberisparentes‚
1144 2445 1198 2488 qui

445 2500 692 2535 generaverant,
714 2494 775 2526 vita
791 2494 861 2531 tilii,
879 2495 933 2538 qui
950 2495 1094 2537 generati
1115 2500 1198 2535 sunt,

447 2548 564 2575 matres
585 2542 725 2585 coniugii
753 2543 917 2586 praemiis,
944 2550 1027 2575 terra
1052 2554 1134 2587 quae
1159 2544 1198 2576 ab

446 2591 496 2623 his
513 2592 687 2631 coleretur,
705 2593 845 2625 mumius
866 2592 919 2636 qui
941 2593 980 2624 ab
1001 2593 1121 2626 eisdem
1143 2603 1198 2626 eo-

486 2667 492 2692 t
512 2665 636 2693 Cherub.
658 2665 733 2693 addit
753 2668 879 2700 corporat
896 2668 934 2700 (n.
952 2668 1000 2699 τ.).

1045 262 1225 290 BULLARIUM
1250 263 1401 289 ROMANUM

1246 321 1469 359 gnosceretur,
1498 316 1642 349 Ecclesia
1670 327 1752 359 qnae
1777 318 1908 351 devotae
1933 328 1994 351 nu-

1247 381 1336 403 mero
1371 370 1475 414 plebis
1500 376 1595 403 aucta
1619 370 1783 413 gauderet.
1816 371 1906 404 Unde
1937 381 2001 404 non

1246 423 1409 457 immerito
1442 429 1529 457 sexta
1555 423 1675 467 synodo
1704 423 2002 469 Constantinopoli-

1248 482 1318 510 tana
1339 477 1500 510 sancitum
1521 483 1577 517 est,
1599 482 1634 511 ut
1654 488 1812 521 personae
1828 488 1910 520 quae
1926 478 2003 511 dant

1246 530 1450 564 abortionem
1465 530 1584 564 cientia
1604 529 1851 570 medicamenta,
1862 536 1893 563 et
1918 541 2002 574 quae

1246 585 1350 617 foetus
1370 585 1520 618 necantia
1546 595 1668 618 venena
1696 583 1875 628 accipiunt,
1893 583 2000 617 homi-

1245 638 1333 671 cidae
1359 639 1472 682 poenis
1502 638 1734 678 subiiciantur3
1762 638 1817 671 sed
1846 642 1877 671 et
1902 638 2001 671 veteri

1243 691 1388 724 Concilio
1406 692 1559 725 Ilerdensi
1574 697 1706 725 cantum
1727 696 1773 725 est
1794 697 1829 724 ut
1849 691 1905 734 qui
1926 701 2002 724 con-

1244 750 1353 788 ceptos
1373 756 1409 778 ex
1431 746 1590 779 adulterio
1613 746 1717 778 foetus
1737 756 1856 778 necare
1868 745 2000 778 studue-

1244 797 1320 838 rint,
1342 799 1389 830 vel
1413 798 1631 831 iil-ventribus
1652 804 1792 831 matrum
1811 798 2000 842 potionibus

1242 851 1406 894 aliquibus
1427 852 1619 893 colliserint,
1649 852 1674 885 si
1695 857 1806 896 postea
1826 852 1998 896 poeniten-

1244 910 1291 937 tes
1311 905 1350 938 ad
1377 905 1541 938 Ecclesiae
1570 905 1853 939 mansuetudinem
1884 916 1998 939 recur-

1243 964 1327 999 rant,
1350 958 1438 991 omni
1459 963 1607 1003 tempore
1627 959 1709 991 vitae
1730 969 1806 991 suae
1827 958 1956 991 fletibus
1969 964 1999 991 et

1242 1012 1417 1044 humilitati
1435 1012 1593 1052 insistant,
1608 1011 1718 1045 sivero
1740 1012 1849 1045 clerici
1867 1011 1998 1052 suerint,

1242 1065 1385 1098 osticium
1409 1066 1613 1099 ministrandi
1640 1066 1684 1099 eis
1711 1076 1907 1110 recuperare
1933 1075 1998 1099 non

1242 1119 1347 1159 liceat,
1368 1130 1545 1164 omnesque
1565 1125 1629 1153 tam
1647 1119 1884 1153 ecclesiastieae
1902 1129 1997 1163 quam

1242 1173 1397 1217 profanae
1424 1174 1511 1215 leges
1540 1173 1690 1217 gravibus
1715 1173 1829 1218 poenis
1853 1172 1999 1206 afficiunt

1242 1237 1296 1259 eos
1317 1226 1372 1271 qui
1394 1227 1426 1260 in
1447 1232 1538 1260 utero
1560 1227 1670 1261 matris
1690 1226 1901 1272 puerperium
1916 1226 1997 1259 inte-

1242 1280 1327 1320 rimi,
1350 1286 1405 1313 aut
1424 1291 1464 1314 ne
1483 1281 1637 1315 mulieres
1662 1280 1862 1325 concipiant,
1885 1280 1948 1313 sive
1962 1285 1998 1312 ut

1241 1340 1413 1378 conceptos
1435 1334 1539 1368 foetus
1560 1335 1703 1376 eiiciant,
1730 1334 1851 1368 nefarie
1877 1333 1998 1367 machi—

1242 1395 1371 1421 nantur.

1285 1442 1299 1485 ξ
1326 1442 1356 1475 1.
1383 1441 1445 1475 Nos
1458 1441 1568 1485 igitur,
1591 1447 1661 1486 post
1678 1452 1859 1486 repressam
1881 1451 1995 1475 eorum

1243 1495 1470 1537 temeritatem,
1484 1495 1539 1539 qui
1552 1495 1750 1529 matrimonii
1771 1496 1842 1529 iura
1861 1496 1994 1536 violare,

1242 1553 1268 1581 et
1297 1554 1455 1592 quantum
1482 1549 1513 1582 in
1543 1549 1620 1592 ipsis
1640 1555 1688 1583 est
1707 1549 1872 1582 vinculum
1894 1549 1995 1582 indis-

1241 1602 1379 1635 solubile
1399 1603 1573 1637 dissolvere
1585 1609 1809 1647 praesumunt,
1823 1602 1918 1647 quive
1931 1609 1997 1636 tur-

1242 1656 1389 1700 pioribus
1406 1657 1600 1700 quibusdam
1622 1657 1753 1691 incestis
1773 1668 1805 1691 se
1826 1656 1997 1701 inquinare

1242 1721 1305 1743 non
1341 1711 1555 1751 erubescunt,
1589 1711 1652 1744 hoe
1685 1722 1816 1755 quoque
1852 1711 1995 1750 malum,

1240 1770 1399 1808 quantum
1421 1765 1544 1798 viribus
1564 1764 1657 1797 nobis
1679 1776 1697 1798 a
1714 1764 1850 1798 Domino
1871 1764 1997 1797 traditis

1241 1818 1438 1852 contendere
1459 1829 1644 1863 possumus,
1659 1818 1777 1852 nostris
1792 1818 1996 1863 potissimum

1241 1872 1443 1915 temporibus
1469 1872 1684 1905 exterminare
1701 1872 1858 1913 volentes,
1885 1882 1998 1905 omnes

1241 1931 1268 1958 ct
1292 1936 1532 1969 quoscumque,
1556 1931 1620 1959 tam
1648 1926 1732 1960 viros
1753 1936 1851 1970 quam
1879 1926 1997 1959 mulie-

1242 1989 1304 2019 res,
1327 1979 1564 2023 cuiuscumque
1584 1985 1695 2020 status,
1718 1979 1850 2023 gradus,
1873 1979 1997 2012 ordinis

1242 2043 1278 2065 ac
1300 2033 1506 2074 conditionis,
1529 2033 1625 2067 etiam
1646 2033 1795 2074 clericos,
1815 2033 1997 2067 saeculares

1241 2086 1288 2119 vel
1311 2087 1450 2120 cuiusvis
1469 2087 1598 2120 Ordinis
1618 2087 1796 2130 regulares,
1819 2086 1931 2131 quavis
1951 2086 1998 2119 di-

1242 2139 1361 2182 gnitate
1382 2145 1412 2173 et
1437 2141 1682 2184 praeminentia
1707 2139 1924 2174 ecclesiastica
1947 2140 1996 2173 vel

1243 2194 1408 2226 mundana
1433 2194 1604 2238 fulgentes,
1628 2195 1736 2238 quide
1757 2200 1865 2227 cetero
1890 2205 1949 2238 per
1964 2204 1997 2227 se

1242 2253 1297 2280 aut
1317 2247 1523 2292 interpositas
1543 2259 1698 2292 personas
1722 2248 1853 2281 abortus
1867 2248 1998 2281 seusoe-

1244 2306 1293 2333 tus
1315 2301 1499 2341 immaturi,
1523 2307 1587 2334 tam
1616 2301 1749 2334 animati
1776 2312 1873 2345 quam
1900 2301 1996 2335 etiam

1243 2354 1422 2395 inanimati,
1449 2355 1576 2388 formati
1602 2356 1650 2388 vel
1678 2356 1837 2395 informis,
1867 2355 1998 2388 eiectio-

1242 2419 1316 2441 nem
1338 2408 1582 2451 procuraverint
1605 2408 1882 2452 percussionibus,
1900 2418 1996 2441 vene-

1243 2457 1303 2497 nis,
1327 2457 1584 2497 medicamentis,
1614 2457 1814 2500 potionibus,
1843 2457 1996 2490 oneribus

1243 2507 1472 2551 laborilnisque
1482 2507 1610 2540 mulieri
1620 2507 1807 2550 praegnanti
1822 2505 1994 2550 impositiS,

1242 2567 1279 2589 ae
1304 2557 1374 2589 aliis
1395 2556 1490 2588 etiam
1513 2556 1686 2599 incognitis
1709 2557 1757 2589 vel
1778 2555 1915 2588 maxime
1941 2566 1996 2588 ex-

1241 2606 1367 2649 quisitis
1386 2606 1577 2647 rationibus,
1603 2606 1645 2639 ita
1665 2612 1701 2640 ut
1721 2617 1754 2640 re
1771 2606 1840 2650 ipsa
1860 2605 1995 2639 abortus

1242 2657 1316 2691 inde
1336 2662 1464 2690 secutus
1485 2655 1593 2697 fuerit,
1612 2666 1650 2690 ac
1667 2655 1762 2690 etiam
1778 2660 1993 2700 praegnantes

2017 260 2071 291 An.
2086 259 2117 291 C.
2135 262 2203 291 1588

2038 1448 2111 1470 Poena
2127 1449 2182 1469 hond

2012 1481 2060 1502 cidit
2102 1481 2196 1501 abortum

2011 1512 2197 1538 procui-nummu·

2010 1543 2104 1569 ponitur.
