2226 3070
163 310 215 337 Au.
233 309 262 337 C.
280 309 346 338 1587

163 373 179 421 p
195 374 269 397 petunt
291 370 346 390 Phi-
364 361 429 393 cari
449 361 597 394 fecerunt
616 368 777 405 quatenus
804 361 979 403 praemissa
1004 358 1114 391 omnia

172 408 231 428 ippus
247 407 283 422 rei
296 405 315 422 et
326 407 347 421 e-

163 434 264 459 pist-opus
277 432 345 453 Tetu-

164 465 238 485 tonsis.

201 958 251 978 Rata
280 957 344 977 habet

163 989 258 1009 Pontifex
275 990 295 1008 in
312 989 345 1010 iis,

161 1018 347 1046 quaeinteriusre-

162 1051 277 1071 censendis
302 1056 345 1070 non

162 1082 337 1102 adversabuntur*

408 300 473 333 294

363 425 399 447 ac
419 414 554 457 singula,
578 420 605 447 ct
630 425 798 458 processus
818 414 957 455 desuper
974 412 1111 449 habitos,

362 478 399 500 ac
419 473 571 500 contenta
593 474 623 500 ct
644 468 738 500 latius
763 477 911 509 expressa
941 465 972 497 in
992 465 1113 498 eisdem

362 526 393 553 et
420 520 494 553 lude
524 527 632 553 secuta
670 530 909 562 quaecumque,
946 519 979 551 in
1010 530 1114 561 quan-

363 580 430 606 tum
452 580 560 606 tamen
586 572 798 615 infrascriptis
819 583 884 604 non
912 572 1114 604 contrarian-

363 633 425 663 tur,
454 632 611 670 perpetuo
637 625 819 669 approbare
845 631 874 657 et
906 626 1112 661 confirmare.

363 680 630 721 auctoritatisque
662 684 790 711 nostrae
825 679 940 711 robore
970 690 1117 712 commu-

364 733 444 769 nire,
478 744 513 764 ac
543 732 622 764 alias
643 731 784 775 desuper
806 738 991 775 opportune
1014 733 1118 775 provi-

363 786 450 823 dere,
477 786 515 818 de
540 784 737 827 benignitate
761 785 937 829 apostolica
970 786 1117 828 dignare-

364 850 447 871 mur.

407 893 421 934 ‚Q
441 892 472 925 3.
496 892 569 927 Nos,
593 891 648 935 qui
667 891 811 925 honestis
824 892 968 926 ciusdem
985 893 1067 936 regis
1081 904 1117 926 ac

364 945 507 989 episcopi
529 945 608 978 votis
629 946 767 978 libenter
787 946 972 983 annuimus,
998 957 1118 990 eosque

364 999 527 1031 favoribus
547 999 781 1042 prosequimur
805 1000 1009 1043 opportunis,
1046 1012 1117 1033 cos-

364 1053 437 1085 dem
475 1052 662 1096 Philippum
702 1063 809 1095 regem
846 1064 883 1087 ac
927 1054 1117 1097 episcopum

363 1117 380 1138 a
402 1105 569 1149 quibusvis
595 1106 952 1143 cxcommunicationis,
985 1118 1119 1150 suspen-

363 1159 463 1192 sionis
488 1165 518 1192 ct
541 1159 703 1192 interdicti
729 1159 865 1203 aliisquo
892 1160 1119 1193 ecclesiasticis

364 1213 543 1249 sententiis,
568 1213 714 1245 censuris
735 1219 764 1246 ct
791 1214 916 1257 poenis.
940 1226 957 1246 a
977 1213 1049 1247 iure
1070 1214 1118 1247 vel

363 1266 403 1299 ab
424 1266 567 1302 bomine,
591 1266 702 1310 quavis
723 1267 1059 1300 occasionevelcausa
1075 1268 1119 1300 la·

365 1320 414 1356 tis.
435 1320 460 1352 si
486 1320 605 1363 quibus
624 1320 870 1363 quomodolibet
889 1320 1034 1354 innodati
1055 1321 1120 1354 exi-

364 1379 462 1410 stunt,
485 1373 524 1405 ad
543 1373 694 1406 ell'ectum
715 1374 936 1417 praesentium
953 1374 1119 1408 dumtaxat

364 1427 643 1470 consequendum,
666 1427 782 1459 barum
813 1427 894 1460 serie
921 1428 1120 1460 absolventes

366 1486 396 1513 et
412 1480 578 1513 absolutos
599 1481 667 1513 sore
688 1486 866 1516 censentes,
891 1491 1017 1514 necnon
1038 1481 1121 1514 litte-

367 1544 476 1567 rarum
506 1534 747 1578 praedictarum
777 1545 813 1567 ac.
843 1534 916 1567 inde
934 1541 1119 1568 secutorum

366 1587 509 1621 veriores
530 1594 659 1621 tenores
676 1588 901 1632 praesentibus
914 1599 973 1632 pro
991 1599 1120 1632 expres-

367 1641 410 1674 sis
434 1641 600 1680 babentes,
624 1641 1121 1686 huiusmodisupplicationibus

368 1695 525 1733 inclinati,
547 1695 724 1739 praemissa
744 1695 853 1727 omnia
874 1701 905 1727 ct
934 1695 1060 1739 singula
1085 1707 1121 1728 ac.

367 1758 538 1792 processus
558 1749 699 1793 desuper
714 1748 855 1789 habitos,
871 1754 899 1781 ot
917 1754 1071 1782 contenta
1092 1754 1123 1781 et

368 1801 463 1834 latius
489 1812 638 1845 expressa
658 1801 691 1834 in
714 1802 847 1838 eisdem,
871 1807 901 1835 et
919 1802 992 1835 inde
1013 1808 1122 1835 secuta

370 1865 610 1898 quaecumque,
648 1854 679 1887 in
704 1861 864 1899 quantum
894 1862 1001 1888 tamen
1022 1855 1122 1888 infra-

369 1907 497 1951 scriptis
521 1919 586 1942 non
603 1909 855 1945 contrariantur.
879 1909 1072 1942 auctoritate
1092 1920 1124 1941 a-

369 1962 538 2006 postolica,
570 1968 729 2007 perpetuo
751 1962 970 2007 approbamus
990 1968 1018 1995 et
1046 1973 1123 1996 con-

370 2015 549 2055 firmamus,
570 2026 607 2048 ac
632 2027 690 2058 pcr
709 2027 774 2054 eos,
796 2016 835 2048 ad
851 2026 933 2059 quos
945 2026 1033 2048 nunc
1054 2027 1124 2059 spe-

371 2074 435 2102 ctat
464 2068 551 2101 etin
581 2069 729 2102 futurum
759 2069 927 2114 spectabit,
951 2075 1121 2114 perpetuo,

372 2123 508 2155 tirmiter
523 2128 554 2156 et
574 2122 803 2156 inviolabiliter
823 2123 986 2156 observari
1007 2123 1124 2156 debere

372 2176 600 2215 decernimu53
633 2187 760 2210 necnon
786 2187 899 2210 omnes
925 2182 954 2209 et
981 2177 1125 2219 singulos

373 2235 438 2262 tarn
458 2229 540 2263 iuris
566 2240 664 2273 quam
686 2230 761 2263 sacti
782 2230 938 2269 desectus,
963 2241 999 2263 ac
1030 2241 1126 2274 quos-

372 2294 513 2328 cumque
533 2283 624 2322 alios,
649 2283 744 2317 etiam
766 2284 1002 2323 substantiales,
1031 2289 1125 2317 etso-

371 2337 577 2370 lemnitatum
603 2337 813 2377 emissarum,
846 2338 871 2370 si
901 2337 957 2381 qui
988 2348 1125 2381 quomo-

372 2390 493 2424 dolibet
513 2395 544 2423 et
563 2390 794 2434 undecumque
822 2391 962 2436 desuper
987 2391 1126 2424 interve-

372 2443 490 2484 nerint,
514 2443 669 2483 defectus,
693 2445 894 2488 supplemus.

419 2493 433 2535 ἓ
454 2491 485 2526 4.
508 2492 545 2525 Et
562 2492 786 2529 nibilominus,
810 2504 869 2537 pro
883 2492 1020 2526 feliciori
1032 2504 1126 2537 prae-

201 2551 235 2572 iu.-
258 2552 359 2578 proprie·
375 2541 473 2574 sentis
493 2541 613 2584 negotii
635 2552 798 2577 successu,
822 2542 931 2574 omnia
952 2548 983 2575 et
1002 2542 1128 2585 singula

175 2583 360 2611 tntemquearchl-

175 2616 277 2642 episcopo
305 2614 360 2634 Cae-

193 2649 347 2681 „nug-mans
376 2639 499 2677 ritoria,
532 2639 675 2677 fructus„
706 2639 830 2672 reditus
872 2645 902 2672 et
938 2645 1123 2683 proventus„

176 2680 360 2705 competentemin
378 2688 383 2692 -

375 2589 505 2634 oppida,
525 2590 625 2626 villas.
650 2595 761 2626 terras,
786 2597 900 2626 castra,
923 2592 993 2624 loca
1013 2597 1041 2623 et
1062 2596 1127 2624 ter-

376 2699 458 2729 mra,
475 2687 684 2722 obventiones
694 2693 724 2721 et
733 2688 952 2721 emolumenta
963 2697 1023 2733 per
1035 2698 1128 2732 prae-

959 306 1137 331 nunu-ultum
1158 306 1309 329 ROMANUM

1925 306 1976 333 An.
1994 305 2022 332 C.
2038 305 2105 334 158⁷

1157 357 1279 390 dictum
1310 358 1481 397 nuncium,
1509 358 1539 389 in
1562 359 1783 391 executionem
1805 359 1909 392 dicta·
1925 393 1986 413 hom<
2010 393 2063 413 hm<
2082 399 2107 413 ..a

1158 422 1228 443 rum
1261 411 1442 444 litterarum
1471 411 1615 444 eiusdem
1637 412 1907 456 praedecessoris,
1924 409 2037 458 remit-nst
2055 399 2108 458 'th-

1157 463 1312 508 cpiscopo
1333 464 1501 497 Terulensi
1522 470 1585 496 tam
1607 475 1666 508 pro
1684 465 1753 496 eius
1769 465 1907 499 dioecesi
1924 457 2112 512 Ῑζᾟῗηζᾶξὶξᾛῗ

1158 517 1358 549 etordinaria
1371 517 1606 555 iurisdictione,
1624 528 1721 561 quam
1734 528 1790 560 pro
1800 528 1909 551 mensa
1924 523 2010 543 ⁵¹³·'1‘¹¹¹⁷¹
2039 519 2110 536 “⁸¹¹'‘

1158 576 1184 602 et
1201 570 1286 603 illius
1296 571 1381 609 dote,
1393 571 1555 614 assignata
1575 577 1604 604 et
1622 571 1796 616 applicata,
1814 572 1910 604 modo
1924 547 1973 568 rm

1158 629 1186 655 et
1214 624 1317 656 l'orma
1343 631 1437 669 prout
1461 624 1492 656 in
1513 624 1708 668 supradictis
1734 624 1802 658 eius
1828 624 1912 657 litte-

1160 677 1202 709 ris
1222 678 1420 714 continetur,
1435 678 1639 721 assignamus
1652 685 1681 712 et
1694 678 1910 722 applicamus;

1159 737 1190 763 ct
1209 732 1297 774 qnod
1326 733 1502 764 modernus
1535 738 1566 765 ct
1591 743 1651 776 pro
1673 737 1819 776 tempore
1847 731 1912 765 exi-

1159 789 1244 815 stens
1264 784 1755 828 opiscopus'l'crulensishabeat
1774 785 1805 816 in
1816 784 1911 822 villis,

1159 836 1298 879 oppidis,
1326 838 1449 873 castris,
1473 837 1566 870 terris
1590 843 1621 870 et
1646 838 1716 870 aliis
1741 837 1915 882 praedictis

1160 889 1238 921 locis
1269 894 1298 921 et
1325 890 1356 922 in
1385 900 1498 922 eorum
1527 890 1738 928 districtibus,
1769 891 1915 924 terminis

1161 949 1192 974 ct
1215 942 1395 979 ufrritoriis„
1420 944 1543 987 populo
1566 950 1597 976 ct
1616 945 1716 982 clero,
1740 945 1912 985 fructibus,

1161 996 1328 1033 reditibus,
1342 998 1565 1041 proventibus,
1580 998 1686 1031 emolu
1694 998 1819 1035 mentis,
1831 1009 1917 1032 eam-

1161 1051 1232 1083 ‹lcm
1259 1050 1519 1083 iurisdictionem
1551 1056 1582 1084 et
1610 1056 1822 1096 potestatem,
1851 1063 1918 1086 me-

1162 1115 1232 1136 rmn
1249 1110 1276 1136 ct
1301 1105 1433 1137 mixtum
1458 1105 1643 1148 imperium,
1668 1116 1765 1149 quam
1788 1111 1818 1139 et
1829 1107 1916 1150 quod

1161 1158 1427 1201 archiepiscopus
1474 1159 1791 1202 Caesaraugustanus
1843 1166 1917 1193 ante

1162 1212 1349 1254 praemissa,
1369 1222 1406 1245 ac
1422 1212 1463 1244 de
1483 1212 1563 1247 inre,
1584 1223 1657 1249 usu,
1681 1214 1917 1249 consuetudine

1160 1265 1208 1297 vel
1237 1264 1315 1297 alias
1345 1265 1589 1308 quomodolibet.
1617 1266 1757 1299 habebat:
1776 1278 1833 1300 seu
1857 1267 1916 1301 ha-

1161 1317 1237 1350 bere
1260 1324 1396 1361 poterat,
1421 1325 1449 1351 et
1477 1319 1540 1351 illis
1560 1319 1591 1351 in
1604 1320 1755 1353 omnibus
1766 1325 1797 1353 et
1809 1320 1917 1364 quoad

1162 1372 1271 1404 onmia
1296 1372 1446 1414 gaudeat,
1475 1373 1682 1406 decernimus
1715 1379 1744 1406 et
1769 1374 1916 1408 declara-

1164 1436 1246 1456 titus.

1207 1479 1221 1521 ξ
1246 1477 1277 1510 5.
1308 1479 1467 1523 Quodque
1502 1490 1556 1512 sex
1580 1479 1755 1522 dignitates
1785 1481 1819 1514 in
1848 1481 1914 1521 illa,
1955 1493 2116 1520 capitulumque

1163 1542 1281 1575 nempe
1296 1533 1483 1570 decanatus,
1500 1533 1796 1573 archidiaconatus,
1811 1535 1918 1568 archi·
1933 1525 2004 1576 ξξέξζζξ
2013 1524 2118 1576 ⁸32⁰*ss

1164 1586 1416 1629 piesbyteratus„
1439 1587 1649 1623 thesauraria,
1671 1588 1816 1621 cantoria
1827 1594 1857 1621 et
1871 1599 1919 1622 sa·
1932 1586 2124 1643 ζ’]ζξζὲζῗὼξζζζῦ

1164 1639 1284 1675 cristia,
1308 1650 1448 1680 necnon,
1462 1641 1547 1673 ultra
1558 1641 1762 1684 inquisitioni
1774 1642 1916 1681 affecto&

1164 1693 1217 1725 alii
1256 1694 1428 1727 duodecim
1469 1694 1678 1727 canonicatus
1716 1700 1747 1728 et
1783 1696 1919 1729 totidem

1165 1747 1380 1789 praebendae.
1405 1753 1435 1780 et
1455 1747 1541 1780 ultra
1555 1747 1624 1780 illas
1638 1753 1669 1781 et
1679 1748 1752 1781 illos
1764 1759 1824 1793 pro
1840 1755 1920 1783 tem-

1165 1810 1244 1843 pore
1274 1800 1468 1837 obtinentes,
1492 1802 1605 1834 decem
1632 1801 1687 1834 alii
1713 1802 1864 1844 ministri,
1887 1802 1920 1836 in

1165 1852 1272 1886 osticio
1294 1854 1384 1887 chori
1405 1854 1581 1898 altarisque
1599 1854 1778 1889 ministerio
1797 1856 1922 1900 optime

1165 1907 1291 1943 versati,
1304 1918 1362 1952 per
1378 1908 1569 1952 episcopum
1581 1914 1612 1940 et
1628 1909 1807 1952 capitulum
1820 1910 1923 1953 ipsius

1167 1961 1321 1994 ecclesiae
1343 1961 1510 2004 eligendos
1539 1968 1567 1995 et
1598 1962 1838 2006 approbandos,
1866 1964 1922 2007 qui

1167 2014 1262 2047 simul
1284 2025 1358 2047 cuin
1390 2015 1561 2058 dignitates
1587 2021 1617 2048 et
1644 2016 1854 2050 canonicatus
1886 2027 1923 2050 ac

1168 2068 1367 2112 praebendas
1387 2069 1573 2102 huiusmodi
1587 2079 1648 2113 pro
1668 2075 1816 2113 tempore
1837 2069 1922 2103 obti-

1168 2122 1329 2159 nentibus,
1364 2122 1452 2155 horis
1478 2128 1507 2155 et
1529 2122 1600 2155 aliis
1620 2122 1736 2155 divinis
1756 2123 1871 2157 officiis
1891 2124 1924 2156 in

1169 2176 1237 2219 ipsa
1258 2176 1395 2209 ecclesia
1410 2176 1576 2209 Terulensi
1599 2187 1658 2221 pro
1671 2181 1818 2221 tempore
1837 2178 1923 2211 cele-

1168 2230 1300 2263 brandis
1322 2230 1486 2270 intersint;
1508 2240 1545 2263 ac
1566 2231 1630 2263 duo
1651 2230 1814 2269 sacristae,
1838 2242 1925 2264 unus

1169 2283 1339 2321 macerius,
1364 2295 1448 2317 unus
1470 2283 1697 2327 campanarius
1727 2290 1758 2317 et
1776 2294 1831 2318 sex
1857 2284 1922 2317 cle-

1169 2337 1227 2370 rici
1250 2337 1341 2370 chori
1368 2338 1538 2381 perpetuis
1569 2337 1688 2370 suturis
1717 2337 1925 2382 temporibus

1169 2400 1237 2423 csse
1259 2396 1289 2423 ct
1310 2391 1528 2431 manuteneri3
1557 2397 1587 2424 et
1617 2401 1654 2424 ex
1675 2390 1850 2434 praedictis
1870 2390 1923 2424 de-

1169 2454 1239 2476 cem
1260 2443 1418 2476 ministrie
1436 2445 1500 2477 duo
1521 2449 1634 2483 aetate,
1652 2443 1789 2477 scientia
1802 2448 1833 2476 et
1851 2453 1924 2476 mo-

1169 2492 1260 2525 ribus
1285 2493 1408 2533 idonei,
1431 2493 1565 2526 nomine
1585 2493 1735 2537 capituli,
1758 2503 1871 2525 curam
1889 2503 1924 2525 a-

1170 2541 1333 2574 nimarum
1365 2541 1643 2586 parochianorum
1682 2541 1786 2574 dictae
1819 2540 1923 2574 eccle-

1169 2590 1233 2624 siae
1241 2591 1435 2629 Terulensis,
1446 2601 1529 2633 quae
1537 2591 1636 2624 etiam
1647 2589 1847 2634 parochialis
1856 2589 1923 2622 exi-

1170 2640 1235 2679 stit,
1255 2639 1410 2679 vicissim,
1434 2645 1464 2672 et
1482 2639 1574 2679 alias,
1591 2645 1689 2683 prout
1710 2637 1878 2671 ordinario
1892 2642 1924 2670 et

1170 2688 1316 2732 capitulo
1329 2688 1504 2730 ridebitur,
1522 2698 1684 2729 exercere3
1697 2697 1827 2721 necnon
1837 2696 1924 2723 unus
