2226 3070
226 288 278 314 An.
296 286 324 313 c.
346 285 407 312 1591
457 274 522 307 480

1010 279 1193 304 BULLARIUM
1213 277 1366 302 ROMANUM

426 342 485 366 suo
505 331 708 376 qllssssl'ilssbib
742 331 797 363 Sed
828 330 848 362 ii
878 329 949 368 ΞΟΠ,
981 327 1098 371 qulbus
1128 327 1168 359 Ob
1206 335 1291 367 iuxta
1313 334 1448 367 sormam
1474 333 1687 366 statuendam.
1723 334 1809 367 ldem
1840 333 1946 367 statim

427 395 632 419 communem
652 394 745 417 usum
760 394 795 416 ex
817 381 1000 415 obedientia
1013 380 1045 413 id
1063 379 1169 413 oneris

428 439 622 482 imponetur.

473 493 487 535 ξς
516 492 546 524 ἶ).
577 491 685 524 Totius
721 487 978 531 congregationis
1009 486 1166 530 superior,

350 536 367 547 '¹
384 537 411 548 w
430 548 605 589 praefectus
635 542 792 586 generalis
823 540 1056 584 appellabitur,
1080 540 1170 573 cuius

429 598 569 631 ollicium
592 602 781 640 perpetuum
801 594 860 627 erit
882 594 989 637 quoad
1009 593 1100 625 viret.
1115 593 1171 625 So-

429 653 495 684 cios
515 657 621 683 autem
641 648 768 681 babebit
792 653 942 691 qiiatuor‚
966 647 1021 690 qui
1042 647 1170 679 consul-

431 711 513 737 tores
534 703 691 736 dicentur.
704 701 1021 735 Creabunturautem
1039 699 1083 740 lii,
1098 710 1170 732 cum

429 756 634 797 roiigreeatio
655 755 812 787 maiorem
834 764 1004 786 numerum
1029 753 1087 786 erit
1116 763 1172 785 na-

430 817 478 842 cta
510 810 700 842 idoneorum
723 807 908 845 bominum‘,
937 807 1024 850 iique
1052 806 1172 850 pariter

429 863 569 896 otlicinm
591 868 781 905 perpetuum
813 866 936 903 gerent,
968 860 1044 892 dum
1076 869 1172 901 gene-

431 916 503 949 ralis
524 916 701 959 praelectus
722 914 781 947 crit
800 919 971 957 superstes.
988 913 1102 945 Yotum
1119 922 1172 944 eo-

430 980 622 1013 ruinaeque
642 980 678 1002 ac
711 968 862 1012 praesceti
891 966 1066 1000 decisivum
1098 966 1168 1006 erit,

430 1030 652 1067 praeterquam
675 1024 761 1067 quod
782 1023 962 1066 praefectus
980 1021 1096 1064 duplex
1118 1021 1172 1052 lia-

430 1078 526 1117 lwbit,
551 1078 667 1119 singuli
693 1077 737 1109 illi
766 1077 911 1120 simplex.
944 1075 1026 1108 Nihil
1059 1084 1172 1108 eorum

430 1132 468 1162 εκ·
482 1131 609 1174 quibus,
626 1131 803 1163 secundum
819 1129 1062 1162 constitutiones
1077 1128 1173 1160 saetas

430 1191 484 1216 aut
505 1184 676 1224 saciendaS,
701 1194 773 1217 eum
795 1182 1033 1215 consultoribus
1058 1181 1170 1214 decer—

431 1238 573 1270 nendum
605 1243 661 1277 est,
692 1242 861 1275 statuetur,
884 1235 944 1268 nisi
976 1236 1014 1268 de
1045 1235 1173 1267 illorum

431 1291 563 1323 musitio
592 1297 622 1323 et
650 1289 822 1325 sementia:
858 1289 962 1321 maior
994 1299 1067 1321 vero
1103 1298 1175 1331 pars

430 1344 662 1377 sententiarum
675 1343 788 1375 vincet.
806 1343 850 1375 Ne
868 1348 974 1375 autem
995 1352 1032 1374 ex
1048 1347 1176 1374 senten-

433 1399 548 1430 tiarum
571 1397 763 1440 aequalitate
784 1406 834 1428 res
857 1395 1035 1427 indubium
1056 1394 1171 1433 veniat,

432 1452 469 1483 ad
492 1451 522 1483 id
543 1451 590 1482 vir
610 1450 713 1490 gravis
734 1450 772 1483 de.
797 1448 1046 1490 congregatione
1074 1448 1175 1491 depu-

434 1510 525 1542 tetur,
550 1503 603 1547 qui
625 1509 698 1536 roto
719 1513 777 1535 suo
798 1504 905 1546 (prout
929 1501 1099 1534 necessitas
1120 1511 1176 1544 po-

432 1557 609 1595 stulaverit)
630 1556 771 1594 alterius,
793 1566 889 1599 quam
908 1555 1074 1588 meliorem
1096 1565 1173 1587 cen-

433 1611 542 1647 suerit,
566 1610 665 1653 partis
690 1620 861 1642 nnmerum
891 1614 1016 1650 augeat.
1050 1608 1177 1641 Praese—

434 1670 502 1696 ‹tus
521 1674 584 1696 una
605 1674 676 1695 cum
699 1663 793 1696 sociis
824 1668 1014 1706 potestatem
1047 1661 1177 1694 habebit

436 1724 502 1749 tum
533 1716 763 1759 interpretamli
796 1722 823 1748 et
857 1726 893 1748 ca
930 1714 1107 1758 explicandi
1138 1715 1177 1747 dc

435 1770 551 1813 quibus
572 1780 668 1813 super
690 1769 832 1801 instituto
864 1774 974 1800 nostro
995 1768 1096 1811 (quod
1127 1767 1178 1800 liic

435 1823 618 1857 summatim
633 1822 931 1866 comprehenditur)
941 1821 1097 1854 dubitatio
1112 1822 1179 1854 sue-

437 1878 472 1909 rit
497 1883 578 1916 orta,
596 1883 662 1909 tum
681 1875 947 1909 constitutioiunn
966 1875 1005 1907 ad
1023 1875 1177 1918 optimam

437 1930 695 1973 congregationis
716 1929 918 1972 disciplinam
944 1928 1175 1962 faciendarum.

436 1984 682 2018 Constitutiones
699 1990 805 2016 autem
827 1983 1021 2026 experiendo
1039 1983 1179 2026 primum

437 2044 532 2081 atque
552 2038 673 2070 utendo
694 2037 930 2080 expendentur,
954 2037 1070 2069 deinde
1090 2047 1108 2069 a
1128 2047 1180 2069 ca-

438 2092 538 2134 pitulo
555 2091 619 2123 sire
640 2090 889 2132 congregatione.
907 2090 1060 2132 generali,
1085 2096 1179 2133 prout

438 2144 587 2186 expedire
609 2143 779 2180 videbitur,
803 2143 1023 2175 admittentur.
1056 2143 1182 2176 Praesc-

439 2203 504 2229 ‹Jtos
524 2197 661 2229 aliorum
684 2197 828 2229 locorum
854 2197 874 2236 ¹,
897 2196 952 2229 ubi
975 2197 1182 2238 congregatio

439 2251 546 2282 sedem
568 2250 727 2289 babuerit,
744 2256 772 2282 et
795 2249 1006 2293 provinciales
1028 2256 1056 2282 et
1078 2249 1182 2283 visita-

441 2309 534 2343 t01'cS,
559 2313 638 2346 quos
659 2303 851 2345 oportuerit,
873 2303 1001 2345 eligent.

484 2355 551 2397 ἐϋ.
583 2356 701 2388 Elcctio
733 2366 808 2389 vero
837 2356 996 2395 generalis
1029 2357 1181 2399 praelecti

313 2421 338 2457 ατη·
356 2417 425 2456 *st-'3⁵2
441 2415 468 2442 ct
486 2409 705 2441 consultorum
727 2409 858 2452 posthae
881 2409 911 2441 in
933 2409 1182 2451 congregatione

326 2473 332 2484 t
348 2472 351 2482 *
367 2465 424 2483 ''¹¹¹³>-
441 2463 582 2505 generali
604 2463 748 2495 facienda
768 2469 824 2495 est.
842 2464 875 2496 ln
893 2474 1042 2506 praesens
1051 2463 1181 2507 quidem

442 2516 599 2558 generalis
617 2515 778 2548 creabitur
799 2516 958 2558 suffragiis
979 2516 1109 2549 maioris
1128 2527 1182 2549 eo-

443 2580 512 2602 rum
527 2569 624 2612 partis
645 2568 698 2612 qui
725 2579 811 2601 nunc
836 2579 962 2601 crucem
988 2575 1114 2609 gerunt,
1147 2580 1183 2602 ac

478 2641 491 2667 1
514 2640 620 2667 Rectius
634 2640 754 2666 (junium.
776 2639 820 2674 qui
844 2639 923 2673 legit:
945 2640 1112 2674 Praefectus
1137 2647 1183 2673 sle—

443 2685 548 2712 uerutis
568 2693 601 2711 cic
620 2684 690 2711 socii
706 2684 862 2718 praefectos
874 2684 1011 2717 atim-nm,
1028 2689 1080 2711 etc.
1098 2686 1182 2718 (thr.)

1204 398 1241 419 ac
1262 386 1470 420 renunciatus
1491 386 1650 427 generalis
1670 386 1776 427 suerit,
1809 392 1948 430 quatuor

1204 445 1352 473 votorum
1372 439 1583 483 professione,
1600 439 1802 472 obedientiae
1813 439 1945 479 scilicet,

1205 494 1413 538 paupertatis,
1448 493 1611 533 castitatis,
1646 498 1687 532 ct,
1712 493 1799 536 quod
1828 493 1949 536 praeci-

1205 558 1305 590 puum
1334 547 1429 580 liuius
1461 546 1596 579 instituti
1629 556 1762 590 scopum
1794 546 1946 585 continet,

1205 600 1367 644 perennis,
1391 606 1425 633 ut
1445 600 1567 633 dietum
1580 605 1637 639 est,
1653 599 1823 632 ministerii
1836 609 1950 640 aegro-

1207 654 1353 693 tantium,
1368 653 1555 686 solemniter
1568 663 1601 686 se
1614 652 1807 693 obstringet3
1818 657 1950 695 tumque

1206 707 1245 739 ad
1267 706 1370 750 ipsum
1393 712 1444 739 aut
1464 716 1549 746 cum,
1567 706 1617 739 cui
1639 706 1665 738 is
1688 705 1749 738 hoe
1762 705 1882 747 negotii
1896 705 1950 738 de-

1207 760 1300 800 derit,
1325 760 1438 793 eodcm
1460 760 1558 792 modo
1572 759 1812 802 profitebuntur
1823 768 1947 798 omnes,

1206 813 1260 856 qui
1281 813 1445 856 specimen
1469 813 1518 845 sui
1548 812 1707 853 dederint,
1730 817 1759 844 et
1782 811 1888 845 idonci
1914 821 1950 844 ac

1207 866 1294 908 digni
1313 866 1443 899 iudicati
1465 865 1592 898 suerint.

1252 920 1268 961 ξ
1284 919 1313 952 7.
1328 919 1483 952 Volumus
1503 924 1610 951 autem
1625 924 1763 959 nostros,
1779 917 1834 961 qui
1850 918 1882 950 in
1893 927 1951 950 no-

1207 972 1367 1012 socomiis,
1391 982 1464 1005 eum
1485 972 1690 1016 superiorum
1711 981 1843 1004 suorum
1864 970 1951 1004 iussu

1208 1026 1494 1069 (consentientilms
1521 1025 1710 1058 eorumdem
1746 1023 1951 1057 nosocomio-

1208 1089 1278 1111 rnm
1297 1078 1479 1122 praefectis)
1501 1078 1679 1118 mittentur,
1694 1077 1736 1110 ita
1754 1087 1886 1121 operam
1897 1087 1954 1109 na-

1207 1143 1292 1173 vare,
1316 1138 1349 1165 ut
1371 1132 1459 1165 nulla
1479 1132 1607 1175 publica
1642 1131 1759 1170 officia,
1787 1130 1954 1172 magistra-

1208 1191 1323 1229 tusque
1344 1191 1399 1218 aut
1422 1185 1608 1218 reddituum
1639 1183 1953 1217 administrationem

1209 1239 1300 1272 iniis
1331 1238 1521 1283 suscipiant,
1549 1248 1659 1271 verum
1695 1247 1807 1270 omnes
1842 1246 1952 1270 curam

1209 1298 1428 1334 aegrotorum,
1451 1297 1519 1325 tum
1541 1291 1687 1335 corporis
1713 1297 1780 1324 tum
1812 1290 1951 1327 animae,

1210 1352 1322 1387 gerant
1335 1373 1342 1386 ‚
1373 1351 1403 1378 et
1434 1345 1555 1388 aliquot
1595 1356 1631 1377 ex
1669 1344 1745 1388 ipsis
1780 1348 1955 1376 nocturnas

1210 1398 1359 1431 excubias
1392 1398 1589 1442 diurnasque
1620 1398 1662 1430 ibi
1689 1398 1823 1438 ducant,
1859 1402 1955 1440 atque

1210 1452 1347 1493 aegrotis
1369 1452 1624 1494 agonizantibus,
1648 1451 1752 1484 donec
1772 1461 1808 1483 ex
1822 1451 1882 1483 hac
1892 1450 1955 1483 vita

1211 1506 1360 1548 migrent,
1384 1516 1543 1548 nusquam
1565 1504 1783 1544 desint.Quod
1802 1504 1827 1537 si
1847 1503 1952 1544 nohis,

1210 1565 1242 1592 ut
1282 1559 1414 1592 caeteris
1452 1558 1659 1602 pauperibus,
1692 1557 1955 1591 nosocomiorum

1211 1612 1337 1656 patroni
1350 1617 1404 1645 ant
1417 1611 1706 1652 administratores,
1731 1611 1853 1654 aliquid
1873 1610 1956 1644 elee-

1212 1665 1366 1705 mosinae,
1376 1665 1441 1698 sive
1452 1665 1671 1708 quotidianae,
1681 1664 1746 1697 sive
1759 1669 1953 1704 menstruae,

1211 1719 1275 1751 sive
1296 1729 1433 1759 ammae,
1454 1718 1519 1751 sive
1544 1718 1576 1751 in
1597 1718 1705 1762 plures
1725 1728 1826 1750 annos
1846 1716 1955 1759 largiri

1212 1772 1382 1811 voluerint,
1407 1771 1613 1814 congregatio
1633 1777 1742 1804 nostra
1763 1771 1811 1804 ius
1831 1770 1956 1803 nullum

1213 1826 1329 1858 habeat
1346 1825 1377 1857 id
1407 1824 1566 1867 exigendi,
1598 1825 1653 1858 scd
1678 1835 1760 1868 quae
1795 1824 1958 1857 dabuntur

1214 1878 1468 1911 liberalitercum
1480 1878 1656 1920 gratiarum
1669 1878 1796 1911 actione
1807 1877 1954 1921 accipiet.

1214 1933 1276 1965 Nos
1296 1932 1382 1965 enim
1400 1942 1497 1965 curae
1516 1937 1722 1974 aegrotorum
1741 1930 1958 1964 incumbimus

1214 1985 1303 2018 nulla
1324 1985 1472 2018 mercede
1492 1985 1540 2017 vel
1560 1995 1617 2028 spe
1630 1984 1799 2028 temporali
1813 1983 1956 2024 adducti,

1214 2039 1270 2071 sed
1290 2050 1325 2072 ex
1347 2038 1481 2071 instituti
1504 2038 1604 2071 nostri
1627 2038 1834 2080 obligatione.

1260 2091 1275 2133 ξ
1288 2090 1318 2123 8.
1328 2091 1437 2134 ltaque
1450 2091 1489 2123 ab
1502 2090 1640 2133 aegrotis
1651 2090 1859 2134 hospitalium
1872 2089 1961 2123 nulla

1217 2155 1362 2184 munera,
1387 2144 1467 2177 nihil
1488 2143 1655 2188 pecuniae,
1679 2144 1801 2176 nullam
1824 2143 1960 2176 omnino

1217 2208 1285 2230 rem
1305 2198 1406 2231 nostri
1428 2198 1566 2242 capiant,
1590 2209 1627 2231 ac
1645 2208 1685 2231 nc
1710 2208 1767 2241 per
1786 2197 1960 2231 submissas

1217 2251 1347 2294 quidem
1369 2261 1534 2294 personas.
1559 2251 1674 2293 Legata
1695 2251 1733 2283 ab
1759 2250 1808 2291 iis,
1841 2250 1897 2294 qui
1927 2250 1960 2283 in

1218 2304 1413 2337 nosocomiis
1433 2304 1574 2337 defuncti
1597 2304 1726 2344 suerint,
1750 2303 1782 2336 in
1803 2314 1872 2336 rem
1903 2313 1960 2337 no-

1217 2363 1315 2390 stram
1337 2357 1457 2397 relicta,
1482 2367 1547 2390 non
1568 2357 1787 2390 admittantur.

1261 2410 1276 2453 ξ
1297 2410 1326 2443 9.
1351 2409 1410 2449 Qui
1435 2409 1466 2442 in
1499 2409 1710 2454 hospitalibus
1735 2415 1809 2443 sunt
1826 2419 1961 2443 nosoco-

1218 2463 1358 2496 miorum
1379 2463 1533 2496 officiales
1554 2468 1584 2496 et
1602 2462 1724 2504 famuli,
1739 2463 1770 2495 in
1785 2473 1961 2505 congrega-

1218 2516 1336 2549 tionem
1356 2522 1499 2549 nostram
1518 2526 1582 2549 non
1603 2516 1811 2560 recipiantur,
1827 2516 1896 2549 sine
1909 2526 1959 2549 as-

1217 2580 1311 2602 sensu
1341 2579 1453 2602 eorum
1475 2569 1529 2612 qui
1551 2569 1613 2602 illis
1640 2569 1671 2602 in
1701 2569 1779 2602 locis
1807 2568 1959 2613 praefecti

1217 2628 1301 2656 sunt.

1264 2676 1280 2716 ξ
1302 2674 1354 2707 ll).
1379 2675 1579 2718 Expericndo
1609 2675 1791 2715 didicimus,
1814 2673 1960 2717 plurimis

1959 277 2009 304 An.
2027 275 2054 303 C.
2078 275 2141 305 ¹591

1987 922 2062 944 Officio
2077 921 2149 942 misso-

1966 956 2011 970 rum
2032 949 2059 969 ud
2079 948 2149 973 ΙιυςμιΑ

1966 976 2023 997 tatia.

2001 2095 2110 2116 Munerum
2127 2101 2159 2115 re-

1974 2123 2073 2148 ceptione
2088 2121 2159 2148 probi-

1974 2150 2026 2170 bita,

2015 2413 2123 2434 Officiates
2139 2413 2159 2433 in

1975 2440 2053 2466 tinspit.
2074 2439 2159 2466 quando

1975 2466 2092 2492 recipiendi
2139 2466 2160 2486 in

1975 2492 2150 2518 congregatione.
