2226 3070
34 291 82 318 An.
101 291 128 318 C⁴
150 289 216 316 ¹592

75 1945 219 1971 Expcnsarum

36 1977 138 1998 cuiusque
165 1978 220 1992 coiu-

36 1999 143 2019 munitatis
154 1999 220 2019 tabel-

35 2025 54 2045 la
63 2025 156 2050 quolibet
165 2031 219 2046 anno

36 2052 166 2073 conficiatur.

851 288 997 311 CLEMENS
1018 287 1074 310 vul
1097 287 1145 310 Pr.

267 338 401 366 Clemens
417 337 586 372 episcopus,
603 344 710 365 servus
722 343 876 364 servorum
890 336 952 370 Dei,

358 394 393 419 ad
410 394 586 425 perpetuam
605 391 648 418 rei
669 390 850 418 memoriam.

278 445 338 478 Pro
358 445 529 477 commissa
549 444 642 478 nobis
659 456 676 477 a
696 443 832 477 Domino
849 449 978 476 sanctae

33 506 217 556 resgffinffiogffus
233 499 396 532 Romanae
416 497 574 531 Ecclesiae
595 497 689 541 eique
710 497 804 530 etiam
836 496 867 528 in
899 502 977 529 tem-

233 552 397 596 poralibus
428 552 645 585 subiectarum
676 551 839 584 civitatum
861 556 889 583 et
921 560 978 593 po-

233 606 383 649 pulorum
406 605 514 645 tutela,
538 610 735 648 paternaque
757 614 831 646 erga
852 609 978 636 nostros

232 658 377 691 subditos
391 658 555 699 charitate,
572 658 746 702 praecipuo
760 657 866 690 studio
885 663 975 690 16116-

234 723 307 746 111111·
338 712 528 756 providere,
561 718 592 745 ut
630 712 669 744 ad
701 722 755 745 eos
785 706 996 755 pertinentia'

234 766 328 805 bona,
353 776 390 798 ea
410 777 473 809 qua
494 766 585 798 decet
605 765 667 798 fide
694 770 723 798 et
751 776 829 798 cura
859 764 979 797 utiliter

233 824 263 853 et
275 819 407 863 provide
420 819 696 859 administrentur;
706 818 894 862 praesertim
903 828 978 851 vero

235 873 388 906 tollantur
407 873 496 916 pravi
517 873 650 911 abusus,
674 872 729 915 qui
749 872 780 904 in
812 871 977 916 publicum

233 932 264 961 et
283 937 455 960 commune
476 927 629 959 damnum
648 925 800 970 paulatim
816 925 974 969 irrepunt;

233 992 269 1013 ex
290 980 406 1024 quibus
426 986 456 1013 et
476 973 629 1012 hactenus
650 979 737 1021 gravi
770 989 842 1012 aere
873 978 978 1011 alieno

233 1033 418 1067 communia
439 1033 568 1066 illorum
590 1033 674 1066 bona
695 1043 859 1076 oppressa,
876 1032 924 1065 vel
939 1032 978 1064 ab

233 1088 301 1132 ipso
333 1087 434 1120 nostri
463 1086 669 1130 pontificatus
699 1086 790 1118 initio
820 1085 979 1128 comperi-

234 1152 315 1181 mus,
339 1146 370 1173 et
390 1140 510 1172 malum
529 1140 600 1177 hoc,
616 1139 675 1172 nisi
694 1138 841 1172 celeriter
861 1148 979 1181 oppor-

234 1200 309 1227 tuna
339 1194 480 1227 remedia
510 1193 738 1232 adhibeantur,
772 1192 914 1235 quotidie
947 1191 978 1223 in

234 1249 373 1282 deterius
384 1247 509 1292 prolabi
521 1247 676 1280 videmus.
690 1247 770 1279 Dum
785 1245 870 1278 enim
886 1245 978 1289 pauci

233 1312 289 1335 sua
309 1301 431 1346 privata
452 1301 623 1334 commoda
641 1306 672 1333 et
692 1300 781 1332 lucra
802 1305 975 1343 quaerunt,

233 1360 328 1398 atque
346 1354 464 1387 illicitis
484 1354 599 1393 modis,
616 1354 702 1397 quod
720 1364 815 1397 prave
834 1352 979 1385 ambiant
996 1359 998 1368 ¹

233 1413 287 1441 aut
322 1408 574 1452 concupiscunt,
613 1407 767 1450 consequi
808 1406 976 1442 affectant,

234 1461 454 1505 potentiorum
473 1466 524 1494 aut
547 1460 631 1503 vulgi
653 1460 786 1503 gratiam
815 1459 903 1492 vanis
931 1470 980 1491 as-

234 1514 467 1548 sentationibus
496 1519 718 1557 aucupantur,
748 1524 821 1546 suas
842 1513 981 1556 denique

236 1568 427 1612 cupiditates
447 1567 574 1611 explere
595 1573 762 1609 satagunt,
787 1567 875 1599 nulla
895 1566 981 1599 utili-

236 1621 307 1654 tatis
332 1621 481 1665 publicae
498 1620 637 1653 'ratione
670 1620 797 1659 habita,
822 1619 981 1652 aerarium

236 1674 401 1718 publicum
423 1674 563 1718 ipsarum
585 1673 746 1706 civitatum
777 1679 807 1706 et
836 1674 981 1706 locorum

236 1728 438 1768 exhauriunt,
462 1727 549 1770 gravi
571 1738 644 1760 aere
665 1727 770 1760 alieno
801 1726 978 1771 implicant,

237 1782 384 1815 inanibus
404 1781 532 1825 pompis
552 1786 582 1813 et
607 1780 875 1813 ostentationibus
904 1780 983 1813 dila-

237 1836 359 1879 pidant.

281 1888 348 1930 gl.
371 1888 491 1927 Quibus
522 1887 614 1920 malis
646 1893 741 1931 atque
769 1887 983 1921 incommodis

236 1944 405 1986 <quantum
426 1946 536 1974 nostra
566 1941 733 1983 vigilantia
758 1947 853 1985 atque
874 1947 1001 1975 aucto-.

235 1995 327 2029 ritate
348 1995 424 2028 eniti
445 1995 628 2038 possumus)
650 2005 822 2028 occurrere
851 1995 983 2039 cupien-

237 2055 292 2087 tes,
317 2049 377 2081 hae
397 2055 506 2080 nostra
524 2053 681 2092 perpetuo
701 2048 837 2081 valitura
858 2048 979 2081 consti-

235 2102 378 2141 tutione,
412 2100 581 2133 statuimus
611 2107 641 2133 et
671 2101 858 2134 ordinamus
888 2107 919 2133 ut
950 2101 981 2134 in

235 2155 378 2200 qualibet
398 2155 534 2195 civitate,
559 2161 654 2195 terra,
678 2155 810 2198 oppido,
835 2161 938 2188 castro
953 2161 983 2188 et

235 2209 306 2242 loco
331 2208 406 2242 dicti
427 2208 530 2241 Status
562 2208 747 2252 temporalis
779 2208 982 2241 ecclesiastici

235 2263 385 2303 universi,
410 2263 489 2296 itaut
508 2263 603 2295 etiam
616 2262 826 2295 Bononiensis
839 2268 868 2295 et
881 2263 982 2295 Bene-

236 2323 371 2350 ventana
391 2322 518 2350 nostrae
540 2316 681 2350 civitates
702 2316 760 2348 sub
788 2316 846 2349 hac
865 2315 983 2349 consti-

238 2372 359 2405 tutione
390 2371 452 2404 sint
480 2371 745 2414 comprehensae,
782 2370 898 2403 tabella
929 2375 983 2402 aut

237 2425 363 2458 libellus
383 2424 555 2467 quotannis
573 2423 663 2456 initio
685 2423 759 2455 anni
781 2423 980 2461 conficiatur,

237 2478 268 2510 in
283 2489 346 2522 quo
360 2483 507 2521 sumptus
521 2487 633 2509 omnes
651 2476 808 2509 ordinarii
833 2482 863 2508 et
880 2482 983 2509 extra·
1000 2481 1002 2486 ’

237 2531 392 2565 ordinarii
433 2530 561 2574 publice
596 2529 690 2563 utiles
726 2535 780 2562 aut
812 2530 983 2562 necessarii

237 2585 299 2618 sint
332 2583 492 2628 descripti.
523 2584 561 2616 Et
592 2594 703 2616 earum
735 2582 878 2626 quidem,
902 2594 984 2626 quae

238 2643 345 2671 certae
375 2644 405 2670 et
434 2637 616 2670 ordinariae
636 2642 727 2676 sunt,
749 2647 981 2680 expensarum,

1665 275 1729 309 595
1776 285 1822 311 xn.
1842 287 1870 311 C.
1893 286 1957 312 1592

1012 346 1093 378 quae
1114 344 1190 367 vero
1211 334 1350 366 incertae
1372 338 1399 365 et
1422 333 1692 366 extraordinariae
1715 334 1758 366 vi—

1013 388 1184 425 debuntur,
1206 397 1316 419 earum
1338 385 1484 418 universe
1505 396 1631 418 summa
1652 387 1758 430 aliqua

1012 452 1118 473 annua
1140 446 1272 479 taxetur,
1297 450 1393 483 quam
1416 445 1483 472 toto
1504 438 1577 471 anni
1597 439 1758 472 curriculo

1013 496 1163 529 excedere
1203 505 1407 538 nequaquam
1445 494 1560 531 liccat·,
1596 493 1757 535 sigillatim

1013 560 1086 581 vero
1108 560 1166 592 pio
1184 548 1228 581 rci
1249 548 1433 590 indigentia,
1447 558 1482 579 ex
1503 546 1649 579 universa
1671 558 1758 579 sum·

1014 613 1064 635 ma
1085 602 1129 635 sic
1149 608 1269 639 taxata,
1294 613 1311 634 a
1342 606 1406 634 toto
1437 600 1592 637 consilio,
1618 611 1689 632 cum
1713 600 1759 632 in-

1013 662 1157 688 terventu
1178 655 1343 699 praesidis,
1368 654 1593 697 gubernatoris
1619 660 1673 686 aut
1703 665 1759 697 po-

1014 709 1144 747 testatis,
1169 708 1333 752 portiones
1363 708 1560 741 necessariae
1592 707 1672 740 infra
1705 718 1760 740 an-

1013 773 1089 795 num
1111 762 1330 795 detrahantur.
1354 762 1357 764 ⁷

1067 818 1082 857 ξ
1111 815 1140 848 2).
1168 815 1276 858 anue
1306 815 1423 861 tabella
1455 820 1506 847 aut
1542 814 1669 847 libellus
1701 825 1758 858 per
1789 829 1961 854 ‘nummism-

1013 869 1262 911 gubernatorem
1284 880 1339 901 seu
1360 868 1539 912 praesidem
1561 868 1756 912 provinciae,
1775 856 1961 909 ¹t'‡¹s›¹5131ss¹‘3l'51}1

1013 928 1064 955 aut
1087 922 1221 955 civitatis
1250 927 1277 954 et
1309 922 1540 964 cuiuscumque
1558 927 1672 959 terrae,
1697 933 1757 965 op-
1776 910 1883 934 ¹'¹'‘'¹'⁰¹⁰s'

1013 976 1078 1020 pidi
1100 982 1129 1008 ct
1147 976 1241 1008 castri
1262 980 1444 1019 praetorem
1467 985 1522 1007 seu
1545 981 1757 1018 potestatem,

1013 1029 1147 1071 singulis
1165 1029 1267 1061 annis.

1059 1085 1074 1125 ξ
1095 1084 1125 1116 3.
1151 1084 1214 1116 Hac
1236 1093 1311 1115 vero
1332 1082 1435 1126 prima
1457 1082 1545 1119 rice,
1570 1093 1635 1115 non
1656 1084 1760 1116 solum
1799 1095 1823 1116 Et
1840 1096 1879 1116 ime
1896 1102 1962 1121 psum.

1014 1137 1052 1169 ab
1081 1137 1176 1180 ipsis,
1200 1137 1255 1169 sed
1277 1136 1374 1169 ctiam
1404 1141 1473 1179 post
1506 1146 1581 1175 eos,
1604 1136 1687 1168 intra
1707 1136 1762 1169 tri·
1778 1128 1962 1169 iiiifi'ss1·⁰11⁰ft³-t¹¹¹1i⁷123

1014 1190 1100 1232 ginta
1121 1190 1188 1223 dies
1211 1196 1285 1222 tunc
1306 1189 1450 1233 proxime
1473 1195 1658 1232 sequentes,
1681 1200 1698 1222 a
1717 1190 1763 1222 di-
1778 1176 1963 1201 ³³¹¹m¹¹⁰pd¹²¹⁸⁴

1015 1244 1104 1277 lectis
1124 1243 1198 1276 filiis
1218 1244 1248 1277 S.
1266 1244 1301 1276 R.
1326 1243 1359 1276 E.
1385 1243 1563 1276 camerario
1586 1248 1613 1275 et
1637 1243 1763 1276 thesau-

1014 1297 1098 1330 rario
1119 1297 1260 1339 generali
1279 1298 1428 1330 Gamerae
1443 1296 1646 1339 Apostolicae
1667 1308 1762 1329 accu-

1017 1357 1082 1384 rate
1104 1356 1134 1383 et
1155 1351 1326 1392 diligenter
1353 1350 1563 1393 inspiciatur,
1585 1350 1765 1393 corrigatur

1015 1410 1043 1437 et
1058 1404 1266 1447 approbetur,
1282 1403 1447 1447 expunctis
1463 1403 1535 1436 inde
1554 1403 1591 1436 iis
1612 1404 1764 1436 omnibus

1017 1457 1180 1501 impensis,
1205 1468 1286 1501 quae
1308 1462 1437 1501 praeter
1458 1463 1509 1489 aut
1540 1462 1651 1490 contra
1682 1457 1764 1490 banc

1016 1517 1158 1544 nostram
1181 1511 1454 1549 constitutionem,
1472 1511 1567 1543 etiam
1589 1521 1624 1543 ex
1646 1516 1764 1544 statuto

1017 1566 1063 1598 vel
1094 1565 1327 1598 consuetudine
1349 1564 1481 1608 antiqua
1502 1564 1571 1597 fieri
1593 1563 1761 1603 solebant,

1017 1629 1052 1652 ac
1075 1623 1197 1650 retento
1210 1617 1308 1661 ipsius
1322 1617 1457 1650 tabellae
1474 1627 1529 1649 seu
1544 1616 1644 1649 libelli
1659 1628 1765 1649 exem-

1017 1671 1070 1714 plo
1092 1682 1146 1704 seu
1168 1671 1303 1713 registro
1324 1681 1421 1714 penes
1445 1670 1609 1703 Carneram
1631 1672 1766 1714 Aposto-

1018 1725 1111 1757 licam
1137 1725 1235 1767 gratis
1264 1731 1293 1758 et
1321 1725 1440 1768 absque
1476 1725 1542 1758 ullo
1576 1726 1764 1758 earumdem

1018 1778 1288 1811 communitatum
1302 1789 1357 1811 seu
1374 1778 1616 1811 universitatum
1639 1779 1767 1822 dispen-

1018 1831 1090 1871 dio,
1114 1832 1222 1865 statim
1244 1832 1327 1865 intra
1355 1832 1466 1865 decem
1489 1832 1577 1872 dies,
1602 1833 1641 1864 ab
1669 1832 1767 1876 ipsius

1018 1885 1211 1929 receptionis
1233 1886 1282 1919 die
1312 1886 1550 1925 numerandos,
1581 1886 1625 1918 sic
1645 1886 1764 1925 revisa,

1018 1939 1196 1982 approbata
1234 1945 1262 1971 et
1304 1945 1448 1972 correcta
1463 1967 1480 1976 ,.
1508 1940 1546 1972 ad
1588 1939 1767 1983 praedictas

1018 1993 1266 2025 communitates
1300 2003 1357 2025 seu
1390 1993 1613 2025 universitates
1651 1993 1764 2026 remit-

1019 2052 1113 2079 tatur.

1063 2102 1078 2141 ξ
1100 2100 1130 2132 4.
1151 2099 1298 2133 Districte
1315 2105 1422 2133 autem
1441 2100 1633 2141 inhibemus,
1648 2101 1706 2133 sub
1721 2101 1768 2133 in-

1019 2154 1213 2197 dignationis
1228 2159 1355 2187 nostrae
1369 2160 1398 2187 et
1412 2154 1482 2187 aliis
1497 2154 1691 2196 gravissimis
1707 2165 1766 2188 no-

1018 2214 1083 2241 stro
1105 2214 1134 2241 61
1163 2218 1385 2240 successorum
1416 2213 1600 2241 nostrorum
1633 2208 1766 2242 arbitrio

1019 2262 1222 2305 imponendis
1243 2261 1365 2305 poenis,
1383 2271 1422 2293 ne
1440 2272 1499 2304 pro
1520 2261 1625 2303 sigillo
1645 2263 1693 2295 rel
1708 2273 1766 2306 pro

1821 2109 1843 2130 Et
1862 2111 1925 2134 gratis
1941 2109 1966 2129 al·

1783 2137 1878 2156 munibus
1888 2136 1967 2156 utlicia-

1782 2163 1837 2183 lvbus
1866 2163 1919 2183 baec
1947 2168 1967 2180 n-

1783 2196 1837 2209 mma
1854 2189 1915 2211 liunt.
1932 2191 1967 2209 clv.

999 2316 1193 2360 ,scriptura
1228 2321 1330 2355 carta,
1365 2320 1561 2355 atramento,
1597 2327 1680 2355 cera,
1716 2327 1767 2349 ca-

1018 2370 1120 2413 psula,
1145 2369 1286 2402 cordulis
1313 2368 1421 2402 aliisve
1450 2369 1566 2407 rebus,
1591 2370 1630 2402 ad
1658 2369 1767 2402 liuius-

1020 2422 1107 2455 modi
1128 2422 1365 2466 expeditionem
1379 2422 1624 2466 pertinentibus,
1639 2434 1694 2456 seu
1708 2434 1767 2466 pro

1019 2475 1128 2508 labore.
1149 2481 1202 2508 aut
1224 2476 1396 2518 regalibus,
1419 2476 1598 2520 quidpiam,
1616 2487 1655 2509 ne
1674 2477 1767 2509 mini-

1020 2539 1108 2561 mum
1123 2529 1254 2572 quidem
1267 2529 1413 2569 obulum,
1428 2530 1488 2562 hac
1509 2530 1547 2562 de
1569 2541 1663 2562 causa
1676 2541 1767 2574 prae-

1020 2583 1095 2615 dicti
1127 2583 1322 2616 camerarius
1354 2589 1407 2616 aut
1438 2584 1675 2618 thesaurarius.
1707 2594 1764 2616 eo-

1021 2647 1132 2669 rumve
1153 2636 1279 2677 notarii,
1304 2637 1504 2675 tabelliones,
1525 2636 1698 2672 secretarii,
1716 2637 1765 2668 sa-

239 2697 324 2725 certa
344 2691 440 2725 etiam
461 2696 532 2724 taxa
561 2696 590 2724 et
618 2700 745 2724 summa
770 2689 981 2734 exprimatur,
1001 2717 1004 2732 1
1021 2689 1161 2723 1.iiliares
1181 2696 1235 2723 aut
1255 2690 1390 2734 quilibet
1414 2690 1559 2723 officialis
1591 2690 1637 2722 rel
1670 2689 1765 2722 mini-
