2226 3070
157 306 211 335 An.
227 306 256 335 C.
275 304 340 334 1587

184 566 239 586 Nova

159 598 225 623 scopi,

160 633 209 653 luni„

159 661 236 680 minii-li

162 694 238 712 itotvui·

161 725 208 744 tuit.

244 574 260 585 111
295 566 342 591 epi-

250 598 344 622 ‹lignita-

249 628 345 654 capituli,

244 664 344 685 uruntque

262 692 343 710 cunsu-

403 293 468 327 0296

356 361 467 399 gentas
488 355 587 387 libras
607 353 711 387 eidem
726 361 856 385 mensae
870 348 1042 393 capitulari
1059 358 1109 380 ec-

358 409 473 443 elesiae
484 409 666 441 Terulensis
678 411 838 450 perpetuo
856 403 1036 442 renuimus,
1057 405 1107 434 re-

358 463 525 497 stituimus
546 468 574 494 et
598 461 812 505 applicamus.

402 518 417 559 ξ
437 516 467 549 9.
490 516 603 553 Porro,
616 525 690 546 eum
710 510 931 545 thesaurariae
941 509 1044 542 dictae
1061 519 1111 542 ec-

359 570 476 603 clesiae
485 567 668 601 Terulensis
680 566 804 598 triu-tus
814 564 893 597 adeo
908 562 1020 595 tenues
1035 562 1109 601 siut,

360 629 406 659 ut,
427 621 574 655 deductis
594 619 664 652 eius
685 617 852 656 oneribus,
885 616 924 648 ad
952 625 1111 648 summam

360 681 491 709 centum
504 674 660 706 librarum
674 671 831 704 similium
846 681 911 703 non
925 669 1112 707 ascendant,

360 734 387 760 et
411 726 544 771 provide
569 725 581 747 1
611 726 699 757 illam
718 735 778 768 pro
802 725 949 767 tempore
963 723 1114 755 obtinens

360 792 395 813 ex
408 781 466 819 eis,
479 789 539 824 pro
552 777 805 820 talisdignitatis
825 776 999 818 exigentia,
1023 777 1113 808 nullo

361 833 457 866 modo
483 832 586 865 vivere
614 831 726 875 possit,
748 830 794 863 illi
818 835 946 863 centuni
967 835 996 861 et
1020 829 1115 872 quin-

360 886 531 930 quaginta3
550 885 688 927 singulis
706 894 780 917 vero
795 895 831 915 ex
849 883 1025 927 praedictis
1038 888 1116 915 tres-

361 940 466 973 decim
487 939 734 972 canonicatibus
755 944 784 970 et
807 937 1015 981 praebendis,
1043 946 1117 968 cen-

363 1000 444 1031 tuni,
468 991 667 1036 computatis
690 998 797 1024 tamen
826 991 858 1023 in
881 989 958 1034 ipsis
983 989 1117 1032 quibus-

363 1047 503 1091 cumque
536 1046 707 1084 fructibus,
740 1044 902 1077 reditibus
929 1048 959 1076 et
982 1053 1118 1087 proven-

363 1101 460 1141 tibus,
487 1100 627 1137 iuribus,
658 1098 909 1131 obventionibus
933 1102 963 1129 et
993 1097 1119 1129 emolu-

364 1154 482 1187 mentis
506 1163 619 1186 eornm
639 1152 892 1185 canonicatuum
911 1156 937 1183 et
962 1150 1119 1193 praeben-

365 1209 480 1240 darum
512 1218 549 1240 ex
575 1206 860 1240 archidiaconatus
881 1210 909 1236 et
937 1204 1119 1248 archipres-

364 1262 531 1306 byteratus
559 1269 811 1304 suppressorum
843 1259 875 1290 in
905 1258 1054 1291 districtu
1081 1257 1119 1289 de

365 1315 479 1348 Teruel
512 1314 732 1352 existentium,
763 1312 940 1355 decemque
962 1311 1121 1344 ministris

366 1367 543 1412 praedictis
572 1373 601 1400 et
636 1377 691 1399 seu
725 1376 839 1399 eorum
865 1364 993 1400 officiis,
1017 1365 1117 1400 mille,

367 1422 410 1454 ita
432 1426 466 1454 ut
494 1431 606 1454 corum
638 1420 776 1463 quilibet
800 1425 930 1451 centum
954 1418 1052 1451 libras
1077 1418 1120 1451 si-

367 1475 461 1507 miles
510 1474 648 1517 singulis
694 1473 788 1506 annis
832 1473 946 1505 habeat
988 1482 1025 1504 ex
1072 1482 1122 1504 ar-

368 1528 616 1561 chidiaconatus
650 1533 681 1560 et
713 1526 1050 1570 archipresbyteratus
1084 1526 1122 1558 de

367 1577 482 1610 Teruel
515 1586 767 1620 suppresserunt
800 1575 981 1612 fructibus,
1013 1574 1123 1607 rediti-

368 1625 428 1657 bus
449 1631 480 1658 et
500 1624 724 1669 proventibus,
758 1624 896 1662 iuribus,
919 1624 1124 1656 obventioni-

370 1673 429 1705 bus
458 1680 490 1707 et
515 1673 759 1712 emolumentis,
783 1683 866 1715 quac
886 1678 993 1704 tamen
1013 1683 1124 1705 onines

368 1722 471 1755 libere
489 1733 507 1755 a
523 1733 633 1755 mensa
656 1721 829 1765 capitulari
854 1722 1021 1764 praedista
1040 1722 1123 1763 exigi

370 1776 402 1804 et
433 1771 572 1815 percipi,
603 1772 815 1815 ipsarumque
847 1770 938 1802 mille
966 1770 1124 1803 librarum

371 1820 546 1859 medietas,
577 1820 730 1853 videlicet
766 1819 798 1851 in
835 1819 1127 1852 distributionibus

371 1869 583 1910 quotidianis,
607 1875 641 1901 ut
661 1868 740 1902 dicti
763 1869 876 1901 decem
898 1868 1039 1901 ministri
1062 1880 1127 1901 una

372 1928 445 1949 cuni
458 1917 538 1962 ipsis
551 1918 717 1951 canonicis
733 1923 765 1950 et
783 1917 960 1960 dignitates
976 1918 1128 1951 obtinen-

372 1965 460 1998 tibus
485 1966 574 1998 boris
609 1966 737 1998 diurnis
766 1971 864 2009 atque
895 1967 1067 1999 nocturnis
1094 1967 1126 1999 in

372 2014 459 2047 dicta
481 2015 619 2048 eeclesia
645 2015 815 2055 intersint,
835 2016 938 2048 altera
958 2026 1034 2048 vero
1064 2027 1129 2049 nie-

372 2063 476 2096 dietas
488 2063 521 2096 in
540 2070 570 2097 et
583 2074 642 2108 pro
656 2064 774 2097 salario
804 2074 859 2097 seu
882 2065 1032 2098 nuffrcede
1054 2077 1130 2098 con-

373 2121 453 2154 grua
468 2112 616 2156 ipsorum
632 2113 810 2146 consistere
825 2120 855 2146 et
872 2114 1006 2153 lucrari,
1031 2120 1062 2147 et
1076 2126 1129 2147 ea-

374 2161 516 2204 pitulum
527 2162 632 2195 dictae
643 2162 799 2196 ecelesiae
811 2163 1006 2203 Terulensis,
1021 2174 1057 2196 ex
1069 2169 1130 2197 tre-

374 2210 477 2242 centis
504 2211 598 2244 libris
629 2211 758 2244 duobus
786 2210 938 2248 sacristis,
973 2213 1128 2252 materie,

375 2259 586 2302 campanario
597 2271 632 2292 ac
645 2260 821 2303 praedietis
842 2271 894 2292 sex
912 2261 1024 2304 pueris
1038 2262 1129 2294 chori

375 2317 430 2339 seu
452 2317 567 2340 eorum
589 2308 707 2341 officiis
728 2319 785 2352 per
815 2309 940 2341 dictum
971 2310 1129 2342 nuncium

377 2355 456 2388 alias
472 2356 657 2400 applicatis,
679 2357 817 2390 cuilibet
837 2358 1027 2390 eorumdem
1051 2369 1130 2391 con—

376 2415 490 2446 gruam
502 2405 697 2443 mercedem,
712 2416 771 2449 pro
785 2406 944 2448 cuiusque
960 2407 1128 2449 qualitate,

377 2452 555 2496 officioque
576 2459 607 2486 et.
628 2454 766 2493 meritis,
783 2455 928 2497 quolibet
945 2466 1043 2492 anno,
1066 2456 1133 2488 suis

378 2503 449 2535 loco
471 2508 503 2535 et
533 2507 693 2546 tempore,
715 2503 837 2536 solvere
869 2510 1032 2541 teneatur;
1061 2516 1134 2537 nec-

378 2561 443 2583 non
465 2561 578 2583 omnes
608 2551 746 2590 fructus,
780 2551 916 2591 reditus,
943 2559 1131 2595 proventus

381 2599 449 2632 iura
472 2605 502 2632 et
524 2600 746 2643 obventiones,
767 2611 849 2642 quos
865 2601 1134 2645 archiepiscopus

416 2674 425 2699 1
451 2671 578 2699 Forsitan
594 2672 648 2706 legi
663 2671 747 2699 debet
760 2673 876 2706 proinde
891 2675 929 2706 (11.
946 2674 993 2699 r).

939 293 1117 319 BULLARtUM
1142 290 1293 316 ROMANUM

1150 344 1470 384 Caesaraugustanus
1501 351 1518 372 e
1552 341 1624 372 loco
1656 339 1695 372 de
1723 339 1901 378 Mozanera,

1152 394 1311 429 territorii
1322 393 1518 433 Tei-niensis,
1533 398 1607 426 ante
1621 393 1740 426 dictam
1755 392 1905 425 dismem—

1151 449 1335 482 brationem
1366 446 1581 490 percipiebat,
1613 445 1718 478 eidem
1749 445 1905 489 episcopo

1153 501 1335 542 Terulensi,
1360 511 1418 545 pro
1435 500 1504 533 eius
1522 510 1633 532 mensa
1646 498 1837 543 episcopali,
1853 507 1907 531 eos

1153 562 1262 589 autem
1295 566 1408 588 omnes
1440 556 1581 594 fructus,
1613 553 1737 586 reditus
1770 557 1801 585 et
1831 562 1907 596 pro-

1155 615 1279 648 ventus,
1302 609 1385 648 iura,
1401 607 1613 640 obventiones
1631 612 1662 639 et
1674 606 1905 642 emolumenta,

1155 674 1237 706 quos
1251 663 1335 695 idem
1355 661 1624 705 archiepiscopus
1641 660 1911 702 Caesaraugusta-

1156 727 1216 748 nus
1236 716 1267 748 in
1289 715 1478 748 terminode
1496 714 1712 747 Sollavientos
1730 718 1761 745 et
1779 712 1911 756 Allepuz

1157 768 1381 812 percipiebat,
1416 768 1476 812 ipsi
1508 767 1759 811 archiepiscopo
1796 765 1910 798 Caesa-

1158 828 1371 866 raugustano,
1396 820 1677 854 archidiaconatui
1701 820 1738 853 de
1755 819 1866 862 Aliaga
1881 824 1911 852 et

1159 876 1301 909 labricae
1322 876 1651 917 Caesaraugustanac,
1668 873 1848 913 interillos,
1863 873 1913 905 ve-

1158 929 1217 961 luti
1240 930 1375 968 fructus,
1407 928 1531 961 reditus
1565 933 1593 960 et
1616 932 1804 970 proventus,
1827 926 1910 966 iura,

1159 982 1372 1015 obventiones
1393 987 1421 1014 et
1445 981 1679 1019 emolumenta,
1692 990 1774 1023 quos
1789 979 1915 1012 archie-

1161 1035 1314 1079 piscopus
1333 1035 1400 1078 ipse
1414 1034 1446 1066 in
1462 1033 1611 1077 quinque
1624 1033 1707 1066 villis
1724 1038 1752 1066 et
1774 1032 1806 1065 in
1828 1043 1916 1065 eom—

1161 1089 1277 1122 menda
1292 1089 1330 1121 dc
1344 1088 1455 1130 Aliaga
1477 1087 1628 1127 hahebat,
1649 1086 1851 1127 dividendos,
1867 1096 1916 1118 re-

1160 1147 1284 1175 servata
1306 1147 1413 1173 tamen
1434 1151 1533 1184 super
1554 1145 1670 1183 quarta
1696 1145 1788 1183 parte
1814 1139 1917 1172 dicto-

1162 1206 1232 1228 rum
1260 1195 1438 1233 sructuum,
1459 1194 1623 1226 redituum
1638 1199 1666 1226 ct
1685 1199 1913 1237 proventuum,

1163 1248 1299 1284 iuriam,
1322 1247 1555 1280 obventionum
1570 1253 1598 1279 et
1616 1247 1916 1280 emolumentorum

1162 1308 1249 1335 sexta
1263 1308 1365 1345 parte,
1382 1312 1478 1344 quam
1496 1306 1525 1333 et
1542 1301 1639 1333 aliam
1658 1306 1778 1333 sextam
1791 1306 1917 1344 partem

1162 1361 1298 1399 quartae
1313 1355 1479 1388 fructuum
1493 1355 1530 1387 de
1542 1355 1752 1398 ltlontagudo,
1764 1354 1919 1387 Terulen-

1164 1408 1205 1441 sis
1230 1408 1402 1447 dioecesis,
1428 1418 1510 1451 quos
1532 1407 1802 1443 dictusnuneius
1822 1408 1920 1441 certis

1164 1462 1203 1494 dc
1218 1459 1330 1494 'causis
1355 1461 1601 1504 archiepiscopo
1618 1460 1920 1504 Caesaraugustam

1164 1514 1334 1558 praedicto
1350 1514 1415 1546 sive
1432 1514 1520 1546 illius
1541 1514 1672 1547 mensae
1688 1513 1919 1558 assignaverat,

1165 1567 1268 1601 eidem
1290 1567 1388 1600 etiam
1410 1567 1567 1610 episcopo
1589 1567 1775 1607 Ternlensi,
1796 1567 1922 1600 ratione

1165 1620 1421 1665 spiritualitatis3
1430 1631 1559 1654 necnon
1568 1622 1745 1661 fructuum,
1756 1620 1922 1654 redituum

1166 1681 1194 1707 et
1222 1675 1455 1718 proventuum,
1480 1674 1613 1713 iurium,
1637 1674 1871 1708 obventionum
1892 1680 1921 1707 et

1167 1729 1478 1768 emolumentorum,
1509 1739 1592 1771 quos
1619 1728 1873 1761 archidiaconus
1893 1733 1921 1760 et

1168 1781 1431 1825 archipresbyter
1456 1781 1495 1813 de
1521 1781 1647 1821 Teruel,
1678 1787 1752 1814 ante
1777 1781 1923 1825 ipsorum

1168 1834 1455 1867 archidiaconatus
1466 1840 1493 1866 et
1507 1834 1925 1878 archipresbvteratussup-

1169 1888 1384 1932 pressionem,
1408 1888 1440 1920 in
1463 1887 1632 1920 territorio
1654 1894 1682 1920 et
1706 1887 1856 1920 districtu
1886 1888 1924 1920 de

1169 1943 1344 1978 Teruel,e1
1365 1942 1397 1974 in
1414 1942 1535 1985 Aliaga,
1559 1941 1733 1986 Villaroya,
1754 1941 1923 1979 Vintanex,

1169 1995 1323 2038 Pitarque
1349 2000 1376 2027 et
1411 1995 1575 2036 Miravete,
1603 2006 1753 2038 quosque
1784 1995 1928 2028 vicarius

1171 2053 1350 2091 perpetuus
1367 2048 1555 2092 praedictus
1568 2047 1796 2092 percipiebant
1810 2053 1839 2081 et
1856 2058 1928 2092 per-

1171 2101 1280 2144 cipere
1309 2106 1477 2145 poterant,
1502 2107 1677 2145 postquam
1698 2100 1926 2145 suppressioni

1171 2154 1277 2187 dictae
1301 2154 1440 2187 vicariae
1459 2156 1550 2188 locus
1571 2156 1673 2188 sactus
1689 2155 1799 2195 suerit,
1823 2154 1927 2187 dictae

1173 2218 1303 2240 mensae
1316 2208 1488 2251 capitulari
1516 2208 1612 2241 etiam
1635 2213 1794 2252 perpetuo
1820 2207 1927 2252 appli-

1173 2272 1296 2299 camus,
1317 2268 1345 2294 et
1369 2262 1518 2295 deductis
1538 2262 1626 2294 mille
1648 2267 1679 2295 et
1694 2261 1848 2295 tercentis
1868 2270 1928 2305 pro

1173 2324 1227 2347 xiil
1260 2315 1428 2348 canonicis
1453 2321 1481 2348 et
1509 2326 1647 2358 corpore
1672 2325 1804 2348 suarum
1833 2325 1928 2358 prae-

1173 2368 1367 2403 bendarum.
1389 2379 1424 2400 ac
1447 2378 1483 2401 CL
1505 2368 1727 2401 thesaurariae
1743 2378 1803 2412 pro
1825 2378 1928 2410 augu-

1175 2427 1294 2460 mento,
1319 2432 1447 2455 necnon
1465 2422 1552 2454 mille
1569 2422 1677 2455 ducat.
1692 2421 1930 2459 ministrorum,

1175 2481 1211 2502 ac
1235 2480 1310 2503 ‹teeL
1331 2471 1547 2510 beneficiatis,
1571 2470 1707 2514 aliisque
1736 2480 1791 2503 ccc
1812 2470 1930 2503 salario

1175 2519 1396 2555 sacristarum,
1418 2519 1551 2552 macerii
1567 2525 1595 2552 et
1613 2519 1812 2562 campanarii
1825 2524 1852 2551 et
1868 2519 1930 2551 ele-

1176 2567 1321 2600 ricorum
1346 2568 1451 2607 chori,
1476 2574 1506 2601 ut
1532 2578 1641 2611 supra,
1677 2567 1926 2610 assignatorum,

1175 2627 1232 2647 xxv
1254 2616 1363 2653 libras,
1395 2627 1478 2659 quae
1507 2617 1630 2649 decano
1651 2616 1807 2649 ecclesiae
1833 2615 1931 2648 Teru—

1178 2665 1285 2702 lensis,
1310 2665 1361 2697 cui
1379 2666 1459 2698 duas
1470 2665 1682 2709 praebendas,
1696 2664 1767 2697 eius
1779 2663 1929 2706 dignitati

1917 281 1969 310 An.
1987 280 2016 309 C.
2037 278 2102 309 1587
