2226 3070
512 282 575 315 666
1059 287 1242 314 BULLARIUM
1261 286 1413 312 Romanum

1228 404 1251 437 G

467 513 642 547 Genuensis
661 511 855 555 reipublicae
877 510 949 543 duci
980 515 1010 542 et
1038 509 1307 552 gubernatoribus
1328 509 1472 551 indulget
1492 508 1597 541 Sixtus
1616 508 1639 541 V
1664 514 1699 541 ut
1728 507 1885 552 capitanei
1915 507 2010 541 trire-

557 566 655 599 mium
676 565 817 598 eiusdem
839 563 1034 606 reipublicae
1065 562 1184 606 aliique
1214 563 1259 595 eis
1287 562 1520 606 praesidentes,
1548 571 1656 595 eoram
1681 560 1923 605 archiepiscopo
1947 559 2010 594 Ge—

556 619 667 652 nuensi
686 624 819 657 tantum,
841 624 871 649 et
895 623 965 660 post
986 626 1097 649 eorum
1123 626 1284 649 accessum
1311 616 1350 648 ad
1375 621 1505 659 portum
1527 625 1734 657 genuensem,
1756 613 1920 647 conveniri
1941 623 2014 657 pos-

556 672 618 704 sint
635 682 730 715 super
751 671 898 714 captione
920 680 1048 707 eorum,
1064 669 1116 713 qui
1140 669 1170 701 in
1196 669 1303 702 adulta
1330 674 1431 702 aetate
1456 668 1553 701 tidem
1574 668 1780 701 christianam
1802 667 2012 709 abnegarunt,

554 723 617 757 :320
642 736 670 757 a.
701 724 776 756 Aliis
801 723 959 756 iudicibus
983 733 1074 756 secus
1099 722 1214 765 agendi
1240 722 1423 755 facultatem
1448 721 1571 761 adimit,
1596 720 1672 754 ibid.
1702 720 1728 753 b.

466 778 654 811 Germaniae
668 777 861 810 concordata
876 776 1074 809 observanda
1089 776 1120 808 in
1134 776 1316 819 provisione
1330 774 1562 808 beneficiorum
1576 773 1749 817 Gregorius
1766 773 1833 806 XIII
1845 772 1911 806 suis
1923 772 2011 805 litte-

553 831 596 863 ris
621 831 847 866 declaraverat,
871 830 1146 873 explicaveratque
1169 829 1334 872 quomodo
1353 828 1559 871 intelligenda
1580 832 1662 861 esset
1675 826 1839 860 concessio
1857 825 1977 859 Nicolai
1992 825 2014 859 V

555 885 593 917 de
614 883 844 916 innotescentia
868 883 1059 926 provisionis
1079 882 1274 926 apostolicae
1294 882 1332 914 de
1361 881 1526 914 beneficiis
1547 881 1629 914 intra
1661 890 1785 912 menses
1805 884 1900 912 notae
1924 889 2014 911 vaca-

556 937 650 970 tionis
670 938 699 969 in
723 937 886 969 mensibus
907 936 1084 976 reservatis,
1109 935 1173 968 2143
1193 947 1211 968 a
1229 941 1258 968 ct
1279 935 1295 967 b
1315 941 1343 968 et
1369 946 1433 978 seq.
1461 934 1600 968 Dubium
1621 933 1832 966 nihilominus
1851 942 1948 976 super
1967 932 2015 965 in-

555 991 728 1032 telligentia
750 990 920 1022 verborum
950 995 1095 1022 exortum
1118 989 1232 1022 enodat
1254 988 1357 1022 Sixtus
1382 989 1415 1026 V,
1437 997 1599 1031 exponens
1624 987 1719 1020 verba
1745 986 1776 1019 in
1799 985 2014 1019 declaratione

554 1043 700 1085 Gregorii
723 1044 764 1076 ita
785 1050 886 1076 essent
913 1042 1132 1084 intelligenda,
1157 1048 1191 1074 ut
1215 1042 1345 1085 quaevis
1363 1041 1572 1085 provisiones,
1589 1040 1815 1084 dispositiones
1827 1044 1882 1072 aut
1894 1038 2015 1081 gratiae

556 1097 625 1129 lieri
647 1097 782 1130 debeant
804 1097 886 1130 intra
907 1102 970 1129 tres
992 1106 1116 1129 menses
1136 1096 1371 1139 computandos
1390 1105 1407 1128 a
1429 1094 1479 1128 die
1500 1093 1673 1128 vacationis
1697 1093 1730 1126 in
1754 1093 1826 1126 loco
1850 1091 2012 1133 beneficii,

555 1150 619 1182 (145
640 1162 668 1183 u.

466 1204 655 1237 Germaniae.
675 1204 857 1248 Superioris
878 1203 1089 1246 collegiorum
1107 1202 1228 1236 alumni
1249 1203 1317 1235 sine
1338 1202 1430 1235 titulo
1459 1201 1606 1235 beneficii
1628 1207 1656 1235 et
1677 1202 1745 1235 sine
1770 1201 1884 1236 litteris
1904 1200 2014 1234 dimis-

555 1257 724 1290 sorialibns
745 1258 783 1289 ad
804 1267 912 1290 sacros
938 1256 1068 1289 ordines
1099 1256 1282 1299 promoveri
1311 1261 1445 1299 possunt
1464 1266 1500 1288 ex
1521 1255 1731 1299 dispositione
1760 1254 1907 1298 Gregorii
1935 1254 2012 1291 XIII,

555 1309 618 1342 :tta
638 1321 666 1342 a.
691 1309 797 1342 Brevis
818 1315 961 1342 tenorem
987 1320 1062 1341 suae
1088 1308 1306 1341 constitutioni
1332 1307 1443 1341 inserit
1466 1307 1581 1345 Sixtus,
1610 1307 1855 1351 confirmatque,
1878 1306 1956 1339 ibid.
1985 1305 2012 1339 b.

466 1363 674 1395 Germanicae
695 1362 832 1395 nationis
852 1362 1024 1397 scholares.
1049 1361 1211 1394 Bononiae
1232 1360 1344 1393 studiis
1365 1371 1496 1404 operam
1524 1361 1646 1401 dantes,
1670 1359 1836 1403 privilegia
1860 1359 2015 1392 nonnulla

555 1415 759 1448 obtinuerant
778 1426 794 1447 a
815 1414 871 1447 Pio
891 1414 939 1450 lv,
961 1413 1024 1446 622
1044 1425 1082 1451 {13
1107 1413 1224 1457 quibus
1253 1413 1314 1445 alia
1334 1412 1507 1455 Gregorius
1527 1413 1593 1445 XIII
1618 1412 1797 1451 addiderat,
1821 1411 1899 1444 ibid.
1923 1410 1949 1443 b.
1972 1411 2015 1443 Ea

556 1469 663 1501 onmia
685 1468 840 1511 approbat
861 1468 1006 1500 Clemens
1024 1467 1099 1504 vill,
1125 1466 1201 1499 ibid.
1220 1478 1227 1503 2
1251 1476 1397 1510 novaque
1418 1466 1518 1503 addit,
1542 1464 1606 1498 623
1623 1476 1652 1498 a.
1673 1466 1758 1498 Haec
1779 1470 1886 1498 tamen
1906 1464 1945 1497 ad
1965 1474 2016 1497 so-

555 1522 619 1554 lam
640 1521 799 1553 civitatem
820 1519 1055 1553 Bononiensem
1075 1519 1249 1560 restringit,
1274 1518 1350 1551 ibid.

467 1574 646 1608 Germanici
668 1573 797 1616 Collegii
823 1573 854 1605 in
875 1573 960 1606 Urbe
985 1572 1228 1605 constitutiones
1259 1571 1431 1614 Gregorius
1462 1572 1526 1604 XIII
1559 1571 1670 1611 edidit,
1693 1580 1870 1614 earumque
1899 1570 2012 1603 obser-

556 1628 693 1660 vantiam
708 1627 766 1659 sub
781 1626 992 1659 obtestatione
1013 1625 1110 1657 divini
1134 1625 1242 1658 iudicii
1264 1625 1437 1663 mandavit,
1454 1624 1518 1657 429
1532 1624 1557 1657 b,
1572 1625 1649 1657 Inde
1667 1624 1800 1657 dubium
1813 1629 1956 1657 exortum
1975 1633 2015 1656 an

556 1681 699 1723 singulae
717 1680 775 1713 sub
796 1679 882 1723 gravi
904 1679 1094 1721 obligarent,
1110 1678 1187 1711 stu'd.
1202 1679 1344 1712 Declarat
1360 1678 1500 1722 pontifex
1519 1678 1588 1710 illas
1599 1677 1824 1710 tantummodo
1848 1677 1907 1710 sub
1928 1676 2014 1719 gravi

555 1734 709 1776 obligare,
733 1744 814 1777 quae
835 1744 871 1765 ex
891 1732 939 1766 sui
961 1738 1074 1765 natura
1094 1738 1261 1776 peccatum
1282 1732 1462 1772 includunt,
1482 1731 1556 1764 ibid.
1574 1731 1727 1764 Hortatur
1746 1730 1955 1764 nihilominus
1975 1730 2014 1762 ad

550 1788 694 1821 sedulam
716 1786 950 1819 observantiam
977 1786 1135 1819 dictarum
1156 1785 1435 1825 constitutionum,
1459 1784 1523 1817 4:30
1544 1796 1573 1817 a.

468 1841 644 1874 Gesualdus
665 1839 840 1872 Cardinalis
860 1839 1029 1882 episcopus
1042 1838 1193 1871 Ostiensis
1214 1844 1243 1871 et
1265 1837 1491 1870 veliternensis
1509 1837 1691 1870 facultatem
1711 1836 1833 1870 obtinet
1847 1836 2015 1869 exercendi

557 1892 810 1924 iurisdictionem
840 1891 1047 1924 ecclesiarum
1079 1890 1231 1924 Ostiensis
1260 1896 1290 1923 et
1318 1889 1544 1922 veliternensis
1574 1889 1604 1921 in
1633 1889 1777 1922 Romana
1798 1888 1910 1929 Curia,
1934 1899 1970 1921 ac
1989 1888 2015 1921 si

556 1946 640 1990 apud
661 1945 788 1978 easdem
810 1944 960 1977 ecclesias
985 1943 1196 1987 personaliter
1216 1943 1380 1982 resideret,
1404 1942 1469 1975 413
1490 1954 1530 1981 113
1565 1948 1596 1975 et
1621 1942 1716 1983 etiam
1749 1952 1807 1985 per
1837 1941 2012 1983 delegatos,

557 2000 632 2032 ibid.
654 1999 679 2031 b.
704 1999 834 2031 Vetatur
855 1997 1012 2030 iudicibus
1030 2007 1068 2031 ne
1086 2008 1118 2029 se
1139 1997 1286 2038 ingerant
1303 1996 1333 2028 in
1349 1996 1467 2029 iudicia
1487 1995 1664 2039 spectantia
1685 1995 1725 2028 ad
1744 1995 1864 2028 dictum
1886 1995 2012 2038 episco-

556 2064 644 2096 pum,
668 2051 744 2084 ibid.
766 2050 925 2084 Beneficia
943 2050 1099 2083 dictarum
1119 2049 1302 2082 dioecesum
1322 2049 1351 2081 in
1372 2049 1456 2082 Urbe
1477 2048 1616 2081 conferri
1637 2048 1720 2088 licet,
1740 2047 1805 2080 4114
1821 2058 1851 2080 a.
1901 2065 1904 2069 Δ

466 2107 613 2147 Gonzaga
633 2105 816 2137 Vincentius
834 2104 1005 2137 cardinalis
1025 2103 1320 2136 commendatarius
1341 2102 1502 2146 prioratus
1524 2102 1562 2135 de
1582 2101 1732 2141 Barletta‚
1753 2100 1816 2133 517
1837 2111 1866 2133 a.

467 2159 652 2193 Graec-ensis
683 2157 876 2191 Universitas
906 2157 1104 2190 Studiorum.
1133 2156 1166 2189 V.
1190 2155 1384 2189 Universitas
1404 2155 1501 2188 studii
1526 2154 1695 2197 generalis.

467 2213 594 2246 Graecis
616 2214 764 2244 Anconae
786 2210 980 2243 commercia
1001 2210 1222 2243 exercentibus
1242 2209 1415 2251 Gregorius
1434 2208 1500 2241 XIII
1526 2208 1709 2241 facultatem
1739 2207 1895 2241 concessit
1914 2207 2015 2250 depu-

556 2265 642 2298 tandi
671 2265 731 2297 sibi
749 2264 913 2297 consulem
935 2274 1006 2296 cum
1028 2263 1128 2296 solitis
1148 2263 1333 2307 privilegiis,
1357 2261 1420 2295 209
1447 2261 1473 2294 b.
1497 2261 1600 2295 Sixtus
1620 2261 1875 2305 praedecessoris
1894 2260 2016 2293 litteras

556 2324 639 2351 ratas
659 2318 791 2358 babens,
815 2317 954 2350 consulis
975 2317 1164 2350 electionem
1185 2327 1203 2348 a
1222 2315 1351 2349 Graecis
1370 2316 1484 2348 factam
1511 2314 1691 2355 confirmat,
1712 2314 1789 2347 ibid.
1810 2320 1841 2347 et
1860 2324 1924 2358 seq.

468 2373 663 2405 Graecorum
685 2370 823 2413 Collegio
845 2370 876 2403 in
894 2371 978 2404 Urbe
999 2370 1171 2412 Gregorius
1191 2370 1257 2402 XIII
1286 2369 1325 2402 ad
1351 2368 1608 2412 quinquennium
1629 2367 1800 2411 applicavit
1819 2367 1938 2400 fructus
1958 2377 2012 2399 ec-

557 2424 670 2458 clesiae
699 2423 926 2457 Ghissamensis
958 2423 989 2456 in
1011 2423 1113 2456 insula
1138 2423 1237 2461 Creta,
1262 2422 1369 2455 5181).
1390 2422 1534 2455 Clemens
1564 2422 1603 2454 ad
1634 2421 1713 2454 alios
1745 2420 1887 2464 quinque
1915 2430 2016 2453 annos

557 2482 708 2521 prorogat
728 2476 911 2509 huiusmodi
932 2476 1193 2519 applicationem,
1217 2475 1280 2507 519
1301 2486 1329 2507 a.
1347 2474 1507 2507 Vicarium
1529 2474 1560 2506 in
1578 2473 1789 2507 Chissamensi
1811 2472 1944 2506 ecclesia
1961 2471 2016 2505 de-

557 2536 656 2573 putat,
677 2529 755 2562 ibid.
776 2529 824 2565 bs,
849 2529 899 2561 cui
920 2529 1115 2562 necessarias
1137 2528 1303 2562 facultates
1323 2528 1481 2567 concedit,
1504 2527 1582 2560 ibid.
1608 2527 1635 2560 b.

468 2584 661 2617 Graecorum
683 2582 812 2624 Collegii
835 2582 972 2615 Alumni.
1002 2582 1035 2614 V.
1056 2582 1183 2626 Capella
1203 2581 1369 2625 pontificia
1389 2582 1460 2624 (ln).

467 2636 640 2678 Gregorius
659 2636 735 2675 xlv,
759 2635 907 2668 Nicotaus
926 2635 1114 2668 Sfondratus
1134 2635 1333 2678 (Sfondrati),
1351 2640 1440 2667 ortus
1460 2634 1491 2667 in
1514 2640 1616 2667 castro
1637 2634 1799 2673 Summae,
1822 2643 1923 2676 prope
1947 2632 2012 2665 Me-

557 2689 721 2722 diolanum
744 2688 794 2721 die
814 2699 845 2721 xl
864 2689 1013 2721 februarii
1035 2698 1085 2720 an.
1109 2698 1248 2723 atoxxxv,
1270 2688 1439 2731 episeopus
1459 2687 1683 2720 Cremonensis
1703 2686 1744 2719 ob
1766 2685 1896 2718 eximias
1916 2685 2015 2718 virtu-
