2226 3070
29 305 81 332 An,
99 305 125 332 C.
145 304 212 332 1586

56 586 213 612 Omucmhypo-

30 617 111 638 thecam
139 616 212 638 favore

30 650 101 669 uxoris
116 649 136 668 in
157 648 212 668 bona

30 679 117 700 mobilia
173 680 211 699 viri

30 710 141 732 transferri
162 713 212 731 sta-

30 742 77 767 miv,

57 906 80 926 Et
89 909 136 932 post
148 906 212 933 quiu-

30 939 97 958 decim
108 937 153 958 dies
165 938 210 958 fieri

31 969 213 989 inventariumbo-

32 1005 104 1020 norum
121 1000 144 1019 ad
168 1000 211 1019 do-

30 1033 72 1051 tem
87 1032 158 1051 uxoris
167 1036 213 1057 spe-

30 1064 138 1086 etanttunu

94 1332 213 1359 innuitque

33 1370 116 1391 poenas
132 1370 153 1385 m
161 1370 213 1385 con<

30 1395 179 1417 intumentes.

873 311 976 336 SlXTUS
999 312 1018 333 V
1046 311 1094 335 Pr.

227 364 327 404 ribus,
350 375 488 408 quarum
511 365 600 397 dotes
632 366 663 398 in
696 364 788 397 bonis
807 363 975 405 stabih'bus

226 418 274 450 sui
296 417 354 450 viri
380 418 497 451 servari
526 424 665 461 possent,
703 418 888 451 nullatenus
908 418 974 449 sus-

227 472 430 515 t'ragarentur
455 471 614 504 mandaxit
641 478 670 504 ct
701 471 853 510 decrevit3
882 482 918 503 ac
939 481 975 503 ex

227 530 316 565 tunc,
334 525 520 558 huiusmodi
541 526 659 559 decreti
681 525 882 564 auctoritate,
904 535 974 557 om-

227 588 300 610 nem
331 578 567 623 hypothecam,
599 578 661 611 sive
689 578 871 621 generalem
912 578 974 609 sive

227 631 416 676 specialem,
451 633 579 665 mulieri
614 637 852 675 competentem
878 642 976 675 super

226 685 319 718 bonis
341 685 512 729 praedictis
533 685 706 718 mobilibus
731 691 760 717 et
786 685 976 717 semoventi-

226 740 285 772 bus
302 739 371 780 viri,
397 739 429 772 in
445 739 507 772 alia
528 738 671 772 eiusdem
693 738 750 771 viri
772 739 857 771 bona
877 737 974 779 stabi-

227 791 280 832 lia,
302 792 327 825 si
363 798 469 825 tamen
495 793 560 825 doti
594 791 785 825 sufficientia
815 797 919 824 essent
946 796 975 824 et

227 856 285 890 per
300 846 452 879 maritum
467 846 722 890 possiderentur,
739 845 910 883 transtulit3
925 855 976 877 vo-

228 899 351 943 luitque
368 900 456 943 quod
477 900 572 933 etiam
593 900 675 933 infra
695 899 881 943 quindecim
908 898 975 931 dies·

228 958 299 997 post
319 953 425 986 datam
446 953 608 987 bullettini
620 952 817 993 huiusmodi,
830 952 974 986 inventa-

228 1007 312 1040 rium
333 1007 534 1051 praedictum
556 1009 659 1047 lieret,
678 1005 975 1040 etdnmtaxatineo

227 1060 468 1094 describeretur
493 1061 580 1105 quod
601 1072 659 1105 per
685 1060 898 1093 instrumenta
928 1060 975 1092 vel

230 1125 287 1157 per
306 1114 368 1148 fide
385 1115 498 1158 dignos
515 1120 610 1148 testes
629 1114 735 1148 dotale
755 1125 809 1146 seu
832 1114 975 1157 parafre-

229 1168 301 1202 nale
321 1179 401 1208 esse,
423 1169 453 1202 id
472 1174 516 1201 est
540 1169 571 1201 in
592 1168 697 1201 dotem
715 1179 786 1201 vere
809 1167 973 1207 traditum,

229 1222 313 1256 etde
334 1222 430 1256 donio
444 1222 589 1255 mulieris
609 1222 639 1254 in
661 1222 794 1255 domum
815 1221 887 1262 riri,
905 1227 974 1254 tan-

227 1287 324 1320 quam
353 1276 410 1309 dos
430 1276 495 1309 sive
515 1275 560 1308 uti
585 1276 786 1319 parasrenale
811 1281 974 1320 portatum

228 1329 421 1369 doceretur,
451 1329 510 1362 sub
545 1339 648 1372 poena
677 1329 921 1362 contrafacienti
945 1335 973 1362 et

228 1383 421 1416 describenti
448 1383 479 1415 in
501 1382 680 1416 inventario
705 1383 870 1426 praedicto
899 1383 973 1423 alia,

186 1468 191 1474 ,
228 1447 323 1480 quae,
352 1442 384 1470 ut
414 1448 523 1481 supra,
546 1447 610 1470 non
631 1436 826 1470 docerentur
854 1449 912 1481 per
933 1445 977 1471 te-

59 1706 132 1727 Ianam
155 1714 212 1734 qun-

32 1744 72 1765 que
87 1739 215 1765 descriptio-

32 1771 65 1789 nis
120 1771 212 1794 testium,

30 1801 214 1827 productionis,in-

30 1833 150 1856 sti-umenti,
169 1833 213 1853 de-

30 1865 161 1890 cini-ationis,
175 1864 212 1883 iu-

31 1895 91 1919 dicis.
116 1898 159 1916 ete.
175 1894 213 1916 el*-

28 1927 133 1947 formavit.

229 1495 291 1523 stes
317 1491 364 1523 vel
385 1490 599 1523 instrumenta
619 1501 687 1523 esse
707 1490 826 1523 dotalia
855 1492 902 1524 vel
923 1503 977 1535 pa·

229 1543 412 1584 rasrenalia,
431 1550 564 1577 centum
585 1549 751 1577 scutorum
770 1545 921 1578 Gamerae
939 1547 976 1578 A·

228 1597 404 1641 postolicae
430 1598 709 1642 applicandorum,
735 1604 762 1631 et
790 1599 976 1642 privationis

228 1651 267 1684 ab
293 1651 412 1691 officio;
435 1656 465 1684 et
484 1651 617 1696 insuper
642 1651 725 1685 idem
752 1652 885 1686 Ioannes
906 1654 977 1687 Hie-

228 1715 381 1749 ronymus
402 1705 493 1738 iussit
517 1706 604 1748 quod
632 1705 826 1739 examinatio
847 1707 974 1740 testium

229 1764 259 1791 et
283 1758 456 1802 descriptio
478 1759 509 1791 in
530 1760 633 1792 forma
658 1770 838 1803 pauperum
871 1762 974 1801 tieret,

229 1812 259 1845 id
280 1818 327 1846 est
346 1823 405 1856 pro
434 1813 569 1846 dimidio
589 1813 715 1846 debitae
737 1815 906 1855 mercedis,
934 1816 975 1848 ita

230 1871 262 1899 ut
311 1877 368 1910 pro
403 1867 531 1910 singulo
566 1872 644 1901 teste
671 1878 754 1901 unns
784 1868 975 1902 bononenus

227 1920 395 1954 dumtaxat
414 1921 603 1961 solveretur:
622 1927 651 1955 et
668 1933 725 1965 pro
739 1922 936 1956 exhibitione
946 1930 976 1957 et

228 1974 441 2018 productione
462 1975 681 2015 instrumenti,
713 1976 796 2009 alius
828 1977 974 2010 bonone-

227 2038 299 2069 nus;
320 2039 357 2060 ac
374 2039 432 2071 pro
445 2028 668 2071 registratione
683 2035 715 2062 ct
731 2029 801 2062 aliis
818 2036 974 2073 opportu-

227 2081 287 2122 nis,
310 2080 479 2114 dimidium
509 2081 577 2114 eius
605 2083 691 2126 qnod
725 2083 917 2124 deberetur,
946 2090 972 2116 et

227 2147 285 2180 pro
310 2136 398 2179 signo
423 2147 551 2170 necnon
571 2136 803 2181 publicatione,
824 2138 889 2170 duo
909 2143 975 2170 tan-

227 2195 294 2222 tum
316 2189 531 2230 bononeni;et
543 2201 601 2234 pro
612 2190 829 2223 declaratione
847 2191 973 2232 iudicis,

227 2243 252 2275 si
273 2242 342 2276 lieri
367 2244 531 2287 expediret
555 2244 603 2277 vel
630 2244 727 2287 petita
762 2250 857 2284 esset,
888 2246 974 2288 quod

227 2297 281 2330 illa
301 2297 386 2330 bona
410 2298 458 2331 vel
487 2298 605 2331 dotalia
626 2299 674 2331 vel
695 2299 908 2342 parafrenalia
929 2310 976 2332 es-

227 2355 308 2391 sent,
332 2356 500 2395 postquam
523 2352 564 2384 ita
590 2351 690 2385 iudici
712 2357 884 2393 constaret,
901 2364 976 2396 qua-

229 2411 301 2438 tuor
313 2404 475 2438 bononeni
492 2406 696 2438 solummodo
720 2405 933 2445 solt-arentum
946 2412 975 2439 et

227 2458 448 2499 nibilominus,
467 2459 499 2492 in
520 2470 595 2492 casu
620 2459 652 2492 in
677 2470 741 2503 quo
762 2465 895 2503 propter
914 2471 974 2492 nu-

228 2519 351 2541 merum
383 2508 512 2541 testium
534 2515 565 2541 et
594 2508 829 2553 scripturarum
861 2520 975 2552 magna

226 2558 400 2592 deberetur
425 2568 559 2598 merces,
579 2568 645 2591 non
665 2564 773 2602 posset
790 2564 896 2591 tamen
911 2563 976 2592 tota

227 2607 384 2641 mercedis
396 2606 731 2650 summa‚computatis
742 2607 892 2640 omnibus
903 2619 975 2650 quze

227 2656 325 2690 iudici
337 2662 367 2690 et
377 2656 502 2690 notario
515 2667 572 2701 pro
584 2656 845 2700 quibuscumque
859 2657 974 2690 daren-

227 2712 297 2747 tur,
337 2711 477 2749 quatuor
523 2706 770 2740 bononenorum
812 2705 974 2750 quantita-

1654 299 1717 333 253

1017 369 1092 399 tem,
1115 363 1173 395 sub
1190 373 1292 406 poena
1306 362 1575 395 iudieireeusauti
1596 362 1759 394 declarare

1016 422 1046 449 et
1065 416 1126 448 alia
1149 418 1253 449 l‘acere
1282 426 1364 459 quae
1392 421 1574 455 teneretur,
1601 428 1637 448 ac
1665 427 1759 448 suum

1016 470 1158 503 officium
1180 470 1295 502 talibus
1316 469 1461 513 personis
1482 469 1650 513 impartiri,
1669 470 1761 513 quin-

1016 523 1165 567 quaginta
1178 529 1344 557 scutorum
1366 523 1468 556 eidem
1489 523 1640 556 Gamerae
1660 524 1762 567 appli-

1016 577 1193 610 candorum
1209 604 1216 615 ,
1239 577 1491 621 privationisque
1525 577 1564 609 ab
1584 577 1702 615 officim
1732 582 1760 609 et

1017 630 1141 663 notario
1165 630 1311 663 renuenti
1343 642 1415 663 cum
1447 630 1705 668 mansuetudine,
1732 636 1761 663 et

1016 683 1083 716 sine
1105 694 1204 723 mora,
1218 684 1377 717 aclibenti
1399 684 1506 717 animo
1528 684 1601 716 talia
1621 684 1761 717 scribere

1017 742 1045 769 et
1062 738 1176 777 faeere,
1198 738 1373 781 omniaque
1393 737 1454 770 alia
1470 737 1517 770 sui
1536 737 1761 782 ofliciioppor-

1016 796 1092 823 tuna
1112 796 1286 834 praestare,
1301 791 1437 824 aliorum
1450 791 1683 834 quinquaginta
1693 802 1762 824 scu-

1017 850 1123 877 torum
1137 871 1144 883 ‚
1158 850 1191 876 ut
1218 856 1315 888 supra
1336 845 1616 888 aqiplieandorum,
1637 855 1762 878 necnon

1017 897 1204 940 privationis
1236 899 1275 931 ab
1308 898 1413 931 otlicio
1450 898 1584 941 aliisque
1619 899 1762 932 eiusdem

1016 950 1143 983 Ioannis
1164 951 1348 995 Hieronymi
1370 952 1540 984 cardinalis
1561 952 1692 985 arbitrio
1714 953 1762 985 in-

1016 1004 1164 1047 fligendis
1184 1004 1306 1048 poenis,
1332 1005 1487 1038 excedere
1512 1011 1652 1048 possent,
1675 1012 1703 1038 et
1730 1018 1762 1038 a-

1016 1059 1074 1092 lias
1096 1066 1189 1102 prout
1214 1059 1244 1091 in
1259 1059 1390 1102 publico
1403 1059 1544 1092 eiusdem
1557 1060 1763 1092 loannisHie-

1017 1112 1140 1156 ronymi
1163 1112 1334 1146 cardinalis
1354 1112 1562 1152 documento,
1578 1113 1636 1145 sub
1653 1113 1763 1146 datum

1016 1165 1163 1199 videlicet
1199 1167 1373 1199 Maceratae
1387 1193 1394 1203 ,
1440 1166 1490 1199 die
1530 1177 1567 1199 xx
1611 1167 1763 1199 l'ebruarii

1017 1229 1132 1260 nmxx,
1160 1220 1287 1264 plenius
1308 1219 1503 1253 continetur.

1061 1274 1075 1317 ξ
1101 1273 1132 1306 Q.
1155 1273 1232 1307 Cum
1260 1279 1366 1307 antem
1390 1279 1586 1307 mercatores
1607 1274 1763 1318 praedicti
1835 1318 1837 1320 Ι

1017 1328 1150 1371 cupiant.
1168 1327 1322 1371 praedicti
1344 1327 1470 1360 loannis
1487 1328 1672 1372 Hieronymi
1695 1340 1764 1361 ear-
1779 1317 1962 1368 Ἑζᾞζᾙωμζῖῗζᾮζζ

1017 1381 1131 1414 dinalis
1165 1381 1350 1414 mandatum
1368 1408 1375 1419 ,
1400 1381 1564 1414 decretum
1580 1409 1587 1421 ‚
1618 1382 1764 1415 volunta·
1779 1386 1823 1431 ζιζζ,
1836 1381 1960 1431 Ρᾎξέζξιζζζ

1019 1441 1080 1468 tem
1102 1441 1130 1468 et
1157 1435 1329 1468 iussionem
1352 1435 1549 1475 huiusmodi,
1574 1447 1630 1479 pro
1651 1447 1764 1469 corum
1782 1443 1848 1463 mne.

1017 1489 1220 1522 subsistentia
1232 1489 1381 1529 firmiori,
1400 1494 1509 1522 nostro
1530 1495 1559 1522 et
1577 1489 1667 1522 Sedis
1684 1491 1766 1534 Apo-

1017 1542 1147 1576 stolieae
1171 1543 1352 1586 patrocinio
1364 1543 1572 1581 communiri,
1591 1543 1684 1576 nobis
1704 1544 1764 1576 bu-

1018 1596 1137 1629 militer
1157 1597 1332 1641 supplicari
1353 1598 1515 1634 fecerunt,
1538 1603 1696 1639 (pullenus
1720 1598 1766 1631 cis·

1019 1650 1049 1682 in
1070 1650 1254 1694 praemissis
1274 1656 1456 1694 opportune
1478 1651 1643 1694 providere
1657 1652 1696 1684 de
1713 1651 1765 1684 be-

1018 1704 1171 1746 nignitate
1192 1703 1369 1747 apostolica
1389 1704 1609 1746 dignaremur.

1061 1759 1076 1801 ,ξ
1101 1757 1131 1790 3.
1162 1758 1233 1797 Nos,
1263 1757 1366 1790 dictos
1388 1763 1582 1790 mercatores
1603 1763 1631 1790 et
1652 1769 1764 1790 eorum
1793 1769 1962 1790 ‹mammosa-

1017 1812 1161 1854 singulos
1194 1811 1389 1856 specialibus
1414 1812 1574 1843 favoribus
1602 1818 1628 1844 et
1657 1804 1884 1859 gratiisssffssfflss',
1906 1801 1962 1852 “iiis

1018 1866 1169 1909 prosequi
1189 1867 1342 1906 volentes,
1366 1872 1393 1897 et
1416 1878 1433 1897 a
1450 1865 1615 1909 quibusvis
1636 1878 1764 1899 excom·
1781 1865 1862 1884 ⁵⁶⁸⁸*

1018 1920 1258 1957 municationis,
1291 1919 1511 1963 suspensionis
1542 1925 1571 1952 et
1605 1919 1765 1953 interdicti

1016 1974 1151 2017 aliisque
1172 1974 1397 2007 ecclesiasticis
1421 1974 1596 2013 sententiis,
1621 1974 1766 2007 censuris

1017 2035 1047 2062 et
1068 2028 1192 2072 poenis,
1216 2040 1232 2060 a
1254 2028 1323 2061 iure
1350 2028 1397 2060 rel
1425 2028 1463 2060 ab
1488 2027 1632 2067 bomine⁷
1655 2028 1764 2071 quavis

1017 2082 1185 2116 occasione
1202 2082 1248 2115 rel
1270 2093 1365 2115 causa
1386 2082 1468 2121 latis,
1495 2081 1519 2113 si
1541 2082 1660 2125 quibus
1684 2093 1764 2125 quo-

1017 2136 1194 2169 modolibet
1215 2135 1358 2168 innodati
1381 2134 1531 2171 existunt,
1554 2135 1592 2167 acl
1614 2135 1763 2168 ellectum

1017 2189 1235 2234 praesentium
1280 2189 1445 2221 dumtaxat
1487 2189 1762 2231 consespiendum,

1017 2244 1131 2276 harum
1153 2242 1235 2275 serie
1247 2242 1458 2280 absolventes,
1477 2247 1505 2274 et
1520 2241 1684 2275 absolutos
1697 2243 1764 2275 l'ore

1017 2302 1194 2337 censentes,
1236 2296 1381 2329 eiusdem
1410 2296 1596 2328 documenti
1625 2296 1765 2329 veriores

1017 2357 1143 2385 tenores
1159 2349 1382 2394 praesentibus
1400 2360 1457 2393 pro
1476 2349 1634 2392 expressis
1646 2350 1765 2383 liaben-

1016 2410 1073 2446 tes,
1091 2404 1277 2437 huiusmodi
1294 2403 1587 2447 supplicationibus
1607 2403 1763 2442 Inclinati,

1017 2459 1216 2498 mandatum,
1239 2457 1416 2497 decretum⁷
1437 2457 1633 2490 voluntatem
1654 2468 1689 2489 ac
1702 2457 1765 2489 ius-

1015 2508 1138 2541 sionem
1165 2506 1340 2550 omniaque
1373 2506 1404 2538 in
1430 2506 1543 2539 eodem
1569 2506 1764 2539 documento

1017 2562 1185 2596 contenta,
1213 2556 1387 2600 apostoliea
1415 2555 1617 2595 auctoritate,
1653 2561 1762 2588 tenore

1016 2605 1233 2650 praesentium
1250 2632 1258 2645 ,
1292 2610 1450 2648 perpetuo
1483 2605 1701 2648 approbamus
1734 2610 1760 2636 et

1016 2656 1258 2695 confirmamus,
1281 2655 1391 2698 eisque
1411 2660 1586 2698 perpetuae
1611 2661 1639 2687 et
1663 2654 1762 2688 invio-

1016 2705 1121 2738 labilis
1140 2704 1302 2738 firmitatis
1322 2705 1424 2738 robur
1443 2704 1625 2744 amicimus,
1639 2714 1763 2737 omnes-

1777 309 1826 335 An,
1844 308 1871 335 C.
1891 309 1957 335 1585

1824 1285 1962 1306 Mese-italum
