2226 3070
198 254 247 282 An.
266 256 293 281 C.
314 255 381 282 1590

227 999 290 1018 namo
303 998 383 1018 haben-

201 1034 232 1050 tur
261 1030 383 1049 sentcntiae

201 1068 274 1083 omnes
283 1065 331 1082 ante
346 1062 384 1081 liae

202 1093 295 1120 prolatae
322 1098 385 1119 super

202 1125 309 1144 revisicne
320 1129 384 1145 cuni-

202 1158 305 1181 putot-uui.

442 245 504 278 ltili

396 317 413 338 a
431 306 596 349 prioribus
614 317 674 350 pro
695 313 839 349 tempore
864 306 893 337 in
913 304 1049 337 consilio
1069 304 1148 336 ‹luo-

397 359 514 399 decim,
542 359 739 402 obtentoque
774 358 892 402 partito
926 368 961 389 ex
1001 362 1073 389 voto
1109 357 1147 389 ad

398 412 505 445 minus
537 413 678 445 duorum
700 424 735 445 ex
763 411 864 444 tribus
899 410 1045 454 partibus
1072 410 1148 443 dieti

397 465 537 506 consilii,
560 466 591 498 in
617 465 801 509 praesentia
820 464 896 497 dicti
922 463 1150 506 gubernatoris

398 519 569 558 mesenae,
591 529 608 550 a
622 529 743 561 quo,i·e
772 523 897 550 mature
917 517 1075 557 discussa,
1099 527 1150 549 ex-

399 583 517 616 pensae
538 572 625 615 ipsae
647 571 744 603 taxari
772 577 802 603 et
826 570 957 603 limitari
987 570 1146 610 debeant;

398 632 425 658 et
448 626 540 658 aliter
556 625 638 657 saeta
658 624 777 657 damno
792 623 993 664 facientium,
1010 634 1074 656 non
1090 634 1148 656 au-

398 684 460 711 tem
478 678 659 717 comitatus,
676 677 802 718 cedant,
820 682 851 710 et
871 683 1004 721 propter
1021 677 1148 710 illarum

398 731 593 764 refusionem
620 731 659 764 de
679 730 813 774 proprio
834 730 978 763 incidant
997 731 1150 763 facientes

398 785 429 817 in
461 795 599 829 poenam
634 784 725 828 dupli
758 784 912 817 Gamerae
945 784 1149 828 Apostolicae

399 839 467 881 ipso
505 838 588 871 sacto
622 837 863 881 applicandam,
898 837 1003 870 soluta
1037 836 1150 880 quinta

398 897 489 935 parte
505 891 697 924 accusatori.

443 945 507 978 XX,
535 944 719 978 Sententiae
739 954 850 977 omnes
875 954 973 987 super
993 943 1151 976 revisione

400 998 562 1031 dictorum
578 1003 808 1042 computorum
835 1003 866 1030 et
891 997 1073 1030 redditione
1104 1008 1152 1029 ra-

399 1053 523 1085 tionum
559 1052 720 1085 dictorum
755 1061 797 1084 xn
830 1056 1083 1095 procuratorum
1123 1056 1152 1084 et

400 1106 592 1150 regentium,
606 1106 730 1139 seilicet
741 1105 779 1138 de
800 1115 885 1138 anno
899 1114 1039 1138 MDLxxln
1061 1116 1078 1137 a
1094 1105 1151 1138 ‹lo-

401 1161 489 1193 mino
505 1160 702 1203 Hieronymo
719 1158 945 1198 Mattheueeio,
967 1164 1043 1191 tune
1064 1158 1154 1191 audi-

400 1220 469 1248 tore
490 1214 593 1246 bonae
614 1212 790 1245 memoriae
818 1211 989 1245 cardinalis
1018 1212 1153 1245 St'ortiae

400 1268 495 1311 legati
510 1267 614 1300 dietae
628 1266 835 1310 provinciae3
857 1266 896 1298 de
917 1276 1002 1299 anno
1018 1276 1154 1299 MDLXXVI

400 1334 416 1355 a
447 1322 550 1353 bonae
586 1319 762 1352 memoriae
782 1318 948 1352 Lactantio
969 1319 1152 1359 Lactantio,

401 1376 440 1408 de
461 1385 545 1407 anno
556 1383 707 1407 MDLxxvn
727 1384 743 1405 a
761 1373 796 1405 R.
821 1373 854 1405 Ρ.
878 1373 912 1405 D.
931 1373 1038 1405 Sancti
1056 1372 1155 1405 Geor-

401 1428 456 1471 gir,
483 1428 522 1460 de
552 1437 636 1459 anno
656 1435 795 1459 nnrxxix
820 1436 837 1457 a
856 1425 960 1457 bonae
991 1424 1157 1457 memori-ie

402 1480 571 1517 Gliislesio.
590 1479 694 1512 dietae
715 1478 899 1522 provinciae
909 1478 1124 1521 praesidibus,
1141 1489 1158 1510 a

404 1533 673 1566 dominoGrisone
681 1532 845 1571 Baldrino,
857 1543 874 1564 a
886 1531 1019 1564 domino
1031 1532 1158 1564 Andrea

404 1588 526 1629 Longo,
553 1592 584 1618 et
604 1597 620 1618 a
636 1585 770 1618 domino
782 1585 951 1618 l'incentio
968 1585 1062 1624 Iouo,
1085 1585 1159 1618 Cae-

405 1651 500 1673 senae
521 1638 812 1683 gubernatorilms,
835 1639 874 1672 de
895 1648 981 1671 anno
1001 1648 1159 1672 MDLxxxri

405 1706 423 1727 a
443 1692 859 1727 reveremlissimodomino
879 1692 1060 1725 Alexandro
1077 1692 1158 1726 Cen-

408 1747 550 1786 turiono‚
559 1747 721 1779 visitatore
733 1745 924 1789 apostolico,
937 1756 1021 1789 quae
1033 1756 1158 1786 omnes,

407 1807 531 1833 servata
555 1800 658 1832 forma
684 1799 845 1832 dictorum
878 1798 1097 1842 capitulorum
1125 1810 1160 1832 ex

407 1854 521 1887 ordine
555 1853 672 1886 Sacrae
697 1852 869 1885 Consultae
895 1852 1158 1895 compilatorum,

409 1918 482 1941 cum
508 1907 686 1940 interventu
705 1906 801 1939 trium
827 1916 887 1949 pro
902 1906 1047 1949 quolibet
1064 1917 1161 1949 quar-

411 1960 503 2001 terio,
526 1966 598 1993 sunt
628 1960 726 1999 latae,
763 1965 793 1992 et
817 1958 898 1992 aliae
931 1959 1105 1999 eiusmodi,
1137 1959 1161 1991 si

410 2024 492 2058 quae
520 2014 594 2053 sint,
623 2013 836 2045 observentur
867 2018 898 2045 et
922 2012 1164 2056 adimpleantur

411 2067 556 2107 omnino,
583 2072 680 2110 prout
705 2066 822 2105 iacent,
842 2071 1105 2109 perpetuumque
1121 2066 1163 2099 si-

413 2121 548 2155 lentium
573 2131 609 2153 ex
628 2130 714 2152 nnnc
738 2118 940 2162 inposterum
960 2130 1058 2163 super
1074 2130 1164 2163 prae-

414 2174 517 2208 missis
541 2173 728 2217 impositum
754 2183 823 2206 esse
849 2178 1030 2213 censeatur,
1069 2178 1166 2216 prout

414 2238 488 2261 eum
513 2227 630 2260 effectu
655 2226 834 2270 inponitur.
857 2226 949 2265 Quod
970 2226 995 2259 si
1021 2227 1103 2270 quis,
1118 2228 1165 2260 vel

414 2282 475 2315 sul)
500 2286 665 2324 praetextu
691 2281 832 2313 mandati
859 2291 876 2313 a
910 2280 1084 2314 duodecim
1118 2291 1167 2314 re-

415 2334 566 2377 gentibus
590 2333 636 2365 rel
661 2344 678 2365 a
703 2333 856 2366 comitatu
892 2335 1167 2378 quansloeumque

416 2388 494 2428 dati,
522 2388 593 2420 lites
617 2387 786 2420 suscitatas
803 2389 985 2428 tentaverit,
1002 2394 1166 2432 tamquam

417 2447 587 2480 personam
616 2436 764 2469 idoneam
790 2446 855 2468 non
876 2436 1009 2477 liabens,
1030 2437 1134 2469 statim
1151 2448 1168 2470 a

417 2485 529 2519 limine
563 2484 673 2517 iudieii
710 2495 767 2527 per
802 2485 941 2518 iudicem
978 2486 1166 2529 repellatur,

418 2544 637 2577 expensasque
662 2544 720 2576 pei·
745 2539 867 2576 partem
882 2534 1048 2566 adversam
1071 2534 1169 2568 saetas

419 2582 523 2616 statim
558 2581 714 2622 instituat,
748 2592 855 2624 neque
889 2582 1077 2626 quidquam,
1116 2588 1170 2616 aut

419 2630 525 2665 salarii
546 2630 684 2665 cuiusvis
701 2636 756 2664 aut
777 2630 937 2663 dictarum
956 2641 1169 2675 expensarum

997 251 1177 276 BULLARIUM
1200 251 1352 276 ROMANUM

1191 303 1334 344 nomine,
1361 310 1417 337 aut.
1440 316 1457 336 a
1482 305 1655 348 ‹piarteriis
1679 311 1734 338 aut
1753 306 1941 339 hominibus

1191 357 1364 389 comitatus
1388 357 1516 399 exigere
1547 358 1644 401 possit
1667 359 1726 391 sub
1751 369 1856 402 poena
1880 359 1941 391 du-

1191 409 1234 453 pli
1247 409 1384 454 aliisqne
1396 411 1509 454 poenis
1527 411 1662 444 arbitrio
1680 411 1942 445 reverendissimi

1191 463 1315 495 domini
1339 463 1510 507 praesidis.

1235 516 1312 549 XXI.
1353 517 1544 561 Saepedieta
1576 518 1718 562 capitula
1761 528 1797 551 ex
1830 518 1944 552 ordine

1191 569 1308 603 Sacrae
1332 570 1506 604 Consultae
1529 576 1677 615 tempore
1702 571 1805 605 felicis
1833 582 1943 605 reeor-

1957 257 2008 284 ΛΠ.
2028 258 2055 285 Ο,
2073 256 2141 286 1590

1972 533 2097 554 Praesentia
2108 540 2133 555 cu

1957 564 2023 591 pilula
2033 564 2142 585 inviolabi-

1957 596 2007 617 liter
2022 596 2140 617 observan-

1192 623 1332 656 dationis
1357 623 1503 666 Gregorii
1527 624 1606 664 Xlll,
1625 625 1665 658 de
1685 635 1771 658 anno
1795 627 1989 658 nanxvn‘h·

1192 677 1341 717 formata,
1367 682 1398 709 et
1422 688 1480 720 per
1504 677 1606 711 dictos
1631 677 1804 711 duodecim
1830 688 1946 722 procu-

1193 736 1315 763 ratores
1340 737 1513 764 convocato
1538 731 1688 771 consilio,
1704 731 1764 765 sub
1784 731 1835 765 die
1859 732 1946 775 vige*

1191 782 1411 827 simaseptinia
1436 784 1576 817 ianuarii
1606 794 1769 818 nnnxan
1799 790 1944 829 accepta,

1192 835 1224 868 in
1240 835 1289 868 his
1303 836 1456 869 omnibus
1473 837 1505 870 in
1521 837 1639 880 quibus
1652 848 1711 882 per
1724 838 1947 883 suprascripta

1193 892 1320 926 decreta
1357 894 1548 938 imminuta}‚
1586 896 1747 939 suppleta,
1778 896 1944 940 derogata,

1193 949 1358 993 abrogata,
1385 957 1440 985 aut
1474 953 1552 986 alias
1576 958 1755 997 utcumque
1779 954 1948 987 immutata

1194 1015 1225 1042 et
1249 1010 1410 1051 innovata,
1435 1011 1594 1056 dictisque
1618 1012 1756 1046 decretis
1786 1012 1949 1046 contraria

1195 1073 1225 1101 et
1249 1070 1467 1112 repugnantia
1491 1080 1557 1103 non
1582 1076 1669 1110 sunt,
1705 1070 1885 1114 approbata
1918 1075 1950 1103 et

1196 1126 1382 1172 plenissime
1408 1128 1600 1162 confirmata
1628 1129 1865 1172 intelligantur,
1888 1128 1950 1162 im-

1196 1186 1345 1230 plerique
1371 1191 1402 1219 et
1425 1187 1587 1220 observari
1611 1187 1650 1220 ad
1676 1197 1819 1232 unguem
1845 1192 1878 1221 et
1900 1186 1950 1220 in-

1197 1244 1392 1278 violabiliter
1412 1245 1560 1278 debeant.

1241 1302 1334 1336 XXll.
1362 1303 1618 1337 Praemissorum
1645 1303 1865 1345 decretorum,
1880 1314 1951 1337 om·
1966 1297 2149 1328 Eoru'mdemexe·

1966 1341 2027 1359 cutor
2056 1338 2149 1364 provin-

1198 1359 1356 1403 niumque
1390 1366 1421 1393 et
1444 1360 1650 1404 singulorum
1676 1361 1710 1394 in
1733 1361 1797 1394 illis
1821 1371 1952 1406 expres-
1966 1370 2013 1390 cine
2028 1374 2124 1398 praesen.

1199 1428 1309 1451 sorum
1336 1406 1489 1451 exeeufior
1513 1418 1553 1451 sit
1576 1417 1862 1452 reverendissimus
1895 1418 1953 1452 do·

1202 1476 1308 1509 minus
1332 1487 1462 1520 praeses
1487 1476 1673 1520 provinciae
1709 1486 1769 1520 pro
1792 1481 1953 1520 tempore,

1201 1534 1255 1577 qui
1282 1545 1340 1578 per
1364 1545 1397 1567 se
1421 1534 1528 1578 ipsum
1564 1534 1714 1573 omnino,
1741 1534 1767 1567 si
1797 1534 1868 1568 fieri
1901 1544 1956 1578 po·

1201 1592 1293 1632 terit,
1326 1593 1373 1625 sin
1399 1597 1505 1626 autem
1530 1602 1588 1636 per
1608 1592 1731 1626 iudices
1755 1593 1804 1626 vel
1828 1592 1955 1626 locum-

1203 1655 1346 1684 tenentes
1378 1651 1418 1683 ab
1451 1661 1489 1684 eo
1525 1650 1740 1694 deputandos,
1762 1650 1819 1694 qui
1852 1661 1957 1694 usque

1202 1709 1241 1742 ad
1262 1708 1451 1741 sententiam
1470 1708 1691 1753 diffinitivam,
1706 1707 1866 1742 exclusive
1885 1713 1956 1742 tan-

1202 1773 1269 1800 tum
1292 1777 1404 1800 causas
1425 1771 1455 1799 et
1475 1766 1671 1799 differentias
1691 1765 1836 1806 audiant,
1859 1771 1890 1799 et
1907 1777 1956 1799 re-

1203 1826 1433 1860 verendissimo
1443 1825 1576 1859 domino
1597 1824 1750 1869 praesidi,
1762 1825 1802 1858 ab
1817 1836 1855 1858 eo
1871 1836 1958 1858 sum-

1205 1884 1318 1921 marie,
1333 1888 1406 1924 etc„
1429 1889 1460 1917 et
1493 1893 1590 1916 manu
1610 1883 1699 1926 regia
1714 1883 1910 1917 decidendas
1929 1889 1960 1916 et

1206 1941 1438 1981 terminandas,
1447 1941 1599 1981 reserant,
1612 1951 1648 1974 ea
1657 1941 1766 1974 omnia
1777 1940 1959 1974 executioni

1207 1999 1366 2041 mandari,
1388 2000 1591 2043 firmiterque
1608 2004 1638 2033 et
1658 1999 1886 2033 inviolabiliter
1905 1999 1961 2033 ob-

1207 2057 1325 2091 servari
1346 2063 1376 2091 et
1404 2057 1575 2101 adimpleri
1597 2062 1689 2090 curet
1714 2062 1744 2090 et
1767 2056 1874 2097 saciat,
1901 2057 1961 2090 sub

1208 2116 1320 2161 poenis
1341 2116 1373 2149 in
1409 2115 1471 2149 illis
1492 2115 1710 2156 comminatis,
1733 2114 1869 2159 aliisque
1892 2115 1963 2148 eius

1208 2173 1354 2214 arbitrio,
1381 2174 1476 2207 etiam
1510 2173 1725 2217 gravioribus,
1756 2173 1962 2218 imponendis

1209 2238 1239 2266 et
1263 2232 1482 2266 moderandis.
1800 2229 1802 2232 ’

1253 2291 1367 2325 Datum
1398 2292 1519 2325 Romae
1552 2292 1638 2335 apud
1666 2291 1697 2325 S.
1731 2291 1875 2332 Petrum,
1902 2291 1963 2324 sub

1210 2351 1330 2383 annulo
1352 2349 1537 2391 piscatoris,
1565 2350 1617 2382 die
1638 2359 1678 2383 xx
1703 2349 1841 2383 ianuarii
1867 2359 1964 2390 unxc,

1211 2408 1418 2453 pontificatus
1435 2408 1537 2441 nostri
1557 2418 1642 2441 anno
1661 2417 1691 2440 v.

1271 2467 1334 2498 Dat.
1352 2467 1399 2498 die
1416 2466 1454 2498 ⁶20
1472 2467 1532 2496 ian.
1553 2467 1642 2504 1590,
1659 2466 1764 2506 pontif.
1781 2475 1858 2497 anno
1880 2474 1909 2496 v.
