2226 3070
93 305 142 332 An.
159 305 189 332 C.
210 303 278 331 1588

108 354 196 380 Suvv¹⁰¹
208 359 279 374 ΜΝΞ
295 351 435 386 tutiones
455 352 648 396 apostolicas
668 350 806 396 desuper
823 352 923 386 editas
941 352 972 385 in
985 353 1042 386 Ca-

95 384 114 401 et
135 386 278 406 quoscumque

95 407 196 428 defectus.

145 2430 290 2457 Excquutores

105 2459 224 2483 praesentis
242 2464 291 2479 cou-

107 2485 222 2505 stitutionis

107 2513 167 2536 putat
182 2511 239 2531 Cain.
254 2512 291 2538 Ap.

107 2537 224 2563 praesides,

945 304 1053 330 SleUs
1073 305 1092 328 V
1111 305 1150 329 PP
1156 322 1162 328 .

295 416 384 438 mera
404 405 587 449 Apostolica
618 406 690 449 plus
724 405 886 445 offerenti,
911 406 1043 439 candela

295 469 444 499 accensa,
468 464 496 491 et
517 458 648 492 serratis
670 459 739 492 aliis
759 459 798 491 ad
819 459 851 492 id
877 459 983 492 forsan
1005 460 1043 491 dc

296 511 366 544 iure
386 522 442 544 seu
469 511 547 544 alias
568 511 738 554 requisitis,
762 512 863 544 sactae
883 522 947 544 non
974 512 1042 544 sue-

295 565 370 602 rint.
395 570 447 597 aut
470 564 547 597 alias
569 564 763 608 impugnari,
788 565 966 603 invalidari,
990 571 1041 597 aut

297 615 521 649 concessiones
542 621 570 648 ct
592 615 823 659 applicationes
843 615 927 658 ipsas
948 615 1042 647 etiam

295 669 353 702 sub
374 674 539 712 praetextu
561 668 710 701 laesionis
736 667 876 701 rescindi
903 674 955 700 aut
986 679 1043 700 an-

295 721 412 754 nullari
434 732 498 754 non
526 731 619 765 posse
650 731 710 753 nec
740 721 869 760 debere,
893 722 947 754 sed
974 721 1044 753 illas

294 781 450 819 perpetuo
468 775 588 808 validas
601 781 629 808 et
646 774 791 807 essicaces
811 774 889 812 sore,
904 785 1042 817 suosque

296 827 457 872 plenarios
477 828 609 861 effectus
629 827 754 867 sortiri,
779 833 809 860 et
828 827 904 871 ipsis
933 827 1042 860 militi-

295 882 355 914 bus
385 892 471 914 nunc
503 887 531 914 et
568 891 626 925 pro
658 887 803 925 tempore
839 881 1043 913 existentibus

295 935 465 978 suffragari
504 935 621 968 debere
661 935 692 967 in
731 934 881 968 omnibus
919 940 947 967 et
987 945 1044 977 per

296 988 415 1028 omnia,
440 988 574 1032 perinde
595 999 632 1021 ac
649 988 674 1021 si
689 988 727 1021 de
745 988 889 1031 ipsorum
910 987 1042 1020 fratrum

296 1042 441 1075 unanimi
471 1042 605 1075 consilio
636 1047 664 1074 et
697 1051 838 1081 assensu,
870 1040 1043 1074 observatis

296 1096 336 1128 ad
360 1105 501 1137 unguem
534 1094 571 1127 iis
601 1094 751 1127 omnibus
776 1103 859 1137 quae
887 1093 1044 1126 servanda

297 1155 385 1183 erant
409 1149 439 1182 in
462 1149 651 1182 consistorio
672 1159 729 1181 seu
749 1148 781 1180 in
797 1148 929 1182 Camera
950 1158 1043 1191 prae—

297 1203 382 1236 dicta
412 1208 500 1245 gesta
529 1202 677 1242 suissen13
705 1201 814 1245 sicque
846 1207 911 1235 tam
936 1201 968 1234 in
995 1201 1044 1234 his

297 1266 393 1299 quam
415 1255 446 1288 in
467 1255 618 1288 omnibus
639 1260 669 1288 et
689 1255 947 1298 quibuscumque
973 1254 1044 1288 aliis

296 1309 328 1341 in
349 1308 572 1353 praesentibus
599 1308 715 1341 nostris
746 1308 860 1341 litteris
886 1308 1043 1341 contentis

296 1368 349 1396 aut
371 1362 448 1395 alias
469 1361 616 1405 superius
643 1361 798 1405 expressis
826 1372 883 1405 per
914 1362 1042 1394 moder-

297 1427 356 1450 nos
385 1421 415 1449 et
442 1425 500 1459 pro
531 1421 676 1459 tempore
708 1415 876 1448 existentes
901 1415 1043 1448 eiusdem

298 1470 405 1504 curiae
436 1469 666 1507 camerarium,
701 1475 731 1502 et
761 1469 863 1502 dictae
894 1469 1044 1502 Gamerae

299 1523 443 1562 clericos,
486 1523 582 1556 etiam
620 1522 849 1566 praesidentes,
892 1533 928 1555 ac
967 1523 1045 1556 alios

299 1588 521 1621 quoscumque
559 1577 680 1610 iudices
719 1582 747 1609 et
788 1577 1041 1613 commissarios,

299 1631 394 1664 etiam
415 1642 584 1664 causarum
612 1631 723 1664 Palatii
753 1631 926 1675 Apostolici
954 1631 1045 1664 audi-

300 1691 384 1718 tores
415 1690 445 1717 et
483 1684 665 1728 praedictae
691 1685 856 1718 Romanae
887 1685 1046 1717 Ecclesiae

299 1737 492 1777 cardinales,
517 1737 548 1770 in
576 1738 834 1782 quibuscumque
863 1738 965 1771 causis
993 1749 1045 1770 su-

299 1802 355 1836 per
376 1791 560 1836 praemissis
573 1792 621 1824 vel
633 1802 746 1824 eorum
766 1792 874 1835 aliquo
895 1804 953 1836 pro
969 1798 1047 1825 tem-

299 1856 378 1889 pore
399 1845 493 1878 motis
514 1844 647 1878 iudicari
669 1850 696 1878 et
716 1845 842 1878 definiri
864 1856 899 1878 ac
921 1851 1048 1879 senten-

300 1898 371 1932 tiari
385 1899 519 1938 debere;
533 1898 658 1931 sublata
670 1898 714 1931 eis
730 1904 761 1931 et
781 1909 893 1931 eorum
914 1899 1047 1941 singulis

300 1952 411 1996 quavis
431 1951 522 1985 aliter
541 1951 704 1984 iudicandi
734 1951 922 1984 auctoritate
954 1958 983 1984 et
1005 1952 1047 1985 fa-

301 2006 435 2044 cultate·‚
458 2016 517 2038 nec
538 2015 603 2038 non
624 2005 748 2038 irritum
779 2011 807 2038 et
829 2005 923 2039 inane
955 2006 1048 2049 quid-

303 2059 381 2104 quid
400 2070 492 2092 secus
518 2070 615 2102 super
644 2059 692 2092 his
719 2060 766 2092 vel
797 2070 909 2093 eorum
939 2060 1047 2103 aliquo

302 2124 360 2157 per
395 2123 449 2146 eos
483 2118 514 2146 et
549 2112 628 2146 alios
663 2123 898 2157 quoscumque,
938 2114 1048 2157 quavis

304 2166 503 2203 auctoritate,
528 2166 622 2200 etiam
644 2177 701 2210 per
720 2177 778 2200 nos
799 2173 827 2200 et
848 2178 1048 2200 successores

304 2225 430 2253 nostros
447 2220 627 2263 praedictos
644 2220 781 2253 scienter
798 2221 846 2254 vel
865 2221 1049 2263 ignoranter

305 2272 473 2315 contigerit
503 2273 661 2313 attentari,
694 2273 814 2317 pariter
845 2272 1066 2307 decernimus⁴

306 2331 337 2359 et
357 2327 568 2359 declaramus.

351 2379 366 2423 ξ
386 2379 438 2412 Η.
462 2379 638 2423 Eidemque
656 2380 845 2420 camerario,
866 2381 1050 2424 praesiden-

306 2432 390 2466 tibus
422 2437 453 2465 et
487 2432 611 2465 clericis
641 2443 727 2466 nunc
757 2439 785 2466 et
818 2445 876 2477 pro
906 2440 1049 2477 tempore

271 2492 290 2505 ι’·
307 2485 523 2525 existentibus,
541 2496 577 2518 ac
597 2486 747 2518 omnibus
765 2492 793 2518 et
814 2486 947 2527 singulis
967 2486 1046 2526 aliis,

307 2538 348 2570 ad
367 2548 448 2580 quos
469 2537 500 2570 id
522 2538 766 2580 quomodolibet
786 2544 905 2581 spectat
931 2545 959 2571 et
981 2549 1051 2582 spe-

308 2591 405 2624 ctabit
418 2601 476 2634 pro
493 2596 649 2634 tempore,
666 2597 700 2624 ut
712 2602 872 2624 summam
893 2592 1050 2634 integram

307 2645 523 2688 praefatorum
564 2650 692 2692 centum
727 2644 961 2688 quinquaginta
999 2654 1069 2677 sex*

308 2697 444 2730 millium
464 2702 629 2730 scutorum
649 2697 834 2731 huiusmodi
861 2697 901 2731 ad
921 2697 1050 2731 ordina-

1079 353 1161 386 rium
1193 352 1358 386 introitum
1391 351 1494 385 dictae
1522 352 1672 385 Gamerae
1701 359 1821 396 ponant

1079 411 1106 438 et
1139 405 1332 446 describant,
1359 405 1598 449 scripturasque
1627 406 1822 439 necessarias

1078 465 1107 491 et
1139 464 1336 502 opportunas
1373 469 1410 491 ac
1441 458 1653 500 obligationes
1685 459 1823 502 desuper

1079 511 1260 551 conficiant,
1296 516 1562 554 contractumque
1594 522 1651 554 per
1685 522 1744 544 nos
1779 511 1822 544 sic

1079 565 1286 602 celebratum.
1304 575 1339 597 ae
1360 564 1478 597 bonam
1498 564 1596 597 fidem
1612 570 1753 597 nostram
1775 576 1823 597 re-

1079 624 1307 659 cognoscentes
1325 624 1353 650 et
1372 623 1552 661 sequentes,
1569 617 1686 650 faciant
1703 618 1823 651 eisdem

1078 671 1228 703 omnibus
1253 671 1401 703 trecentis
1429 670 1584 703 militibus
1609 681 1706 714 super
1733 681 1824 714 prae-

1079 723 1182 755 missis
1203 729 1231 756 et
1258 733 1369 756 eorum
1397 723 1572 756 inviolabili
1603 723 1824 757 observatione

1079 777 1307 819 quodcumque
1355 777 1521 819 publicum
1575 776 1823 810 instrumentum

1078 829 1312 871 obligationum
1339 830 1500 862 bonorum
1527 830 1690 863 Romanae
1717 831 1825 864 Eccle-

1078 884 1142 917 siae
1172 890 1200 916 et
1222 885 1372 916 Gamerae
1393 883 1650 926 praedictarum,
1674 885 1713 917 ad
1741 885 1824 928 ipso-

1078 949 1149 970 rum
1182 939 1434 971 Lauretanorum
1471 938 1609 970 militum
1645 938 1825 982 requisitio-

1078 1003 1163 1029 nem,
1187 996 1281 1035 prout
1304 991 1398 1024 etiam
1424 1002 1482 1023 nos
1503 991 1636 1024 facimus
1657 1002 1714 1035 per
1735 1003 1825 1035 prae-

1078 1049 1193 1083 sentes,
1211 1048 1239 1075 et
1259 1042 1290 1074 in
1311 1042 1452 1086 aliquem
1475 1053 1511 1074 ex
1532 1042 1624 1074 dictis
1645 1043 1822 1079 eventibus,

1078 1097 1198 1140 absque
1220 1096 1351 1129 alterius
1365 1095 1590 1129 declarationis
1608 1106 1663 1129 seu
1684 1097 1825 1129 mandati

1078 1151 1308 1195 expectatione,
1342 1151 1380 1183 de
1410 1150 1593 1193 praemissis
1624 1150 1765 1182 debitam
1797 1156 1826 1183 et

1079 1205 1235 1247 integram
1268 1204 1312 1237 eis
1343 1204 1592 1237 satisfactionem
1624 1204 1822 1247 impendant,

1078 1259 1295 1303 praecipimus
1317 1263 1347 1291 et
1367 1258 1570 1291 mandamus.

1123 1312 1137 1353 ,ξ
1164 1312 1210 1344 1-2.
1228 1313 1447 1354 Yolumusque
1465 1311 1553 1354 quod
1573 1311 1732 1353 generalis
1752 1322 1826 1344 cau-

1078 1376 1186 1399 sarum
1206 1366 1317 1399 Curiae
1337 1366 1488 1399 Gamerae
1508 1364 1711 1408 Apostolicae
1736 1376 1827 1409 prac-

1079 1419 1182 1452 dictae
1203 1418 1341 1457 auditor,
1365 1429 1401 1451 ac
1421 1417 1561 1451 universi
1586 1423 1614 1450 et
1636 1417 1752 1460 singuli
1773 1418 1826 1451 alii

1080 1471 1226 1505 moderni
1254 1477 1285 1504 et
1316 1482 1373 1515 pro
1405 1477 1550 1515 tempore
1578 1471 1746 1504 existentes
1778 1482 1828 1504 ar-

1080 1525 1287 1568 chiepiscopi,
1313 1524 1466 1568 episcopi,
1491 1525 1633 1564 abbates,
1654 1524 1778 1568 priores
1799 1531 1829 1557 et

1080 1578 1132 1610 alii
1155 1578 1186 1610 in
1205 1578 1359 1619 dignitate
1373 1577 1588 1610 ecclesiastica
1605 1577 1778 1618 constituti,
1797 1578 1827 1610 iu

1081 1631 1164 1664 dicta
1184 1629 1287 1664 Curia
1308 1636 1336 1663 et
1365 1637 1451 1664 extra
1472 1642 1543 1663 eam
1573 1631 1760 1671 residentes,
1793 1642 1829 1663 ac.

1080 1696 1137 1729 per
1179 1685 1351 1727 collegium
1394 1684 1533 1717 militum
1573 1685 1828 1718 Lauretanorum

1082 1738 1266 1771 huiusmodi
1287 1738 1437 1779 eligendi,
1455 1744 1485 1771 et
1503 1748 1616 1770 eorum
1637 1738 1754 1781 singuli
1773 1750 1830 1782 per

1081 1803 1113 1825 se
1134 1792 1181 1824 vel
1203 1791 1301 1823 alium
1323 1802 1379 1823 seu
1400 1791 1479 1824 alios
1507 1791 1696 1824 auctoritate
1721 1798 1828 1825 nostra

1082 1846 1173 1879 dictis
1194 1845 1348 1878 militibus
1369 1845 1400 1878 in
1422 1845 1605 1889 praemissis
1623 1846 1761 1879 efficacis
1781 1856 1830 1879 as-

1081 1899 1190 1932 sistant
1222 1898 1382 1943 praesidio
1414 1898 1618 1939 defensionis,
1649 1899 1830 1943 faciantque

1082 1964 1136 1986 eos
1156 1959 1184 1986 et
1214 1963 1326 1986 eorum
1358 1952 1511 1994 singulos,
1536 1963 1715 1996 eorumque
1746 1953 1829 1986 filios

1082 2012 1111 2039 et
1149 2005 1382 2046 translatarios‚
1426 2005 1551 2049 quoties
1588 2016 1647 2049 pro
1685 2006 1829 2049 ipsorum

1063 2078 1065 2102 ,3
1082 2065 1171 2103 parte
1191 2069 1288 2103 super
1314 2059 1375 2091 hoc
1404 2058 1522 2091 suerint
1542 2059 1702 2101 requisiti.
1726 2059 1830 2092 omni-

1082 2114 1141 2146 bus
1162 2119 1190 2146 et
1212 2113 1346 2155 singulis
1366 2112 1538 2156 praedictis
1564 2113 1698 2156 pacifice
1718 2113 1779 2145 frui
1801 2118 1828 2146 et

1083 2168 1234 2209 gaudere.
1250 2167 1319 2199 Non
1340 2166 1560 2210 permittentes
1582 2177 1636 2199 eos
1657 2177 1715 2210 per
1735 2177 1830 2210 quos—

1084 2231 1222 2263 cumque
1244 2220 1382 2263 desuper
1411 2219 1657 2262 quomodolibet
1688 2219 1830 2253 indebite

1084 2273 1258 2308 molestari,
1282 2272 1452 2316 inquietari
1473 2278 1526 2306 aut
1559 2272 1719 2316 impediri.
1751 2273 1831 2306 Con-

1064 2327 1272 2369 ,tradictores
1303 2326 1460 2369 quoslibet
1489 2332 1517 2359 et
1549 2327 1701 2367 rebelles,
1726 2327 1831 2360 cuius-

1084 2391 1222 2423 cumque
1243 2385 1352 2416 status,
1368 2380 1496 2422 gradus,
1512 2380 1644 2421 ordinis,
1669 2380 1831 2423 dignitatis

1084 2434 1131 2466 vel
1160 2433 1431 2476 praeeminentiae
1462 2433 1593 2471 fuerint,
1618 2445 1674 2477 per
1702 2435 1829 2473 easdem

1085 2496 1235 2519 censuras
1249 2486 1479 2519 ecclesiasticas
1495 2492 1525 2519 et
1540 2487 1742 2530 pecuniarias
1755 2498 1831 2530 poe-

1085 2550 1140 2572 nas
1162 2539 1287 2582 aliaque
1308 2539 1385 2572 iuris
1406 2545 1435 2572 et
1466 2539 1538 2573 facti
1560 2540 1690 2583 quaevis
1714 2551 1831 2583 oppor-

1087 2598 1162 2626 tuna
1181 2592 1334 2632 remedia,
1359 2592 1447 2625 omni
1468 2593 1681 2636 appellatione
1702 2598 1831 2636 postpo-

1085 2646 1154 2685 sita,
1179 2646 1426 2689 compescendo.

1130 2700 1144 2742 g
1162 2698 1214 2732 ⁴13.
1229 2699 1298 2732 Non
1310 2699 1510 2733 obstantibus
1522 2698 1742 2732 Lateranensis
1752 2699 1830 2731 Con-

1723 294 1787 329 333
1834 305 1882 332 An.
1905 304 1932 333 c.
1953 306 2019 333 1588

1843 1326 1961 1351 Oninenpw
1974 1327 2026 1345 ,iliius

1842 1380 1916 1400 fuerint
1932 1386 1951 1399 ι·.-
1963 1386 1989 1405 pn
2005 1382 2027 1399 ui
