2226 3070
212 280 260 307 An.
277 280 306 308 c.
325 280 392 307 1589
438 270 501 304 346

234 861 312 881 lncotas
324 861 389 881 dieo-

208 894 251 908 rum
275 891 388 907 castrorum

207 915 232 934 ab
248 915 303 934 omni
323 915 388 933 doun-

206 948 240 961 nw
279 941 387 966 temporali

206 968 289 987 abbatis
305 968 386 987 liberat⁴

241 1999 263 2019 Si
288 2005 342 2025 quae
367 1999 386 2018 in

205 2028 309 2052 posterum
337 2032 386 2051 qua·

205 2058 294 2078 cumque
305 2058 328 2072 ex
339 2058 386 2072 ι-,111-

205 2086 228 2100 sa
244 2079 269 2099 ait
285 2082 386 2099 monaste-

206 2107 258 2126 rium
282 2105 387 2125 Fara-nm

206 2133 286 2153 devoti·
297 2133 387 2156 rontine-

205 2160 232 2180 rit
244 2159 270 2179 ad
279 2159 387 2179 (latueram

205 2186 293 2211 apostol.
304 2186 387 2205 11111111)-

205 2213 266 2234 volvi.
275 2212 344 2238 qusai!
355 2218 387 2232 su-

205 2244 298 2268 premum
323 2239 387 2259 doun-

206 2271 268 2286 nium.

408 329 613 373 superioritas
632 341 727 374 super
747 331 837 364 dictis
857 331 976 369 castris,
1001 331 1092 363 terris
1112 337 1140 364 et

407 383 484 416 locis
509 384 650 427 aliisque,
674 390 705 417 ut
738 395 843 428 supra.
867 384 1019 427 separatis
1039 390 1068 417 et
1087 396 1142 429 ap-

407 437 542 480 plicatis,
565 450 663 482 penes
690 439 816 471 easdem
845 438 958 471 Sedem
984 444 1014 471 et
1033 439 1142 472 Came-

406 501 474 523 ram
496 492 708 534 Apostolicam
731 491 890 535 deinceps,
915 493 1075 535 perpetuis
1095 493 1141 525 su-

408 545 483 577 turis
504 545 709 588 temporibus,
734 551 918 578 remaneant
937 553 967 578 et
986 547 1061 583 sint:
1083 557 1139 579 nec

405 598 596 630 monasteria
616 597 787 640 praedicta,
812 609 962 631 eorumve
983 610 1041 643 pro
1062 606 1141 632 tem-

405 662 482 694 pore
511 651 639 683 abbates
668 662 722 684 seu
749 653 1011 686 commendatarii
1039 654 1139 686 ullum

404 715 546 747 unquam
578 704 609 736 in
639 705 700 737 illis
719 705 783 743 ius,
811 707 948 739 ullamve
983 707 1140 740 actionem

404 757 522 790 habere
541 768 596 790 seu
616 760 825 801 praetendere
846 760 976 803 possint.

448 810 462 853 g
487 810 516 842 2.
550 812 585 844 Et
612 812 650 844 ad
680 812 764 845 hunc
794 813 941 846 effectum
972 824 1082 846 omnes
1112 820 1139 846 et

404 864 545 906 singulos
565 865 729 909 utriusque.
750 877 840 899 sexus
860 867 995 904 incolas,
1020 867 1141 900 liabita-

403 922 487 949 tores
508 923 535 949 et
558 928 708 961 personas
729 920 916 953 eorumden]
949 926 1137 957 castrorum,

402 975 558 1003 terrarum
580 977 610 1004 et
629 972 773 1005 locorum
794 973 833 1006 ab
854 973 941 1006 omni
973 974 1140 1017 temporali

402 1023 630 1065 iurisdictione,
655 1032 824 1070 potestate,
858 1027 1056 1065 auctoritate,
1090 1039 1141 1060 su-

401 1077 570 1117 biectione,
606 1080 761 1119 dominio,
795 1080 962 1122 regimine,
997 1081 1141 1124 superio-

401 1131 492 1164 ritate
513 1143 570 1176 pro
593 1138 735 1177 tempore
760 1134 918 1167 existentis
944 1135 1066 1167 abbatis
1085 1146 1140 1167 seu

401 1186 664 1219 commendatarii
679 1187 837 1220 dictorum
856 1189 1136 1227 monasteriorum,

401 1239 531 1284 eiusque
564 1241 764 1278 vicariorum,
788 1243 1048 1279 locatenentium,
1072 1243 1140 1276 offi-

401 1292 529 1326 cialium
551 1300 580 1327 et
611 1295 830 1327 ministrorum
861 1296 1077 1339 praesentium
1111 1302 1138 1329 et

401 1346 592 1385 futurorum,
609 1354 638 1380 et
652 1359 669 1381 a
682 1349 895 1392 praestatione
911 1350 1139 1394 cuiuscumque

400 1399 581 1441 iuramenti,
605 1401 757 1445 homagii,
774 1404 961 1446 vassallagii,
979 1404 1139 1436 fidelitatis

401 1459 429 1486 et
451 1454 680 1499 cuiuscumque
694 1456 823 1489 alterius
840 1457 997 1490 servitutis
1017 1457 1138 1491 ratione

401 1509 585 1552 temporalis
602 1510 785 1543 huiusmodi
804 1510 1030 1544 iurisdictionis
1048 1512 1140 1544 dum-

400 1567 481 1594 taxat
503 1563 743 1606 quomodolibet
777 1563 973 1600 debitorum,
1002 1571 1032 1597 ut
1054 1570 1140 1608 post-

401 1615 459 1648 hac
478 1616 508 1648 in
530 1623 720 1660 perpetuum
740 1617 864 1650 nullum
885 1618 998 1656 alium,
1015 1625 1140 1662 praeter

400 1669 580 1702 Romanum
600 1670 802 1707 Pontificem,
820 1671 1006 1715 'Sedemque
1031 1672 1065 1716 etJ
1085 1674 1140 1706 Ca-

399 1734 522 1756 meram
553 1724 760 1767 praedictam,
794 1725 900 1768 quoad
929 1726 1138 1768 temporalem

400 1776 663 1817 iurisdictionem,
688 1783 716 1810 et
738 1777 799 1810 alia
830 1777 1004 1821 praemissa
1026 1779 1056 1810 in
1088 1790 1139 1811 su-

400 1831 559 1874 periorem
591 1837 832 1874 recognoscant,
858 1832 952 1865 etiam
985 1839 1138 1876 perpetuo

401 1884 579 1921 eximimus,
604 1884 797 1917 absolvimus
815 1891 842 1917 et
864 1885 1047 1919 liberamus.

445 1939 459 1982 ᾗ
479 1938 509 1972 3.
534 1940 577 1972 Ao
598 1939 727 1983 insuper
757 1940 1026 1984 quandocumque
1057 1941 1139 1973 dicta

402 2000 513 2029 eastra,
538 1999 637 2026 terras
657 1999 685 2026 et
707 1994 776 2026 loca
808 1994 838 2026 in
870 2000 950 2027 statu
972 1996 1139 2039 temporali

402 2047 431 2079 S.
449 2047 484 2080 R.
501 2047 532 2079 E.
556 2047 769 2085 consistentia,
800 2048 984 2091 proprietati
1005 2049 1140 2082 directo-

402 2110 463 2142 que
484 2099 638 2140 dominio,
662 2111 717 2132 seu
749 2100 843 2133 etiam
875 2101 1089 2144 superioritati
1111 2108 1139 2135 et

402 2153 612 2193 recognitioni
633 2153 792 2186 dictorum
813 2154 1092 2193 monasteriorum,
1107 2161 1141 2187 ut,

402 2219 508 2252 supra,
531 2208 682 2247 subiecta,
703 2219 785 2251 quae
802 2208 833 2240 in
852 2209 981 2241 seudum
1000 2210 1047 2241 vel
1069 2220 1141 2242 cen—

402 2273 471 2295 sum
503 2267 554 2293 aut
584 2262 836 2304 recognitionem
866 2263 905 2295 ab
935 2263 1004 2296 aliis
1035 2264 1139 2296 forsan

401 2315 614 2360 possidentur,
630 2316 670 2347 ob
691 2327 847 2349 canonem
869 2317 916 2349 vel
938 2329 1069 2350 censum
1088 2324 1139 2351 aut

401 2368 652 2410 recognitionem
678 2380 741 2402 non
774 2371 911 2403 solutam
943 2372 991 2403 vel
1024 2371 1140 2403 lineam

402 2421 536 2459 finitam,
560 2422 623 2454 sive
654 2422 694 2454 ob
726 2429 816 2466 pacta
838 2434 902 2456 non
931 2429 1064 2461 servata,
1089 2430 1140 2456 aut

403 2487 439 2509 ex
459 2475 520 2508 alio
542 2475 652 2518 quovis
677 2475 779 2519 capite
811 2477 932 2509 devolvi
966 2478 1138 2519 contingat,

402 2530 457 2562 illa
476 2540 512 2562 ex
533 2540 628 2569 nunc,
652 2536 744 2572 prout
767 2541 802 2562 ex
827 2537 901 2564 tune
922 2537 949 2564 et
976 2543 991 2564 e
1013 2537 1138 2572 contra,

403 2583 509 2627 quoad
530 2582 685 2615 directum
711 2583 889 2615 dominium
922 2590 951 2616 et
982 2590 1142 2628 tempora-

403 2637 466 2670 lem
487 2635 739 2669 iurisdietionem
760 2636 955 2678 huiusmodi,
979 2648 1043 2670 non
1075 2648 1142 2670 am-

403 2691 487 2736 plius
515 2690 554 2724 ad
582 2689 745 2734 praedicta
776 2690 983 2731 monasteria,
1016 2692 1071 2724 sed
1102 2691 1142 2724 ad

985 284 1165 308 BULLARIUM
1185 285 1337 309 ROMANUM

1925 290 1974 317 An.
1993 290 2020 319 C.
2041 291 2109 319 1589

1175 332 1275 376 ipsam
1297 333 1411 366 Sedem
1443 339 1473 366 et
1503 334 1666 367 Cameram
1697 337 1911 379 Apostolicam

1176 392 1329 429 perpetuo
1350 386 1472 419 devolvi
1494 387 1610 420 debere
1629 388 1786 429 volumus,
1804 391 1912 424 decer-

1176 439 1281 472 nimus
1301 446 1330 472 et
1350 440 1560 474 declaramus.

1219 493 1233 535 ἓ
1251 492 1281 525 4.
1298 493 1406 526 Cetera
1428 505 1500 527 vero
1521 494 1605 527 bona
1625 494 1656 526 in
1677 495 1768 528 dictis
1789 497 1908 538 eastris,
1954 512 1997 532 Ain
2014 511 2110 532 vorum»

1177 545 1265 577 terris
1286 552 1313 578 et
1336 546 1423 584 loeis,
1447 553 1482 579 ut
1501 558 1595 591 supra
1626 548 1779 591 separatis
1810 555 1840 582 et
1859 560 1913 593 ap·
1928 538 2109 585 33=‹2ii·if‘h¹'³²⁰m

1174 599 1307 642 plicatis,
1331 600 1523 644 illorumque
1545 601 1712 634 territoriis
1737 602 1910 640 existentia,

1175 652 1213 684 ab
1234 653 1401 686 abbatibus
1432 665 1486 687 seu
1512 655 1793 689 commendatariis
1813 656 1914 690 dieto-

1175 717 1245 738 rum
1285 708 1553 740 monasteriorum
1589 708 1620 741 in
1656 709 1913 754 emphytheusim

1175 760 1238 793 sive
1258 761 1398 794 livellum
1417 762 1580 805 quibusvis
1593 763 1737 806 personis
1750 774 1910 805 concessa,

1175 824 1229 846 seu
1243 814 1319 847 alias
1336 826 1490 858 possessa,
1507 816 1532 848 si
1547 817 1816 861 quandocumque
1835 829 1914 861 quo-

1174 867 1219 899 vis
1239 868 1340 911 capite
1362 869 1582 909 devolvantur,
1606 876 1660 902 aut
1683 870 1778 903 etiam
1799 871 1840 904 ob
1861 871 1915 904 de-

1176 919 1284 952 lictum
1300 920 1377 953 fisco
1391 920 1628 965 incorporanda
1639 923 1777 961 veniant,
1794 923 1913 957 eisdem

1175 974 1385 1011 monasteriis,
1421 975 1614 1019 illorumque
1645 977 1823 1018 abbatibus,
1857 989 1914 1011 seu

1175 1028 1464 1065 commendatariis,
1489 1030 1595 1072 quoad
1626 1030 1783 1063 directum
1814 1036 1843 1064 et
1862 1042 1914 1064 ve·

1175 1092 1246 1113 rum
1267 1082 1458 1120 dominium,
1474 1089 1629 1127 perpetuo
1649 1095 1860 1126 reservamus,
1876 1085 1914 1118 il-

1174 1134 1275 1178 lisque.
1297 1135 1418 1168 devolvi
1442 1136 1621 1179 specialiter
1641 1144 1671 1171 et
1694 1149 1839 1182 expresse
1857 1138 1912 1172 de-

1174 1189 1334 1222 cernimus
1355 1201 1411 1233 per
1430 1197 1623 1234 praesentes.

1218 1242 1232 1285 §
1252 1241 1281 1275 ἶ).
1306 1244 1348 1276 Ac
1380 1250 1545 1287 praeterea
1575 1246 1722 1279 volumus
1754 1246 1842 1290 quod
1861 1257 1913 1279 su·
1926 1256 2110 1293 Borion-umnam-

1173 1297 1316 1339 pradicta
1336 1299 1419 1331 bona
1440 1299 1471 1331 in
1503 1300 1760 1344 emphytheusim
1792 1301 1856 1334 sive
1876 1301 1913 1333 li-
1926 1284 2045 1331 liisffi'ln
2055 1289 2111 1331 1ἶῖἓῖ

1173 1351 1289 1383 vellum
1310 1352 1450 1385 vassallis
1467 1353 1626 1386 dictorum
1644 1354 1912 1387 monasteriorum
1927 1340 2111 1389 ἒὲιῖῗτᾉοωῖῗὲῗ-

1364 1405 1369 1409 -
1773 1407 1778 1412 .
1927 1391 1996 1411 stottc.
2015 1390 2112 1411 renovari

1173 1403 1325 1437 hactenus
1342 1416 1450 1447 vigore
1468 1411 1658 1439 statutorum
1673 1412 1727 1440 aut
1739 1407 1817 1440 alias
1834 1418 1914 1452 quo·
1928 1417 2020 1438 mandat.

1173 1458 1346 1491 modolibet
1368 1459 1465 1491 locari
1486 1460 1534 1492 vel
1566 1460 1712 1493 renovari
1732 1460 1825 1494 solita
1857 1471 1913 1495 seu

1174 1511 1289 1549 debita,
1313 1513 1444 1555 posthac
1465 1512 1585 1546 eisdem
1616 1524 1681 1546 non
1706 1514 1843 1558 amplius
1867 1514 1912 1547 uti

1173 1566 1360 1598 eorumdem
1382 1567 1650 1600 monasteriorum
1678 1567 1835 1608 vassallis,
1858 1568 1914 1602 sed

1173 1623 1336 1662 tamquam
1351 1621 1538 1653 eorumdem
1551 1627 1740 1659 castrorum,
1756 1626 1914 1654 terrarum

1174 1678 1201 1705 et
1222 1673 1367 1706 locorum
1399 1674 1580 1716 originariis
1611 1680 1642 1707 et
1669 1674 1798 1715 incolis,
1822 1674 1915 1708 nobis

1174 1732 1201 1759 et
1222 1726 1294 1759 Sedi
1316 1733 1342 1759 et
1366 1727 1516 1761 Gamerae
1529 1728 1730 1771 Apostolieae
1750 1727 1911 1780 subiectis,

1173 1791 1208 1812 ac
1230 1780 1299 1812 aliis
1330 1781 1469 1813 vassallis
1500 1781 1631 1822 nostris,
1653 1787 1775 1814 servata
1806 1787 1913 1815 tamen

1173 1834 1273 1866 forma
1305 1834 1386 1867 eirca
1419 1834 1603 1868 huiusmodi
1632 1835 1854 1868 renovationes
1884 1841 1915 1868 et

1174 1887 1346 1919 locationes
1367 1888 1398 1919 in
1418 1888 1549 1932 reliquis
1561 1888 1710 1921 omnibus
1729 1888 1846 1921 servari
1863 1899 1914 1922 so-

1173 1940 1237 1978 lita,
1261 1941 1358 1974 locari
1378 1953 1434 1974 seu
1454 1942 1599 1974 renovari
1620 1942 1767 1975 debeant.

1218 1996 1232 2035 ,ξ
1253 1995 1282 2026 ti.
1306 1995 1507 2028 Declarantes
1539 1996 1625 2039 quod
1657 2006 1767 2028 omnes
1796 2001 1914 2029 castro-
1927 2005 2111 2052 nonaniumuuli'o

1174 2058 1256 2087 rum,
1281 2053 1437 2080 terrarum
1458 2053 1486 2080 et
1516 2048 1672 2087 locorum,
1697 2048 1742 2081 sic.
1761 2053 1796 2081 ut
1823 2059 1914 2092 prae·
1927 2035 2057 2096 ss‘ffissfiss‘lflss
2073 2038 2112 2079 ³22]

1174 2102 1286 2139 fertur,
1309 2108 1529 2145 separatorum
1559 2108 1589 2135 et
1609 2103 1853 2146 applicatorum,
1877 2114 1913 2136 ac
1928 2089 2005 2107 ΜΨ

1175 2155 1280 2191 etiam,
1297 2161 1329 2188 ut
1351 2167 1446 2199 supra
1468 2156 1739 2188 devolvendorum
1760 2166 1910 2194 canones,

1175 2221 1298 2248 census,
1322 2210 1568 2251 recognitiones,
1589 2209 1760 2247 laudemia,
1780 2209 1910 2252 regalia,

1175 2264 1328 2306 gabellae,
1346 2263 1488 2296 decimae.
1502 2263 1794 2307 praestationesque
1811 2263 1913 2295 reales

1175 2328 1209 2350 ac
1231 2317 1324 2349 etiam
1346 2317 1544 2360 personales,
1568 2327 1632 2350 non
1661 2317 1693 2349 in
1722 2316 1784 2349 vim
1817 2316 1914 2349 solius

1174 2371 1402 2404 iurisdictionis
1422 2371 1607 2414 temporalis
1637 2376 1688 2403 aut
1719 2370 1804 2403 illius
1828 2380 1915 2403 exer-

1175 2424 1238 2457 citii
1275 2424 1487 2467 aliorumque,
1510 2430 1542 2456 ut
1569 2435 1666 2468 supra
1694 2429 1914 2467 separatorum

1175 2484 1204 2510 et
1224 2478 1467 2522 applicatorum,
1491 2478 1631 2521 praecipi
1660 2483 1691 2510 et
1709 2477 1812 2510 iuberi
1838 2487 1914 2510 con-

1174 2538 1292 2569 suetae,
1316 2532 1371 2565 sed
1391 2531 1499 2574 vigore
1519 2537 1709 2564 statutorum
1731 2537 1761 2564 et
1780 2541 1914 2564 consue-

1174 2585 1321 2617 tudinum
1342 2585 1501 2617 dictorum
1523 2584 1790 2617 monasteriorum
1811 2583 1913 2627 pretio

1175 2638 1409 2678 aestimabiles,
1444 2643 1473 2670 et
1504 2638 1578 2681 ipsis
1609 2636 1809 2670 monasteriis
1843 2635 1914 2668 illo-

1174 2703 1310 2736 rumque
1330 2692 1498 2726 abbatibus
1517 2698 1548 2725 et
1568 2689 1858 2732 commendatariis,
1873 2690 1915 2724 ad
