2226 3070
30 294 79 322 An.
99 292 127 321 C.
144 291 206 320 159¹
823 291 1001 316 GREGORIUS
1020 292 1074 316 xiv
1090 292 1140 316 1³1³.

223 339 489 377 limitationibus,
521 339 803 382 derogationibus,
832 346 861 373 et
895 340 964 373 aliis

1640 281 1703 315 487
1751 291 1797 317 An.
1815 291 1844 317 c.
1867 291 1929 318 1591

1044 342 1059 382 ξ
1080 340 1132 373 44.
1157 340 1225 373 Non
1246 339 1444 373 obstantibus
1460 339 1531 383 piae
1561 339 1735 372 memoriae
1761 353 1935 376 [mammon-

1751 382 1823 399 tiarwi
1830 385 1870 399 um.

56 1203 153 1224 clausula
165 1203 212 1223 sub-

31 1230 80 1254 lata,
95 1232 134 1250 etc.

90 1790 216 1811 Exci-utores

33 1817 160 1838 defensores.

224 393 392 426 contrariis
412 393 686 437 dispositionibus,
709 393 804 426 etiam
825 393 856 425 in
878 394 964 426 savo-

223 458 291 479 rem
303 446 452 480 basilicae
461 447 618 490 Principis
629 448 854 491 Apostolorum
868 448 906 480 dc
919 447 965 480 di—

224 506 273 534 cta
284 501 379 542 Urbe,
396 512 451 534 seu
463 501 625 535 Cruciatae
636 501 780 542 Sanctae,
795 506 849 534 aut
869 501 964 533 etiam

225 565 282 598 per
309 566 367 588 nos
387 566 442 588 seu
466 566 523 599 per
545 555 623 588 alios
647 556 808 588 Romanos
834 554 966 587 Pontifi-

225 619 277 640 ces
294 609 557 652 praedecessores
578 614 704 641 nostros
721 619 757 641 ac
778 608 894 641 dictam
911 608 965 640 Se-

226 663 310 703 dem,
334 663 430 695 etiam
444 668 533 695 motu
547 668 577 694 et
589 662 753 705 potestatis
767 661 965 705 plenitudine

226 717 395 757 similibus,
412 726 467 749 seu
479 716 518 749 ad
532 716 718 759 quorumvis
735 716 964 759 imperatorum

227 776 257 802 et
278 780 389 812 regum
412 769 610 808 instantiam,
631 779 690 812 pro
721 774 866 811 tempore
887 778 966 811 quo-

227 823 403 856 modolibet
426 822 529 863 sactis,
558 822 689 854 minime
717 821 962 865 comprehendi,

226 877 281 909 sed
302 887 429 920 semper
449 876 488 909 ab
506 875 567 908 illis
591 880 748 919 exceptas,
781 881 808 908 et
842 875 966 919 quoties

227 931 299 963 illae
320 931 525 971 emanabant,
547 930 638 963 toties
659 930 689 962 in
711 929 880 973 pristinum
905 935 967 962 sta-

228 990 294 1018 tum
315 984 487 1025 restitutas,
509 984 665 1028 repositas
685 989 716 1016 et
726 983 867 1027 plenarie
885 983 967 1016 rein-

227 1043 366 1080 tegratas
384 1048 421 1071 ac
450 1038 489 1071 de
519 1047 602 1071 novo
632 1047 813 1070 concesssas
844 1047 912 1070 esse
938 1042 968 1070 et

228 1092 351 1125 censeri
372 1092 501 1125 debere.

273 1148 288 1189 ἓ
310 1145 362 1179 42.
387 1146 503 1190 Sicque
523 1157 580 1190 per
604 1156 823 1190 quascumque
848 1145 968 1179 iudices

229 1207 259 1234 et
279 1200 527 1240 commissarios,
552 1200 662 1244 quavis
682 1200 868 1233 auctoritate
898 1200 968 1232 sun-

228 1260 348 1296 gentes‚
373 1254 468 1287 etiam
489 1259 616 1286 sanctae
637 1253 799 1286 Romanae
810 1252 968 1286 Ecclesiae

228 1308 406 1341 cardinales
426 1313 457 1341 et
471 1318 640 1340 causarum
662 1307 773 1340 Palatii
794 1307 967 1351 Apostoliei

228 1362 402 1403 auditores,
422 1363 546 1396 sublata
567 1362 611 1395 eis
636 1368 666 1395 et
697 1372 810 1395 eorum
838 1361 967 1394 cuilibet

229 1416 340 1460 quavis
364 1416 456 1449 aliter
484 1415 647 1448 iudicandi
677 1421 707 1448 et
738 1414 968 1458 interpretandi

229 1470 378 1503 facultate
399 1476 429 1503 et
455 1469 655 1508 auctoritate,
689 1468 809 1512 ubique
836 1468 969 1501 iudicari

229 1523 397 1557 etdiffiniri
407 1524 538 1563 debete,
553 1523 677 1556 irritum
690 1532 818 1566 quoque
833 1527 864 1554 et
877 1521 970 1554 inane

229 1578 254 1610 si
279 1589 370 1611 secus
397 1588 494 1621 super
522 1577 570 1610 his
602 1588 620 1610 a
655 1587 830 1620 quoquam,
861 1576 970 1620 quavis

231 1631 429 1671 auctoritate,
452 1631 589 1664 scienter
608 1630 657 1662 vel
683 1630 867 1673 ignoranter
896 1639 970 1663 con-

232 1685 338 1727 tigerit
357 1685 516 1719 attentari.

276 1741 292 1781 S
313 1738 365 1772 43.
389 1739 545 1778 Quocirca
571 1737 806 1771 venerabilibus
821 1737 970 1770 fratribus

232 1793 348 1826 nostris
372 1793 506 1827 Ostiensi
535 1798 565 1825 et
591 1792 770 1825 Tusculano
800 1791 967 1835 episcopiS‚

231 1857 268 1879 ac
288 1846 403 1879 dilecto
424 1846 490 1879 filio
511 1856 679 1879 causarum
693 1845 804 1878 Curiae
821 1845 971 1878 Gamerae

231 1900 432 1943 Apostolicae
456 1899 597 1942 generali
628 1899 776 1938 auditori,
809 1909 867 1942 per
892 1909 970 1942 apo-

231 1953 344 1987 stolica
364 1953 491 1998 scripta,
508 1959 598 1987 motu
609 1954 677 1998 pari
689 1954 880 1987 mandamus
891 1964 970 1997 qua-

232 2012 323 2040 tenus
343 2007 401 2051 ipsi
422 2008 470 2040 vel
491 2007 555 2040 duo
576 2013 630 2040 aut
648 2018 731 2040 unus
761 2018 885 2047 eorum,
914 2017 971 2050 per

230 2072 263 2094 se
283 2061 331 2094 vel
352 2061 449 2094 alium
470 2072 526 2095 seu
544 2061 633 2101 alios,
656 2061 970 2106 praesenteslitteras

231 2125 268 2148 ac
288 2115 396 2148 omnia
409 2121 440 2148 et
459 2115 584 2158 singula
602 2115 634 2148 in
652 2115 696 2148 eis
721 2120 881 2155 contenta,
915 2114 970 2147 ubi

231 2174 261 2201 et
278 2169 407 2212 quando
422 2168 606 2212 expedierit,
621 2179 658 2201 ac
669 2168 793 2212 quoties
806 2178 864 2212 pro
881 2173 971 2211 parte

231 2221 382 2266 praefecti
403 2227 433 2254 et
452 2221 614 2254 sociorum
635 2221 874 2265 praedictorum
905 2221 971 2253 sue-

231 2276 295 2309 rint
313 2275 468 2319 requisiti,
492 2275 678 2308 solemniter
690 2275 900 2319 publicantes,
910 2275 970 2307 eis-

232 2340 294 2373 que
314 2329 346 2362 in
372 2329 576 2373 praeinsertis
603 2329 747 2362 efficaces
778 2328 971 2362 defensionis

231 2383 392 2428 praesidio
418 2383 610 2424 assistentes,
641 2383 759 2416 saciant
783 2382 971 2415 auctoritate

232 2442 340 2470 nostra
356 2437 532 2480 praemissa
559 2436 668 2469 omnia
697 2435 869 2469 observari.
903 2435 971 2468 Non

232 2491 451 2534 permittentes
474 2491 670 2534 praesectum
691 2500 727 2523 ac
746 2489 849 2522 socios
874 2499 969 2533 prae-

234 2545 313 2578 fatos
338 2545 475 2588 desuper
496 2555 514 2577 a
542 2554 705 2588 quoquam
730 2543 971 2587 quomodolibet

233 2598 396 2631 molestari
416 2608 471 2631 seu
492 2597 679 2641 inquietari,
703 2597 968 2637 contradictores,

234 2653 318 2686 dicta
329 2653 516 2686 auctoritate
532 2658 652 2691 nostra,
663 2651 875 2696 appellatione
888 2656 972 2695 post-

234 2708 347 2751 posita,
370 2708 616 2752 compescendo.

999 393 1151 426 Bonifacii
1170 393 1274 437 Papae
1295 393 1407 433 octavi,
1432 393 1527 425 etiam
1548 393 1735 436 praedeces-

999 447 1078 480 soris
1100 447 1211 487 nostri,
1235 458 1297 490 qua
1317 453 1445 479 cavetur
1465 457 1504 479 ne
1519 447 1737 479 mendicantes

1000 501 1069 533 loca
1088 501 1128 533 ad
1148 501 1391 533 inhabitandum
1414 500 1568 544 recipere,
1596 511 1651 532 scu
1687 511 1736 533 rc-

999 559 1090 597 cepta
1111 560 1233 587 mutare
1253 560 1470 598 praesumant,
1494 554 1613 597 absque
1635 554 1738 586 dictae

999 607 1088 640 Sedis
1124 607 1252 640 licentia
1282 607 1422 651 speciali,
1456 608 1494 640 de
1521 607 1738 651 prohibitione

1000 660 1183 693 huiusmodi
1196 672 1375 705 expressam
1384 662 1581 694 mentionem
1591 661 1735 694 faciente.

1000 715 1128 747 Necnon
1148 715 1220 747 dicti
1242 715 1318 748 Sixti
1340 716 1604 759 praedecessoris,
1626 727 1661 748 ac
1688 715 1738 748 Pi-

1000 768 1153 800 ctavensis
1183 768 1310 801 concilii
1341 775 1452 801 contra
1484 769 1677 809 illegitimos,
1710 773 1737 800 et

1000 832 1279 865 quorumcumque
1287 822 1422 854 aliorum
1431 823 1649 855 Romanorum
1657 823 1739 854 Pon-

1002 874 1121 907 tificum
1143 876 1424 918 praedecessorum
1440 882 1623 909 nostrorum
1640 887 1739 909 aeno-

1001 933 1076 968 stra,
1100 929 1138 961 (le
1159 939 1222 961 non
1244 929 1457 962 concedendis
1478 929 1683 971 indulgentiis
1701 930 1739 961 ad

1002 982 1101 1014 instar
1121 982 1403 1015 constitutionibus
1433 988 1464 1015 ct
1483 983 1740 1015 ordinationibus

1002 1035 1200 1079 apostolicis;
1217 1046 1253 1069 ac
1266 1036 1491 1075 Cisterciensis,
1512 1037 1738 1074 Cluniacensis,

1002 1089 1107 1123 Sancti
1128 1089 1302 1129 Benedicti,
1334 1089 1593 1127 Mendicantimn,
1626 1096 1656 1122 ct
1684 1090 1739 1122 So—

1003 1143 1124 1176 cietatis
1144 1144 1224 1183 Iesu,
1248 1149 1279 1176 et
1298 1143 1526 1176 canonicorum
1549 1144 1741 1176 Laterancn-

1002 1197 1084 1229 sium
1117 1196 1271 1230 Ordinum
1304 1197 1509 1235 huiusmodi,
1540 1197 1739 1236 iuramento,

1003 1251 1247 1284 confirmatione
1266 1251 1441 1295 apostolica
1469 1251 1517 1283 vel
1547 1251 1656 1294 quavis
1688 1250 1742 1282 tir-

1004 1305 1112 1338 mitate
1130 1305 1190 1338 alia
1210 1305 1380 1344 roboratis,
1404 1305 1526 1338 statutis
1551 1311 1581 1337 ct.
1607 1315 1742 1337 consue-

1006 1359 1168 1391 tudinibus
1184 1370 1191 1398 3
1216 1359 1389 1403 privilegiis
1407 1369 1546 1402 quoque,
1572 1358 1703 1390 indultis
1715 1363 1740 1390 et

1004 1413 1117 1445 litteris
1138 1413 1332 1457 apostolicis,
1349 1412 1513 1456 quibusvis
1526 1412 1671 1456 personis
1687 1423 1744 1455 per

1004 1477 1224 1510 quoscumque
1244 1467 1406 1500 Romanos
1426 1466 1595 1499 Pontifices
1608 1466 1743 1509 praede-

1005 1531 1146 1554 cessores
1166 1526 1292 1554 nostros
1313 1521 1471 1565 praefatos
1491 1531 1527 1553 ac
1547 1531 1605 1553 nos
1635 1516 1664 1553 et
1695 1520 1743 1553 di-

1005 1580 1088 1607 ctam
1109 1575 1234 1615 Sedem,
1259 1575 1353 1607 etiam
1375 1580 1475 1613 motu,
1492 1574 1624 1607 scientia
1637 1579 1668 1606 et
1688 1584 1744 1617 po-

1008 1628 1125 1660 testatis
1137 1628 1336 1672 plenitudine
1348 1627 1516 1668 similibus,
1532 1638 1567 1660 ac
1581 1627 1744 1671 quibusvis

1006 1681 1101 1713 etiam
1123 1681 1400 1723 derogatoriarum
1422 1680 1644 1721 derogatoriiS,
1662 1680 1745 1712 aliis-

1006 1745 1067 1778 que
1094 1734 1327 1767 efficacioribus
1356 1740 1383 1767 et
1418 1734 1552 1768 insolitis
1581 1733 1741 1771 clausulis,

1005 1788 1267 1832 irritantibusque
1288 1794 1319 1821 et
1338 1788 1407 1821 aliis
1427 1788 1572 1827 decretis,
1588 1787 1618 1819 in
1630 1798 1745 1830 genere

1005 1842 1051 1875 vel
1074 1842 1104 1874 in
1125 1842 1230 1886 specie
1242 1853 1277 1875 ac
1289 1842 1367 1875 alias
1379 1842 1632 1886 quomodolibet,
1649 1841 1744 1875 etiam

1005 1897 1123 1941 plures,
1147 1897 1315 1937 concessis,
1332 1897 1516 1941 approbatis
1528 1902 1558 1929 et
1576 1897 1742 1930 innovatis.

1005 1951 1125 1990 Quibus
1146 1951 1296 1984 omnibus
1317 1957 1345 1984 et
1375 1951 1519 1993 singulis,
1554 1951 1676 1984 etiamsi
1708 1951 1746 1984 de

1007 2005 1067 2037 illis
1087 2015 1264 2049 eorumque
1290 2005 1364 2038 totis
1391 2004 1557 2037 tenoribus
1586 2004 1742 2048 specialis,

1005 2059 1165 2103 specifica,
1189 2069 1338 2103 expressa
1355 2064 1385 2091 et
1405 2058 1579 2097 individua,
1604 2068 1668 2091 non
1689 2069 1745 2090 au-

1006 2118 1067 2145 tem
1089 2123 1146 2156 per
1166 2112 1323 2145 clausulas
1344 2112 1508 2154 generales
1528 2111 1611 2144 idem
1628 2111 1747 2154 impor-

1007 2172 1117 2207 tantes,
1142 2166 1263 2199 mentio
1284 2176 1339 2198 seu
1360 2165 1489 2209 quaevis
1510 2165 1573 2198 alia
1587 2165 1746 2209 expressio

1006 2220 1154 2253 habenda
1174 2221 1264 2259 foret,
1282 2220 1410 2253 illorum
1431 2225 1558 2252 tenores
1572 2219 1747 2263 praesenti-

1006 2274 1064 2306 bus
1085 2284 1144 2317 pro
1166 2273 1321 2317 expressis
1337 2273 1504 2311 habentes,
1529 2272 1591 2305 illis
1613 2273 1689 2305 alias
1716 2272 1747 2305 in

1006 2337 1063 2360 suo
1084 2327 1200 2360 robore
1222 2327 1454 2371 permansuris,
1478 2327 1537 2359 bac
1559 2326 1627 2359 vice
1649 2327 1744 2359 dum-

1007 2386 1100 2419 taxat,
1123 2380 1303 2424 specialiter
1322 2386 1352 2413 et
1372 2390 1528 2424 expresse,
1550 2385 1638 2412 motu
1662 2380 1744 2423 pari,

1007 2434 1209 2475 derogamus,
1225 2433 1393 2467 contrariis
1407 2433 1674 2477 quibuscumque.
1687 2434 1745 2466 Aut

1006 2488 1030 2521 si
1049 2488 1219 2531 aliquibus,
1243 2487 1458 2520 communiter
1477 2487 1522 2520 vel
1545 2487 1682 2527 divisim,
1707 2487 1746 2519 ab

1008 2543 1119 2575 eadem
1155 2541 1194 2574 sit
1224 2541 1304 2574 Sede
1336 2541 1495 2574 indultum
1528 2541 1614 2585 quod
1652 2541 1748 2573 inter-

1008 2596 1085 2635 dici,
1119 2595 1271 2639 suspendi
1302 2595 1350 2627 vel
1381 2594 1652 2627 excommunicari
1683 2604 1745 2626 non

1008 2650 1129 2694 possint
1158 2660 1215 2694 per
1242 2650 1363 2683 litteras
1390 2649 1581 2694 apostolicas
1612 2659 1674 2681 non
1702 2649 1746 2680 sa-

1008 2704 1127 2737 cientes
1142 2703 1270 2748 plenam
1291 2709 1321 2737 et
1341 2713 1521 2747 expressam
1543 2713 1578 2735 ac
1592 2702 1631 2735 de
1652 2702 1747 2735 verbo
