2226 3070
69 319 116 346 An.
135 317 163 345 C.
182 316 245 345 ¹591

86 1017 171 1043 Legatis
186 1019 207 1037 et.
221 1016 249 1036 vi-

67 1043 176 1070 etz-legatis
195 1048 250 1063 com-

68 1070 155 1091 mittitur
180 1069 250 1090 obser-

69 1097 139 1118 vantia
162 1096 250 1116 huiusce

69 1124 173 1144 constitut.
194 1125 250 1143 taxa-

69 1157 120 1175 rum,
133 1153 172 1171 etc.

96 1922 213 1944 Clausulas.

98 2401 206 2424 Contraria
216 2403 253 2423 tol-

74 2428 149 2449 luntur.

860 311 1040 336 GREGORIUS
1060 312 1111 335 ΧΙΥ
1133 311 1181 334 ΡΡ.

265 363 323 399 sibi
351 362 539 407 praecipuos
559 367 589 396 et
609 361 768 395 immunes
788 360 826 393 ab
852 359 1002 393 omnibus

265 416 408 460 expensis
433 421 463 448 et
492 414 650 448 alimentis
676 414 753 448 solvi
779 413 953 452 consuetis,
977 412 1000 445 si

264 480 338 503 vero
351 474 436 503 extra
445 468 565 502 dictum
575 468 759 501 comitatum
770 473 797 500 et
813 466 1003 499 iurisdictio-

265 533 338 558 nem
369 527 509 555 nostram
545 522 697 554 accedere
733 531 859 553 necesse
891 519 998 557 suerit,

265 577 379 610 habeat
399 586 457 620 pro
477 575 616 618 qualibet
639 574 721 607 dieta
735 584 848 606 aureos
868 578 930 605 tres
943 573 1003 604 sal-

264 640 318 664 vos
336 635 366 664 et
386 629 555 667 immunes,
574 628 632 660 nisi
651 638 687 660 ex
707 625 936 660 consuetudine
950 630 1003 657 aut

265 684 350 719 iuxta
369 683 515 725 antiquas
534 687 620 714 taxas
641 680 745 713 minus
770 679 904 723 persolvi
927 678 1001 711 soli-

265 743 331 770 tum
352 736 401 773 sit,
425 735 500 778 quia
520 740 595 767 tunc
616 740 678 767 tam
701 744 758 777 pro
789 743 916 766 accessu
944 732 1002 764 isto

265 801 361 834 quarn
382 789 450 822 aliis
470 788 659 832 supradictis
680 788 816 825 casibus,
840 786 925 830 quod
946 786 1002 818 ha-

265 848 375 879 ctenus
395 842 425 874 in
447 853 505 874 usu
531 841 643 882 fuerit,
668 840 785 874 servari
808 840 954 873 volumus
974 844 1004 871 et

265 896 466 929 mandamus.

309 950 325 993 g
356 948 407 981 ΩΟ.
438 949 604 982 Caeterum
638 948 730 990 legati
760 953 790 981 et
825 946 1003 989 vice-legati

265 1008 372 1047 partes
392 1007 485 1036 erunt
506 1002 674 1044 diligenter
698 1001 950 1036 animadvertere
975 1005 1005 1032 et

266 1067 378 1092 curare
392 1067 431 1091 ne
450 1056 611 1090 auditores
631 1055 689 1099 ipsi
705 1060 759 1088 aut
777 1055 870 1088 etiam
891 1053 1004 1087 notarii

267 1111 448 1155 praedictas
468 1116 522 1143 aut
534 1110 611 1142 alias
637 1110 786 1142 honestas
806 1114 891 1141 taxas
905 1114 1006 1141 trans-

1035 368 1212 401 eorumque
1232 357 1305 390 totis
1335 356 1497 389 tenoribus
1522 356 1676 400 specialis,
1700 367 1770 399 spe-

1036 413 1126 446 cifica
1139 417 1169 445 et
1182 422 1327 456 expressa
1341 422 1376 444 ac
1390 411 1429 444 de
1450 411 1545 443 verbo
1566 410 1604 443 ad
1626 410 1768 447 verbum,

1036 477 1099 499 non
1120 471 1224 498 autem
1243 476 1300 508 per
1320 464 1477 497 clausulas
1490 465 1664 506 generales,
1682 474 1771 495 men-

1037 519 1079 551 tio
1094 519 1240 551 habenda
1254 519 1349 557 soret,
1367 517 1546 561 specialiter
1565 522 1592 549 et
1614 527 1770 560 expresse,

1037 577 1192 614 quatenus
1200 571 1420 615 praesentibus
1426 570 1542 603 nostris
1550 569 1661 602 litteris
1670 569 1773 601 obsta-

1037 636 1070 657 re
1090 631 1118 657 et
1140 625 1327 658 contrariari
1348 623 1542 668 apparuerit,
1567 624 1769 665 derogamus,

1037 679 1232 722 caeterisque
1253 678 1420 711 contrariis
1441 678 1706 721 quibuscumque.

1081 732 1096 773 ξ
1117 730 1168 763 23
1193 732 1231 764 Ut
1251 737 1356 764 autem
1377 736 1559 775 praesentes
1578 736 1704 763 nostrae
1726 730 1774 762 lit—

1037 790 1122 817 terae
1143 785 1181 816 ad
1212 784 1357 817 omniurn
1384 795 1521 827 quorum
1544 784 1672 817 interest
1691 782 1774 816 noti-

1038 838 1112 871 tiam
1125 838 1245 871 facilius
1256 839 1483 882 perducantur,
1498 839 1688 871 mandamus
1699 848 1776 881 qua-

1038 897 1129 924 tenus
1141 903 1199 936 per
1210 892 1350 934 legatum
1364 903 1420 925 seu
1434 892 1657 933 vice-legatum
1671 891 1775 925 debite

1038 945 1193 988 publicari
1218 945 1373 983 debeant,
1398 956 1434 978 ac
1457 946 1537 978 sacta
1563 945 1777 988 publicatione

1039 999 1116 1042 ipsa,
1131 998 1263 1042 perinde
1283 1009 1394 1031 omnes
1414 999 1553 1031 alliciant
1572 1010 1608 1031 ac
1621 998 1644 1031 si
1667 1009 1775 1042 perso-

1039 1051 1154 1084 naliter
1173 1051 1217 1084 eis
1238 1051 1401 1085 intimatae
1422 1053 1534 1085 forent.

1083 1105 1197 1138 Datum
1217 1106 1337 1139 Romae
1362 1107 1447 1150 apud
1471 1106 1621 1139 Sanctum
1650 1106 1778 1138 Petrum

266 1164 463 1207 grediantur‚
489 1169 518 1196 et
537 1174 578 1196 ne
598 1163 629 1195 in
658 1162 765 1205 aliquo
795 1167 899 1205 partes
923 1161 1006 1205 ipsas
1040 1159 1098 1191 sub
1129 1160 1249 1193 annulo
1272 1159 1461 1199 piscatoris,
1486 1159 1536 1193 die
1555 1170 1608 1193 xv1
1628 1158 1777 1192 februarii

267 1224 400 1261 gravent
420 1218 475 1251 sed
496 1228 598 1260 aequa
616 1217 706 1250 lance
720 1216 870 1249 omnihus
890 1215 1006 1248 iustitia
1040 1224 1170 1253 MDLXLI,
1194 1214 1400 1257 pontificatus
1418 1213 1517 1247 nostri
1539 1223 1623 1246 anno
1644 1224 1664 1246 1.

266 1272 333 1307 sine
347 1271 441 1307 sorde
451 1276 481 1304 et
489 1270 620 1304 avaritia
631 1270 738 1313 aliqua
750 1269 1003 1307 administretuit

266 1325 557 1370 praecludaturque
594 1330 659 1357 tam
700 1323 896 1366 litigantibus
932 1322 1006 1366 ipsis

266 1389 363 1423 quam
385 1378 479 1411 etiam
501 1377 661 1411 advocatis
682 1383 712 1410 et
731 1376 1003 1421 procuratorilnis,

267 1443 304 1467 ac
322 1432 348 1466 si
368 1442 448 1476 opus
461 1431 511 1472 sit,
528 1431 623 1464 etiam
641 1430 800 1464 iudicibus
813 1441 849 1463 ac
862 1430 1003 1470 notariis,

267 1485 317 1523 via
340 1491 371 1522 et
397 1485 522 1518 occasio
549 1485 619 1518 lites
651 1484 783 1517 iniustas
813 1483 1004 1521 sustinendi,

268 1539 459 1577 defendendi
479 1544 510 1571 et.
538 1538 735 1571 immortales
764 1537 934 1575 reddendi,
958 1548 1009 1569 su-

268 1592 464 1637 perfluisque
485 1591 728 1636 probationibus
748 1596 778 1624 et
804 1590 880 1624 actis
905 1596 1009 1633 partes

268 1646 363 1691 ipsas,
385 1646 573 1690 praesertim
589 1655 746 1690 pauperes
763 1650 793 1678 et
813 1644 1009 1677 miserabiles
1025 1644 1027 1653 ³

268 1709 421 1744 personas
437 1727 443 1739 ,
474 1699 626 1741 gravandi
642 1710 648 1738 ;
684 1704 888 1731 contumaces
924 1697 1009 1740 ipsos

269 1753 382 1797 poenis
401 1753 497 1786 etiam
517 1752 632 1786 severis
648 1780 654 1792 ‚
679 1757 773 1796 prout
792 1762 873 1795 opus
893 1751 1005 1790 fuerit,

270 1807 465 1840 mulctando.

313 1861 329 1904 ἓ
348 1859 400 1895 21.
424 1861 635 1894 Decernentes
656 1859 829 1904 praemissa
849 1858 888 1892 ab
906 1858 1008 1891 omni-

267 1914 328 1949 bus
348 1915 387 1947 ad
408 1924 488 1957 quos
509 1919 630 1957 spectat
656 1913 880 1947 inviolabiliter
901 1912 1026 1945 obse1·-;

267 1967 333 2001 vari
354 1967 482 2006 debere,
505 1977 541 1999 ac
562 1966 688 1999 debitae
708 1965 896 2005 executioni,
913 1965 1007 1998 etiam

269 2026 415 2065 respectu
436 2031 603 2054 causarum
630 2020 661 2052 in
688 2019 771 2052 dicto
798 2020 896 2052 Rotae
917 2019 1007 2052 audi-

269 2074 350 2109 torio
369 2074 589 2118 pendentium,
613 2073 773 2110 mandari:
791 2084 915 2106 necnon
936 2073 1007 2105 irri-

268 2133 336 2160 tum
357 2133 387 2160 et
406 2127 500 2160 inane
521 2127 677 2171 quidquid
697 2138 788 2160 secus
807 2138 904 2170 super
923 2126 972 2158 his
991 2137 1008 2159 a

269 2191 449 2224 quoquam,
473 2181 582 2225 quavis
611 2181 778 2214 occasione
810 2181 856 2213 vel
889 2177 1025 2217 emisa,¹¹

269 2234 405 2268 scienter
440 2235 487 2267 vel
523 2235 728 2276 ignoranter,
759 2233 927 2276 contigerit
960 2239 1006 2266 at-

270 2287 394 2322 tentari.

313 2342 329 2385 ξ
349 2341 401 2374 22.
416 2341 484 2374 Non
509 2342 707 2376 obstantibus
729 2340 1008 2375 constitutionibus

270 2401 300 2429 et
319 2395 573 2429 ordinationibus
593 2395 785 2439 apostolicis,
809 2405 845 2427 ac
865 2395 1006 2438 ipsorum

269 2449 454 2483 auditorum
473 2449 610 2491 collegii,
634 2448 802 2482 comitatus
823 2453 851 2481 et
874 2448 1009 2482 civitatis

269 2502 392 2535 statutis
427 2508 458 2536 et
498 2502 782 2536 consuetudinibus
796 2529 803 2541 ‚
838 2502 1009 2545 privilegiis

270 2567 410 2600 quoque,
427 2556 567 2596 indultis,
584 2556 785 2590 facultatibus
805 2562 833 2588 ct
854 2556 1007 2589 reforma-

269 2609 409 2644 tionibus
423 2609 542 2644 eisdem
556 2609 754 2643 auditoribus
766 2615 819 2642 aut
839 2609 907 2642 aliis
928 2619 1008 2653 quo-

270 2664 447 2698 modolibet
467 2663 635 2701 concessis,
653 2663 848 2697 confirmatis
869 2669 898 2696 et
919 2663 1009 2696 inno-

271 2717 357 2750 vatis.
382 2717 502 2757 Quibus
537 2716 704 2753 omnibus.
734 2716 854 2750 etiamsi
887 2716 924 2749 de
948 2716 1008 2748 illis

1075 1275 1133 1302 Dat.
1151 1275 1193 1303 die
1210 1276 1242 1303 16
1252 1276 1371 1304 februar.
1389 1276 1466 1311 1591,
1483 1276 1576 1312 pontif.
1594 1285 1636 1303 an.
1653 1283 1669 1302 ι.

1385 1412 1433 1444 lll.

1044 1483 1150 1518 Comm
1155 1494 1174 1515 u
1179 1484 1251 1516 nica
1257 1484 1299 1515 tio
1304 1483 1565 1526 privilegiorum,
1571 1483 1691 1526 quibus
1698 1482 1780 1525 frui-

1088 1541 1141 1569 tur
1157 1537 1362 1579 conpreyatio
1380 1537 1584 1579 reqularium
1609 1536 1781 1569 Thealino-

1088 1601 1171 1629 νιιηι,
1196 1590 1439 1633 εοηρνρραίὼηί
1458 1589 1654 1623 Clericorum
1674 1589 1778 1632 Requ-

1089 1643 1211 1675 larium
1230 1643 1395 1675 Μίηονυτη
1415 1642 1433 1674 ¹.

1245 1732 1400 1766 Gregorius
1415 1733 1494 1766 Papa
1508 1732 1576 1764 XIV,

1167 1777 1202 1804 ad
1226 1780 1400 1811 perpetuam
1414 1777 1458 1804 rei
1474 1776 1655 1804 memoriam.

1087 1858 1249 1892 Romanus
1275 1857 1415 1890 Pontifex
1445 1867 1654 1900 personarum
1679 1857 1780 1889 eccle-

1042 1912 1241 1945 siasticarum
1272 1911 1498 1954 quarumlibet.
1524 1911 1711 1954 praesertim
1730 1922 1780 1943 re-

1043 1964 1201 2007 gularium
1222 1969 1310 2002 vota,
1333 1963 1496 2006 religionis
1518 1963 1781 2007 propagationem

1043 2025 1073 2052 et
1083 2024 1313 2060 augumentum
1323 2017 1535 2061 respicientia.
1553 2017 1592 2049 ad
1605 2017 1781 2050 exauditio-

1042 2073 1090 2105 nis
1111 2073 1243 2115 gratiam
1265 2072 1401 2105 libenter
1421 2071 1569 2109 admittit,
1587 2077 1681 2115 prout
1702 2082 1779 2104 con-

1042 2127 1134 2170 spicit
1153 2127 1184 2159 in
1204 2126 1339 2159 Domino
1360 2126 1530 2159 salubriter
1549 2126 1707 2169 expedire.

1086 2181 1101 2223 ξ
1122 2180 1150 2213 l.
1174 2181 1255 2213 Sane
1275 2190 1333 2223 pro
1359 2184 1447 2223 parto
1477 2179 1668 2212 dilectorum
1697 2179 1780 2212 lilio-

1041 2244 1111 2266 rum
1138 2233 1395 2277 preshyterorum
1420 2238 1450 2265 et
1482 2232 1672 2265 clericorum
1703 2243 1780 2266 con-

1041 2287 1234 2329 gregationis
1258 2286 1448 2319 clericorum
1467 2286 1662 2328 regularium
1681 2286 1780 2319 Mino·

1040 2351 1113 2373 rum
1127 2345 1384 2383 nuncupatorum
1399 2339 1491 2372 nobis
1511 2339 1649 2372 exhibita
1670 2339 1780 2383 petitio

1042 2395 1224 2428 continebat
1248 2394 1356 2437 quod,
1381 2405 1454 2427 cum
1476 2393 1533 2438 ipsi
1554 2394 1698 2437 cupiant,
1721 2404 1780 2438 pro

1089 2457 1102 2483 1
1133 2456 1215 2482 Istam
1236 2455 1477 2491 congregationem
1505 2455 1591 2491 primo
1623 2455 1782 2491 approbarit

1041 2501 1127 2527 Sixtus
1143 2500 1162 2526 V
1185 2504 1306 2536 utsupra
1326 2499 1353 2526 in
1373 2508 1422 2527 sua
1434 2500 1522 2527 Const.
1545 2507 1649 2528 cxxvtl:
1668 2501 1780 2534 Sacrae,

1041 2554 1100 2581 pag.
1116 2545 1141 2572 5.
1155 2545 1239 2576 Quam
1254 2544 1478 2572 Constitutionem
1497 2546 1666 2572 confirmavit
1680 2545 1780 2581 Grego-

1041 2590 1096 2616 rius
1111 2589 1165 2616 xlv
1188 2589 1284 2616 litteris
1305 2589 1404 2625 quibus
1427 2589 1532 2616 initium
1558 2594 1613 2617 est:
1632 2590 1667 2617 Ue
1691 2599 1734 2623 ea,
1755 2594 1780 2616 et

1042 2643 1108 2670 quas
1127 2642 1176 2661 nos
1196 2634 1257 2661 ideo
1272 2634 1420 2668 omisimus,
1441 2634 1504 2670 quia
1519 2634 1607 2662 editae
1623 2635 1747 2670 leguntur
1766 2642 1781 2661 a

1043 2679 1178 2706 Dominico
1199 2678 1281 2705 Bandi
1296 2679 1324 2705 in
1345 2679 1521 2714 Compendio
1538 2679 1781 2716 privileyiorum,

1040 2725 1223 2759 facultatum,
1235 2726 1300 2757 etc„
1315 2723 1426 2751 huiusce
1442 2723 1558 2752 Ordinis.

1679 298 1742 331 389
1789 308 1837 334 An⁴
1855 307 1883 334 c.
1902 308 1964 334 1591

1824 742 1886 762 Fides
1901 742 1970 761 dauda

1790 769 1930 794 transumptis.

1824 1865 1942 1886 Exordium.

1823 2187 1899 2206 rutilio
1915 2186 1977 2207 Cleri-

1796 2219 1866 2233 ‹Jurmn
1876 2213 1978 2239 Regum.

1796 2242 1816 2260 ut
1832 2246 1901 2260 omnia
1916 2246 1977 2265 priu-

1795 2267 1847 2292 lcgia
1870 2267 1978 2287 Theatinis

1795 2299 1894 2313 concessa
1929 2299 1978 2318 ipsi<

1795 2320 1978 2341 communie-emm:
