2226 3070
203 249 258 279 Au.
274 250 303 280 C.
318 251 386 280 1588

253 1852 398 1874 Etbeneflcia

215 1885 248 1905 trie
286 1890 397 1911 expressa,

213 1922 302 1943 quorum
333 1917 397 1936 annui

213 1947 294 1968 reditus
349 1950 398 1967 sunt

214 1982 321 1999 scutorum
335 1978 396 1998 trium

214 2009 398 2034 milliumiucirca,

214 2040 332 2067 supprimit,
366 2040 397 2060 di-

214 2074 291 2098 ctoque
302 2070 398 2096 collegio

215 2104 260 2123 unit
292 2105 313 2122 et
343 2102 399 2122 assi-

215 2137 272 2159 girat.

444 241 486 274 48

401 308 587 336 mentorum
623 303 765 346 desuper
796 301 1041 345 quomodolibet
1069 302 1153 334 cele-

400 356 566 390 bratorum
583 361 722 397 tenores,
746 356 977 398 fructuumque
995 354 1070 387 iude
1083 364 1155 397 per-

401 414 570 453 ceptorum
592 410 786 454 quantitates
811 415 838 442 ct
861 409 996 448 valeres,
1023 417 1154 440 verum-

401 474 465 507 que
485 469 516 497 et
539 463 692 497 ultimum
722 461 1006 501 monasteriorum,
1029 459 1154 504 priora-

402 522 507 557 tuum,
530 516 743 550 ecclesiarum
764 515 832 548 sinc
862 525 941 547 cura
965 524 1021 546 seu
1047 513 1154 557 capel-

403 570 507 603 larum
530 570 729 614 capellaniae
751 575 781 602 et
800 567 1036 601 beneficiorum
1061 577 1155 611 prae-

403 622 564 656 dictorum
595 622 769 655 vacationis
795 621 943 661 modum,
966 620 1092 654 etiamsi
1120 631 1157 653 ex

405 677 458 709 illo
488 676 616 719 quaevis
642 675 802 718 generalis
832 674 1024 715 reservatio,
1060 674 1157 707 etiam

405 730 436 762 in
453 740 589 773 corpore
610 728 688 762 iuris
704 729 826 770 clausa,
842 729 938 763 etiam
955 739 1013 773 per
1033 728 1156 761 obitum

404 783 489 826 apud
510 783 625 816 Sedem
647 783 867 826 praedictam,
900 783 1047 818 resultet:
1080 791 1158 814 nec-

404 847 468 868 non
498 847 783 880 quarumcumque
812 837 1008 880 pensionum
1033 846 1158 868 annua-

405 900 476 922 rum
503 900 601 934 super
621 890 753 923 illorum
788 900 845 924 seu
877 889 1015 922 alicuius
1046 898 1158 922 eorum

405 943 584 984 fructibus,
607 943 767 977 reditibus
794 949 824 976 et
849 942 1071 987 proventibus,
1105 952 1159 974 seu

407 996 551 1039 ipsorum
573 997 753 1037 fructuum,
776 996 943 1029 redituum
974 1002 1003 1029 et
1026 1004 1161 1040 proven-

407 1055 510 1090 tuum,
532 1050 628 1083 etiam
650 1061 725 1084 cum
752 1050 903 1083 facultate
929 1049 1002 1083 illos
1032 1054 1062 1082 ct
1092 1048 1162 1080 illas

406 1103 634 1144 transferendi,
660 1114 697 1136 ac
722 1113 883 1146 regressu,
904 1113 1034 1136 accessu
1061 1106 1091 1134 et
1116 1101 1163 1133 in-

407 1162 518 1193 gressu
544 1153 583 1186 ad
605 1152 813 1191 monasteria,
846 1152 1028 1196 prioratus,
1059 1151 1163 1183 ecclc—

407 1201 481 1243 sias,
508 1202 577 1236 sine
603 1212 697 1242 cura,
727 1212 783 1235 seu
813 1202 954 1246 capellas
971 1229 978 1242 ‚
1019 1200 1161 1245 capella-

408 1251 494 1284 niam
520 1257 549 1285 et
570 1251 727 1285 beneficia
752 1251 956 1291 huiusmodi,
985 1251 1081 1284 etiam
1108 1260 1166 1293 per

409 1311 536 1334 cessum
558 1301 606 1333 vel
628 1301 809 1340 decessum,
830 1311 866 1333 ac
887 1301 919 1333 in
941 1309 1165 1343 quoscumque

409 1350 488 1382 alios
502 1349 913 1389 eventusreservationum,
938 1349 962 1382 si
983 1360 1066 1393 quae
1088 1348 1164 1389 sint,

409 1408 446 1431 ac
467 1399 657 1431 facultatum
678 1404 808 1432 tenores
836 1404 865 1432 et
892 1398 1085 1443 pensionum
1108 1397 1168 1430 liu-

411 1446 550 1480 iusmodi
571 1447 781 1490 quantitates,
800 1447 998 1491 nominaque
1008 1452 1038 1479 et
1050 1456 1168 1489 cogno-

410 1496 497 1528 mina
518 1507 554 1529 ac
579 1496 750 1539 qualitates
775 1507 910 1537 eorum,
938 1496 1058 1539 quibus
1088 1505 1167 1538 pen-

410 1544 529 1586 sioneS,
551 1545 685 1586 fructus,
706 1556 885 1589 regressus,
908 1556 1059 1579 accessus
1077 1550 1107 1578 ct
1123 1545 1169 1577 in-

410 1604 539 1636 gressus
566 1594 753 1628 huiusmodi
779 1595 931 1628 reservati
963 1595 1071 1628 forsan
1100 1595 1167 1627 exi-

411 1647 510 1684 stunt,
543 1643 768 1687 praesentibus
794 1654 854 1688 pro
884 1643 1085 1677 sufficienter
1114 1654 1168 1678 ex-

411 1692 530 1735 pressis
550 1691 719 1725 habentes:

456 1740 471 1783 g
495 1740 526 1773 3.
554 1741 639 1774 Motu
661 1742 809 1785 proprio,
833 1751 898 1774 non
919 1741 958 1774 ad
979 1742 1114 1775 rectoris
1140 1747 1171 1775 et

411 1789 611 1823 scholarium
651 1791 894 1835 praedictorum
932 1791 982 1824 vei
1011 1802 1169 1835 quorum-

412 1849 554 1882 cumque
574 1839 714 1872 aliorum
736 1850 834 1884 super
854 1840 917 1873 hoc
928 1840 1024 1874 nobis
1044 1840 1170 1874 oblatae

412 1888 578 1931 petitionis
603 1888 803 1930 instantiam,
834 1890 889 1922 sed
915 1889 954 1923 de
976 1900 1064 1923 mera
1089 1890 1169 1923 deli-

412 1937 578 1971 beratione
603 1944 635 1971 et
657 1949 695 1971 ex
721 1944 810 1972 certa
831 1939 966 1972 scientia
995 1944 1104 1972 nostra
1134 1950 1170 1973 ac

412 1986 451 2020 de
471 1987 668 2030 apostolicae
689 1988 858 2032 potestatis
874 1987 1092 2032 plenitudine,
1105 1988 1170 2022 sive

412 2036 607 2069 monasteria
628 2041 658 2070 et
676 2037 840 2080 prioratus
858 2037 1015 2070 ecclesiae
1031 2036 1100 2070 sine
1114 2048 1169 2070 cu-

414 2094 460 2125 ra,
483 2096 540 2118 seu
563 2086 720 2130 capellae,
744 2085 927 2129 capellania
952 2091 983 2119 et
1011 2086 1171 2119 beneficia

414 2133 590 2176 praedicta,
611 2145 754 2178 quorum
775 2135 909 2168 insimul
930 2141 960 2168 ct
980 2135 1044 2168 illis
1064 2136 1171 2168 forsan

414 2192 615 2215 annexorum
637 2184 761 2216 fructus
775 2211 782 2223 ,
802 2184 936 2226 reditus,
955 2189 984 2217 et
998 2190 1172 2228 proventus

414 2231 512 2264 trium
541 2231 680 2264 millium
717 2238 748 2265 et
777 2238 1003 2266 sexcentorum
1038 2233 1171 2267 ducato-

416 2290 489 2312 rum
515 2280 586 2313 auri
616 2280 655 2313 de
689 2280 823 2314 Camera
861 2282 1045 2315 secundum
1079 2293 1170 2316 com-

417 2339 549 2362 munem
569 2329 711 2363 valorem
731 2340 877 2364 annuum
895 2331 922 2371 1,
945 2336 981 2364 ut
1002 2331 1098 2364 etiam
1117 2342 1171 2365 ac-

417 2378 575 2422 cepimus,
598 2389 663 2412 non
693 2380 862 2420 excedunt,
894 2381 1079 2424 praemissis
1108 2381 1172 2414 sive

416 2427 488 2461 aliis
503 2428 668 2471 quibusvis
686 2429 802 2469 modis,
824 2436 852 2462 et
875 2440 912 2462 ex
932 2429 1071 2463 aliorum
1089 2441 1172 2474 quo-

417 2487 635 2520 rumcumque
648 2478 806 2520 personis,
818 2489 873 2511 seu
886 2489 944 2522 per
956 2477 1094 2511 similem
1106 2479 1171 2511 An-

418 2525 510 2567 tonii,
532 2527 580 2559 vel
601 2525 719 2559 liberas
745 2527 902 2560 Leonardi
924 2527 1069 2571 episcopi
1091 2533 1121 2561 et
1137 2528 1173 2560 Λ-

455 2600 465 2626 1
488 2597 612 2626 Cherub.
639 2597 714 2633 legit.
736 2599 883 2626 secundam
916 2606 1081 2626 communem
1112 2599 1173 2626 ezi-

418 2642 598 2672 stimalionem
613 2643 654 2677 (R.
672 2643 723 2676 τ.).

997 249 1178 273 BULLARIUM
1197 248 1349 274 ROMANUM

1197 300 1303 334 chillis
1323 311 1360 334 ac
1380 301 1668 344 AugustiniReste,
1690 312 1820 336 necnon
1840 303 1952 347 Augu-

1197 354 1271 387 stini
1293 354 1440 388 Bondioli
1469 360 1500 388 et
1519 354 1674 388 Herennii
1708 356 1951 400 praedictorum

1197 408 1245 441 vel
1261 408 1451 451 quorumvis
1471 408 1610 441 aliorum
1622 409 1660 442 de
1674 409 1884 453 prioratibus,
1898 421 1952 444 ee-

1198 461 1304 495 clesiis
1321 462 1390 495 sine
1419 473 1498 496 cura
1523 473 1579 495 seu
1603 462 1754 506 capellis,
1777 463 1955 506 capellania

1198 520 1228 548 et
1243 515 1411 548 beneficiis
1424 515 1610 559 praedictis,
1624 520 1679 548 aut
1691 515 1854 549 cessiones
1874 527 1954 558 quo-

1199 569 1374 609 rumvis,de
1387 569 1546 612 regimine
1558 574 1588 602 et
1600 568 1878 602 administratione
1890 579 1956 602 mo-

1199 622 1414 656 nasteriorum
1435 622 1636 664 huiusmodi,
1656 622 1688 655 in
1709 621 1794 656 dicta
1806 621 1896 655 curia
1906 623 1954 655 vel

1200 681 1286 709 extra
1308 687 1391 716 eam,
1416 676 1512 709 etiam
1531 686 1639 709 coram
1661 676 1787 709 notario
1812 681 1844 709 et
1866 675 1955 709 testi-

1200 730 1260 762 bus
1279 734 1392 773 sponte
1413 730 1524 770 factas,
1543 736 1598 764 aut
1617 729 1791 773 prioratus,
1817 729 1956 773 capella-

1202 783 1270 816 nias
1291 788 1321 816 et
1345 783 1504 816 beneficia
1520 783 1686 827 praedicta
1706 793 1766 827 per
1777 783 1954 816 assecutio—

1202 847 1276 869 nem
1301 836 1441 870 aliorum
1461 837 1697 870 beneficiorum
1718 836 1955 870 ecclesiasticoss

1203 901 1289 930 rum,
1312 890 1426 932 quavis
1447 889 1641 923 auctoritate
1669 890 1876 931 collatorum,
1902 900 1956 922 va-

1204 949 1291 983 cent,
1325 943 1451 976 ctiamsi
1484 949 1572 976 tanto
1603 950 1748 986 tempore
1777 943 1959 976 vacaverint

1204 997 1292 1040 quod
1313 997 1444 1030 illorum
1466 996 1644 1041 respective
1672 996 1801 1030 collatio
1826 1001 1857 1030 et
1885 1006 1960 1040 pro-

1205 1051 1296 1091 visio,
1320 1050 1408 1084 iuxta
1431 1050 1656 1084 Lateranensis
1681 1050 1799 1084 statuta
1829 1049 1959 1083 concilii

1206 1109 1261 1137 aut
1280 1104 1359 1138 alias
1379 1104 1553 1138 canonicas
1574 1104 1770 1145 sanctiones,
1789 1103 1828 1136 ad
1841 1103 1958 1137 Sedem

1207 1159 1382 1203 praefatam
1396 1158 1540 1201 legitime
1554 1158 1714 1191 devoluta.
1732 1157 1864 1191 Necnon
1876 1156 1961 1201 prio-

1208 1217 1296 1244 ratus
1321 1211 1475 1244 ccclesiae
1499 1211 1569 1244 sine
1599 1221 1689 1251 cura,
1712 1221 1769 1244 scu
1797 1210 1958 1254 capellae,

1208 1265 1388 1309 capellania
1417 1271 1448 1298 et
1470 1264 1630 1298 beneficia
1659 1263 1825 1308 praedicta
1854 1264 1961 1308 dispo-

1209 1319 1316 1352 sitioni
1335 1318 1531 1363 apostolicae
1552 1318 1737 1362 specialiter
1753 1318 1800 1351 vel
1817 1318 1897 1351 alias
1911 1329 1964 1362 ge-

1209 1373 1363 1406 neraliter
1387 1377 1547 1406 reservata
1572 1372 1728 1412 existant,
1762 1376 1792 1405 et
1821 1371 1964 1416 provisio

1210 1427 1484 1460 monasteriorum
1496 1425 1684 1459 huiusmodi
1697 1435 1734 1459 ex
1744 1424 1856 1468 quavis
1866 1435 1965 1459 causa

1210 1481 1248 1514 ad
1275 1481 1391 1515 Sedem
1425 1480 1572 1514 eamdem
1593 1478 1778 1523 specialiter
1800 1479 1849 1512 vel
1870 1489 1965 1522 gene-

1211 1534 1322 1568 raliter
1341 1533 1513 1578 pertineat,
1541 1538 1572 1566 et
1605 1533 1644 1566 ad
1676 1532 1779 1566 dictos
1802 1531 1966 1577 prioratus

1211 1587 1439 1622 consueverint
1458 1587 1514 1631 qui
1541 1597 1600 1631 per
1619 1586 1813 1620 electionem
1834 1585 1964 1627 assumi,

1211 1642 1322 1685 eisque
1343 1652 1421 1675 cura
1441 1641 1537 1674 etiam
1563 1639 1830 1673 iurisdictionalis
1856 1639 1966 1672 immi-

1211 1701 1285 1729 neat
1305 1695 1501 1736 animarum,
1529 1705 1566 1727 ac
1594 1694 1634 1727 de
1661 1694 1739 1738 ipsis
1763 1693 1967 1728 monasteriis

1213 1747 1480 1783 consistorialiter
1508 1746 1639 1791 disponi
1675 1746 1881 1780 consueverit
1910 1756 1967 1779 seu

1212 1803 1340 1843 debeat,
1363 1813 1400 1835 ac
1429 1811 1527 1845 super
1547 1810 1659 1833 eorum
1680 1800 1838 1844 regimine
1859 1805 1891 1833 et
1909 1800 1967 1833 ad-

1214 1855 1462 1895 ministratione,
1482 1864 1611 1887 necnon
1631 1853 1841 1898 prioratibus,
1861 1853 1966 1886 cccle-

1213 1909 1268 1942 siis
1301 1909 1369 1942 sine
1399 1919 1477 1941 cura
1511 1918 1567 1942 seu
1603 1907 1748 1951 capellis,
1785 1906 1967 1951 capellania

1214 1968 1244 1996 et
1272 1962 1438 1995 beneficiis
1458 1961 1635 2006 praedictis
1656 1960 1740 1994 inter
1764 1960 1892 2003 aliquos
1914 1959 1966 2000 lis,

1213 2027 1270 2049 seu
1292 2016 1324 2049 iu
1345 2026 1459 2049 eorum
1480 2014 1679 2059 possessorio
1700 2013 1860 2054 molestia,
1875 2013 1970 2047 cuius

1215 2070 1277 2102 litis
1298 2075 1415 2102 statum
1438 2074 1466 2102 et
1490 2068 1606 2101 merita
1627 2077 1757 2108 causae,
1779 2078 1816 2100 ac
1836 2065 1970 2100 nomina

1215 2129 1245 2157 et
1262 2122 1458 2166 cognomina
1482 2121 1627 2155 iudicum
1651 2126 1681 2154 et
1707 2119 1968 2163 collitigantium,

1215 2187 1395 2220 eorumque
1423 2185 1551 2208 necnon
1578 2173 1709 2207 Antonii
1740 2179 1771 2208 et
1797 2173 1969 2208 defuncto-

1215 2241 1288 2263 rum
1309 2229 1553 2274 praedictorum
1574 2239 1612 2262 ac
1632 2237 1919 2272 quorumcumque
1935 2237 1968 2260 a-

1215 2283 1334 2316 liorum
1357 2282 1568 2327 provisiones,
1592 2281 1814 2321 commendas,
1840 2291 1973 2314 conces-

1216 2336 1333 2377 siones,
1351 2336 1480 2380 aliaque
1500 2337 1571 2369 iura
1592 2341 1623 2368 et
1643 2334 1764 2375 titulos,
1782 2334 1878 2367 etiam
1896 2333 1971 2366 nul-

1216 2390 1263 2423 los
1292 2396 1321 2422 ct
1352 2389 1531 2429 insectivos‚
1557 2398 1735 2431 causasque
1760 2387 1892 2420 illorum
1913 2396 1970 2420 an-

1215 2439 1388 2472 nullativas
1405 2444 1437 2471 et
1448 2437 1622 2477 infecfivas,
1638 2437 1734 2470 etiam
1747 2435 1972 2480 praesentibus

1216 2487 1328 2521 haberi
1347 2488 1498 2520 volumus
1510 2497 1570 2530 pro
1587 2485 1758 2530 expressis,
1771 2484 1912 2530 pendeat
1925 2484 1971 2517 in-

1216 2536 1342 2576 decisa,
1377 2535 1558 2580 prioratum
1592 2535 1741 2569 videlicet
1773 2534 1805 2568 S.
1842 2532 1972 2566 Antonii

1217 2586 1434 2629 praedictum,
1462 2584 1614 2628 illiusque
1634 2593 1767 2622 nomen,
1789 2582 1921 2615 titulum
1941 2586 1974 2615 et

1217 2633 1516 2668 denominationem
1549 2644 1586 2667 ac
1623 2633 1855 2676 quodcumque
1889 2640 1973 2665 onus

1966 246 2020 275 An.
2038 244 2068 274 C.
2083 245 2152 274 ¹588
