2226 3070
62 293 115 320 An.
131 291 160 320 C.
178 292 245 320 158ss

305 344 320 388 g
345 344 376 377 7.
403 344 583 379 Districtius
605 345 787 378 inhibentes
806 345 956 378 omnibus
976 351 1004 378 et

97 405 246 441 tuopediemes
261 398 397 441 singulis
416 399 622 442 regularibus
646 405 677 433 et
697 399 889 432 monialibus
912 410 1006 443 prae-

64 438 246 495 :iiii'if'unssia‘iits
261 451 367 492 dictis,
394 452 454 486 sub
481 453 594 496 poenis
611 452 743 486 arbitrio
765 453 1006 497 praedictorum

261 505 488 551 episcoporum
511 517 568 550 pro
590 507 684 540 modo
705 507 820 551 culpae
841 507 1007 551 imponen-

261 559 310 592 dis
329 565 359 593 et
379 560 597 600 moderandis,
620 571 660 593 ne
678 560 863 603 praemissis
883 565 1008 593 eontra-

261 614 369 647 venire
389 613 528 647 audeant
552 614 599 647 vel
621 619 839 657 praesumant.

305 667 320 710 ἓ
343 666 374 700 8.
400 668 470 700 Νοη
496 667 696 700 obstantibus
725 666 1009 700 constitutionibus

77 723 246 758 ⁰²5⁰³⁸¹1⁰⁶0w
261 725 292 753 et
311 720 566 754 ordinationibus
585 720 783 764 apostolicis,
796 731 833 754 ae
848 724 1008 753 monaste-

64 757 183 774 ‘mm'um'
261 773 384 806 riorum
397 779 428 806 et
437 773 593 806 Ordinum
606 774 806 814 eorumdem,
816 773 1008 812 iuramento,

261 826 508 860 confirmatione
524 827 701 871 apostolica
712 828 759 860 vel
779 826 892 870 quavis
912 825 1010 859 firmi-

262 885 324 913 tate
344 880 407 913 alia
426 881 598 922 roboratis,
620 881 744 914 statutis
755 887 786 914 et
803 879 1010 914 consuetudi-

261 933 368 975 nibus,
386 934 560 979 privilegiis
579 946 719 979 quoque,
739 935 871 968 indultis
887 934 1009 968 etlitte-

261 987 304 1022 ris
336 989 533 1032 apostolicis,
561 989 762 1023 monasteriis
787 994 817 1023 et
836 987 1010 1022 Ordinibus

261 1042 434 1086 praedictis
448 1043 643 1088 illorumque
655 1043 879 1087 superioribus
896 1047 926 1076 et
938 1053 1009 1086 per-

261 1095 348 1128 sonis
373 1106 429 1139 per
453 1106 675 1140 quoscumque
695 1097 857 1130 Romanos
876 1096 1008 1129 Pontifi-

227 1189 232 1191 .
262 1159 315 1182 ces
343 1149 607 1193 praedecessores
626 1156 763 1191 nostros,
778 1161 883 1184 aenos
903 1156 933 1183 et
953 1151 1008 1184 Se-

262 1203 335 1236 dem
355 1203 584 1247 Apostolieam,
606 1204 700 1237 etiam
722 1210 810 1238 motu
831 1211 862 1238 et
876 1205 1008 1239 scientia

261 1255 433 1297 similibus,
446 1268 483 1290 ac
501 1257 539 1290 de
556 1257 751 1301 apostolicae
764 1259 928 1302 potestatis
944 1260 1010 1303 ple-

261 1309 419 1350 nitudine,
446 1316 476 1344 et
495 1316 568 1343 e'um
589 1311 765 1355 quibusvis,
787 1312 883 1345 etiam
913 1313 1008 1346 dero-

260 1364 457 1406 gatoriarum
486 1364 711 1408 derogatoriiS,
746 1365 881 1410 aliisque
906 1367 1009 1400 effica-

261 1416 404 1450 cioribus
414 1422 445 1451 et
457 1418 593 1451 insolitis
604 1419 768 1460 clausulis,
791 1419 1008 1454 irritantibus-

260 1481 323 1515 que
341 1476 372 1504 et
391 1471 461 1504 aliis
481 1471 630 1512 decretis,
649 1472 679 1505 in
696 1483 814 1515 genere
827 1473 874 1506 vel
891 1473 922 1507 in
940 1485 1009 1518 spe-

262 1524 323 1565 cie,
346 1535 382 1558 ae
398 1525 476 1559 alias
487 1526 742 1569 quomodolibet,
759 1527 854 1560 etiam
872 1528 1006 1571 pluries,

261 1578 459 1622 approbatis,
481 1579 679 1612 confirmatis
695 1585 727 1613 et
746 1580 914 1614 innovatis.
937 1582 1010 1621 Qui-

262 1632 322 1664 bus
341 1632 492 1665 omnibus
516 1638 546 1666 et
576 1633 721 1677 singulis,
752 1634 875 1668 etiamsi
908 1635 939 1668 in
966 1636 1010 1669 eis

262 1691 412 1718 caveatur
431 1696 579 1729 expresse
604 1686 691 1730 quod
722 1687 784 1720 illis
812 1689 1007 1729 nullatenus,

262 1743 317 1771 aut
337 1749 401 1771 non
423 1739 482 1771 nisi
503 1739 562 1771 sub
583 1740 677 1772 certis
697 1740 792 1773 modo
808 1747 839 1774 et
854 1741 957 1775 forma
978 1742 1009 1775 in

263 1791 326 1824 illis
346 1792 513 1836 expressis,
528 1792 676 1836 derogari
696 1794 805 1838 possit,
829 1806 866 1827 ac
888 1806 946 1839 pro
972 1796 1009 1828 il-

261 1845 366 1878 lorum
388 1846 558 1879 sufficienti
576 1847 785 1890 derogatione
811 1848 851 1881 de
873 1848 935 1881 illis
959 1860 1010 1883 eo-

262 1910 400 1943 rumque
420 1901 494 1934 totis
519 1901 684 1934 tenoribus
714 1902 873 1946 specialis,
908 1903 1011 1948 speci-

262 1954 335 1994 fica,
363 1965 510 1998 expressa
539 1961 566 1988 et
594 1955 776 1996 individua,
809 1967 873 1990 non
902 1964 1009 1991 autem

263 2017 321 2051 per
331 2008 491 2041 clausulas
501 2009 667 2052 generales
684 2010 766 2043 idem
786 2010 1008 2054 imponantes,

264 2062 384 2095 mentio
404 2062 563 2104 habenda,
590 2074 645 2096 seu
666 2063 774 2107 aliqua
807 2065 869 2097 alia
900 2066 1010 2110 exqui-

263 2116 320 2148 sita
341 2117 444 2149 forma
464 2117 501 2149 ad
522 2118 583 2150 hoe
600 2118 755 2151 servanda
776 2119 866 2160 foret,
883 2125 1012 2153 tenores

264 2170 464 2209 huiusmodi,
488 2171 533 2203 uti
554 2171 592 2204 de
618 2172 715 2204 verbo
735 2172 772 2204 ad
795 2173 941 2214 verbum,
965 2175 1011 2206 ni-

264 2223 308 2255 hit
330 2224 458 2267 penitus
478 2224 609 2265 omisso,
627 2230 658 2258 ct
677 2231 798 2259 servata
819 2236 930 2259 eorum
948 2227 1011 2260 sor-

266 2287 329 2317 ma,
360 2277 592 2317 insererentur,
624 2280 846 2322 praesentibus
875 2291 933 2324 pro
962 2293 1007 2314 ex-

264 2331 383 2375 pressis
404 2331 570 2371 babentes,
594 2332 657 2365 illis
673 2333 751 2365 alias
772 2333 802 2365 in
820 2344 877 2366 suo
896 2335 1011 2368 robore

266 2385 498 2428 permansuris,
521 2386 581 2418 hac
601 2385 669 2418 vice
694 2386 872 2427 dumtaxat,
892 2389 1013 2431 specia-

266 2439 340 2471 liter
359 2444 386 2471 et
418 2449 566 2482 expresse
595 2439 799 2482 derogamus,
831 2441 1012 2484 ceterisque

266 2487 436 2520 contrariis
455 2486 724 2531 quibuscumque.

311 2537 325 2579 ἓ
349 2536 381 2569 9.
407 2536 558 2568 Volumus
588 2542 694 2569 autem
723 2538 808 2580 quod
839 2538 1012 2581 praemissa

266 2585 375 2619 omnia
396 2591 422 2617 et
451 2585 575 2627 singula
601 2586 808 2619 notitirentur
832 2587 955 2619 dilectis
976 2587 1012 2619 fi-

69 2628 251 2688 ζὲζιζζῖξζῗὲζ
268 2635 317 2667 liis
338 2635 499 2667 modernis
529 2641 556 2667 et
593 2646 650 2678 pro
679 2642 823 2679 tempore
851 2637 1012 2669 existenti-

69 2693 251 2720 neraubusipsts-
266 2685 327 2717 bus
345 2684 550 2726 generalibus
575 2684 729 2717 Ordinum
752 2685 797 2717 vel
822 2685 892 2717 aliis
918 2696 1012 2725 regu-

345 2732 420 2762 Ball.
437 2732 514 2762 Hom.
535 2732 587 2761 Vol.
610 2732 658 2762 IX.
896 2734 933 2763 39

898 291 1002 317 SIXTUS
1025 292 1043 316 V
1068 293 1115 317 Pr.

1687 281 1750 315 249
1809 292 1860 318 An.
1876 291 1903 318 C.
1924 292 1990 318 1580

1046 344 1167 378 laribus
1186 344 1421 388 superioribus,
1443 354 1461 376 a
1481 343 1598 387 quibus
1613 343 1707 377 etiam
1725 354 1776 377 mo
1809 353 1991 388 qunssnwuimihus

1046 398 1147 431 niales
1180 398 1366 432 huiusmodi
1402 398 1441 430 de
1464 398 1649 442 praemissis
1682 385 1957 432 adnio-”‘'¹¹⁰⁶⁸”‘¹³‘·

1048 458 1196 485 neautur.

1092 506 1107 547 ,ξ
1132 505 1183 539 10.
1211 505 1367 549 Quodque
1378 505 1793 549 earumdempraesentium
1849 517 1991 552 mammas

1049 548 1270 602 transumptis,
1289 570 1386 591 manu
1398 558 1534 592 alicuius
1545 558 1660 592 notarii
1673 559 1793 602 publici
1809 549 1991 569 ”⁶¹''b⁰”‘¹³'⁰‘¹⁸‘'

1049 611 1250 655 subscriptis,
1275 617 1330 646 etc.

1092 664 1205 697 Datum
1227 665 1347 699 Romae
1370 666 1455 710 apud
1477 666 1629 699 Sanctum
1652 666 1793 705 Petrum,

1049 717 1108 750 sub
1132 718 1253 750 annulo
1282 718 1472 759 piscatoris,
1499 719 1550 751 die
1584 719 1695 752 ultima
1721 719 1793 752 maii

1050 779 1218 811 MDLxxxw,
1252 772 1456 814 pontificatus
1491 773 1588 805 nostri
1629 783 1713 806 anno
1746 784 1795 805 se-

1049 824 1168 857 cundo.

1110 881 1171 911 Dat.
1185 882 1231 912 (lie
1247 882 1279 913 31
1307 883 1375 913 maii
1392 884 1478 920 1586,
1494 884 1598 923 pontis.
1614 894 1690 914 auno
1703 894 1732 914 n.

1396 1056 1444 1089 Vl.

1050 1129 1200 1163 Declarat
1220 1141 1292 1163 eum
1308 1131 1472 1164 Ecclesiae
1483 1137 1651 1176 praecepto
1668 1144 1731 1166 non
1748 1144 1799 1164 sa-

1095 1183 1254 1226 tisfacere,
1287 1185 1345 1227 qui
1367 1185 1573 1219 aDommz‘ea,
1607 1186 1796 1219 Palinurum

1092 1247 1148 1280 per
1165 1241 1266 1270 totam
1286 1242 1431 1271 octoeram
1448 1239 1620 1272 Pascltaeis
1640 1245 1798 1283 exrtrapa-

1092 1290 1253 1333 roc-hiant,
1275 1292 1346 1324 sine
1366 1292 1499 1325 licentia
1513 1294 1641 1337 proprii
1653 1294 1798 1336 parochi,

1092 1345 1334 1378 sanctissimszmz
1363 1346 1595 1380 Euclmristiae
1627 1349 1799 1391 sumpserit

1093 1398 1342 1432 Sacramentum
1362 1399 1387 1432 ¹.

1094 1479 1189 1508 sixtus
1200 1480 1269 1515 Papa
1277 1480 1306 1515 V,
1317 1480 1351 1509 ad
1360 1482 1520 1516 perpetuam
1534 1481 1576 1510 roi
1588 1482 1755 1511 memoriam.

1094 1551 1332 1596 Circumspecta
1357 1553 1492 1587 Romani
1514 1554 1678 1588 Pontificis
1695 1556 1800 1598 provi·
1842 1568 1952 1589 moratum

1050 1604 1156 1638 dentia
1177 1605 1216 1637 ad
1237 1616 1273 1638 ea
1303 1606 1475 1649 diligenter
1503 1608 1639 1640 attendit
1663 1614 1697 1640 ut
1719 1620 1800 1651 quae

1049 1659 1184 1691 salutem
1207 1659 1389 1692 animarum
1420 1666 1451 1693 et
1478 1661 1619 1704 quietem
1646 1672 1800 1705 persona-

1051 1722 1122 1744 rum
1148 1712 1438 1745 ecclesiasticarum
1455 1740 1462 1752 ,
1492 1720 1553 1746 tam
1584 1716 1799 1748 saecularium

1050 1775 1146 1808 quam
1166 1766 1376 1808 regularium,
1405 1773 1436 1799 et
1456 1777 1567 1799 earum
1590 1769 1800 1801 conscientia-

1051 1829 1123 1851 rum
1148 1819 1351 1853 serenitatem
1375 1820 1564 1864 respiriunt,
1594 1822 1691 1854 nullis
1711 1833 1800 1855 seru-

1051 1871 1135 1915 pulis
1155 1872 1351 1906 subiaceant.

1094 1926 1153 1969 §1.
1173 1927 1258 1960 Licet
1274 1927 1380 1970 itaque
1392 1927 1516 1966 fratres,
1533 1929 1704 1973 praecipue
1717 1930 1800 1962 Men·
1842 1941 1864 1962 tn
1903 1943 1998 1962 tuomst

1051 1979 1204 2019 dicantes,
1226 1979 1334 2023 vigore
1355 1980 1553 2014 indultorum
1567 1988 1597 2014 et
1618 1983 1801 2026 privilegio·
1816 1974 1998 2025 ff{,³„¹,³,⁵f‚ssf⁵e,.'¹f‚¹.[

1052 2044 1122 2066 rum
1148 2034 1193 2066 eis
1214 2034 1390 2078 apostoliea
1420 2035 1608 2069 auctoritate
1630 2036 1999 2088 601166680-ξῖζζίζζρωῃξζζ

1052 2099 1135 2128 rum,
1157 2088 1279 2131 possint
1304 2089 1528 2122 administrare
1556 2090 1799 2124 Sam-tissimum
1815 2085 1998 2136 saetasquistu.

1051 2141 1269 2175 Eucharistiae
1286 2142 1541 2182 Sacramentum,
1564 2143 1683 2187 absque
1704 2145 1802 2178 liceu-
1816 2135 1876 2182 Zilil,
1895 2131 1999 2188 Εκῗιῗὲᾛζῖᾲ

1053 2195 1237 2239 tiaparocbi
1252 2196 1386 2240 proprii,
1403 2196 1490 2229 laicis
1504 2202 1530 2229 et
1545 2197 1616 2229 aliis
1639 2204 1704 2230 toto
1725 2199 1798 2231 anni
1815 2194 1999 2246 1⁴}Jd}:¹u‚,⁴j¹“;fjss,¹f

1054 2255 1210 2292 tempore,
1238 2254 1461 2293 praeterquam
1493 2250 1523 2282 in
1562 2251 1612 2283 (lie
1649 2251 1999 2285 Ros-urre-tirannumww·

1052 2302 1167 2335 ctionis
1186 2302 1312 2336 Domini
1335 2304 1435 2335 nostri
1458 2304 1526 2336 lesu
1547 2304 1676 2345 Clu·isti;
1705 2285 1997 2338 1111ι11-ἱῖιῖῗετοῖᾞξρβιψ

1053 2356 1224 2388 ominusin
1243 2362 1326 2389 terra
1347 2357 1386 2389 cle
1407 2357 1588 2391 Tusculano
1609 2364 1636 2390 et
1659 2359 1801 2393 aliissor-

1053 2420 1107 2441 san
1126 2410 1204 2442 lot-,is
1224 2409 1379 2443 dioecesis
1399 2411 1573 2444 Brixiensis
1590 2412 1676 2445 cirea
1702 2413 1802 2445 admi-

1054 2463 1275 2496 nistrationem
1301 2464 1376 2496 dieti
1398 2466 1592 2498 sacramenti
1617 2467 1799 2499 dubitatum

1055 2516 1112 2548 fuit
1131 2527 1170 2549 an
1191 2517 1214 2549 si
1232 2517 1303 2560 quis
1317 2518 1453 2550 reses-tus
1468 2528 1557 2551 sas-ra
1568 2519 1802 2552 Communione

1053 2569 1092 2601 ab
1121 2569 1194 2612 ipsis
1216 2570 1365 2603 fratribus
1386 2571 1416 2603 in
1439 2582 1503 2604 uno
1524 2583 1558 2604 ex
1580 2573 1692 2605 (liebus
1714 2579 1800 2605 orta-

1055 2634 1108 2654 vae
1138 2622 1237 2665 ipsius
1263 2623 1537 2663 Resurrectionis,
1571 2626 1680 2658 animo
1701 2633 1728 2658 et
1751 2627 1799 2658 in—

1090 2696 1098 2721 ¹
1119 2695 1160 2722 Ex
1179 2695 1290 2730 Regest.
1312 2695 1341 2723 iu
1360 2697 1465 2724 soeret,
1487 2696 1627 2724 Breviumv
