2226 3070
171 237 224 265 An.
239 236 267 265 C.
287 237 357 265 1589

172 304 218 319 neni
238 300 303 319 edidss
318 306 355 325 pra

171 330 225 349 bono
251 331 354 354 regimine

170 361 287 381 the-‘aurai-⁴
309 361 351 380 Bu-

171 392 282 412 tinniensis

193 1147 262 1168 ‘senor
271 1149 352 1168 consti-

167 1179 256 1198 tutionis
267 1179 351 1204 pnedi-

167 1211 214 1228 clu?

415 227 480 261 128

371 300 480 323 cessor
513 295 632 330 noster,
654 290 730 323 dum
764 296 837 323 ante
869 288 1123 331 assumptionem

371 354 462 376 suam
481 343 519 376 ad
532 344 651 376 summi
671 343 870 387 apostolatus
880 342 1005 385 apicem
1021 341 1052 373 in
1063 341 1123 373 mi-

371 396 505 429 noribus
526 397 721 430 constitutus
742 395 960 428 cardinalatus
986 399 1016 426 et
1031 393 1124 427 Sedis

370 451 572 494 Apostolicae
594 450 625 482 in
651 450 777 482 civitate
804 447 999 481 Bononiensi
1028 447 1123 490 legati

369 503 408 536 de
433 504 531 536 latere
561 504 684 536 honore
710 503 912 544 fungeretur,
946 512 1004 544 pro
1036 501 1123 534 bono

369 562 398 588 et
421 556 505 589 felici
521 556 682 599 gubernio
703 554 817 587 crediti
838 565 938 587 novae
959 560 989 587 et
1008 554 1123 586 veteris

369 609 589 642 thesaurariae
614 609 760 641 eiusdem
783 607 930 644 civitatis,
953 613 984 640 et
1003 608 1043 640 ad
1069 608 1124 640 ol)-

369 662 521 695 viandmn
540 662 709 694 fraudibus
720 667 751 694 et
763 661 1026 694 simulationilnis
1040 672 1123 705 quae

370 716 453 748 inter
473 715 650 748 creditores
671 715 798 748 evenire
826 715 975 748 solebant
1002 715 1033 748 in
1061 716 1124 748 ele-

368 769 541 808 ctionibus,
571 780 654 813 quae
684 769 858 812 quotannis
883 769 921 802 de
952 769 1122 802 duodecim

367 823 641 863 gubernatoribus
662 823 737 856 dicti
759 823 871 856 crediti
892 823 962 855 fieri
984 833 1122 856 consue-

366 882 490 915 verunt,
513 877 687 919 quamdam
710 887 768 920 per
788 887 862 909 suas
887 877 1028 920 desuper
1047 887 1124 909 eon-

368 930 466 962 l'ectas
486 930 610 963 litteras
630 936 776 974 patentes
806 941 862 963 seu
893 936 1015 970 motum
1051 941 1124 974 pro-

368 983 474 1026 prium
495 984 595 1017 edidit
620 984 885 1017 constitutionem
906 984 1026 1017 tenoris=
1046 984 1122 1016 sul)-

366 1038 544 1079 sequentis,
566 1038 712 1071 videlicet
730 1049 735 1070 ;

411 1090 426 1132 ἓ
451 1090 481 1123 02.
510 1091 590 1123 Cum
617 1092 654 1124 ad
682 1102 779 1124 aures
804 1096 942 1127 nostras,
966 1101 1029 1123 11011
1054 1091 1122 1124 sine

368 1143 466 1176 animi
484 1145 585 1177 nostri
603 1145 821 1188 displicentia,
842 1145 1121 1188 perveneritquod

368 1197 400 1229 in
421 1198 592 1238 electione,
620 1210 701 1241 quae
724 1199 806 1230 inter
830 1198 965 1231 dilectos
982 1198 1122 1231 credito-

367 1260 418 1283 res
444 1251 562 1283 montis
595 1263 651 1284 seu
683 1251 797 1284 crediti
822 1251 1042 1284 thesaurariae
1062 1262 1121 1285 no-

367 1314 422 1336 vae
444 1310 474 1336 et
499 1305 614 1337 veteris
635 1304 771 1337 civitatis
792 1306 1016 1345 Bononiensis,
1040 1316 1122 1348 quo-

366 1357 472 1389 tannis
498 1358 567 1390 sieri
593 1358 694 1391 solent
723 1359 760 1391 de
782 1359 953 1391 duodecim
980 1359 1121 1392 homini-

366 1410 711 1453 busgubernatorilms
731 1412 806 1445 dicti
828 1411 954 1451 crediti,
978 1412 1061 1444 111111
1083 1412 1122 1445 ad

367 1464 510 1506 regimen
531 1471 560 1497 61
577 1476 688 1498 curam
706 1465 783 1498 dicti
800 1465 915 1498 crediti
936 1476 973 1499 ac
1000 1466 1121 1498 iurium

366 1518 467 1562 ipsius
494 1530 630 1562 [ιι-166556
656 1519 808 1558 debeant,
831 1525 861 1552 et
887 1520 1062 1563 praecipue
1088 1526 1122 1553 ut

366 1572 425 1615 ipsi
461 1572 632 1605 duodecim
669 1573 804 1615 singulis
833 1574 926 1606 annis
960 1574 1120 1617 deposita-

366 1625 448 1656 rium
476 1632 506 1658 et
527 1626 717 1669 srriptorem
740 1638 795 1659 seu
818 1627 1060 1670 computistam,
1089 1634 1119 1659 ut

365 1679 460 1719 vulgo
477 1680 607 1716 dicitur,
631 1686 661 1711 et
681 1680 760 1712 alios
781 1680 935 1713 officiales
954 1681 1028 1713 dicti
1051 1692 1120 1713 rre-

366 1732 423 1764 diti
456 1733 573 1775 eligant
603 1745 658 1765 seu
691 1733 810 1776 eligere
845 1734 1004 1773 debeant,
1035 1735 1120 1777 qnod

366 1785 514 1817 nonnulli
544 1797 579 1818 ex
611 1787 703 1819 dictis·

366 1841 505 1882 perversi
528 1841 626 1872 animi
649 1851 745 1884 saepe
769 1841 935 1873 fraudibus
960 1846 990 1873 et
1015 1841 1120 1873 diver-

365 1892 406 1924 >cis
428 1892 557 1925 malitiis
581 1904 617 1925 ac
632 1894 892 1926 simulationibus
914 1894 961 1926 usi
977 1895 1118 1935 fuerunt,

367 1952 428 1977 tam
452 1946 668 1989 impartiendo
694 1958 749 1979 sen
772 1958 884 1980 eorum
909 1948 1069 1980 creditum
1089 1948 1120 1980 in

366 1999 474 2042 plures
501 2006 606 2043 partes
627 1999 810 2038 dividendo,
834 2013 931 2044 quam
954 2002 1050 2034 etiam
1077 2002 1122 2034 di-

364 2053 462 2085 versis
484 2054 641 2096 personis,
665 2065 746 2096 quae
763 2065 826 2087 non
845 2060 918 2087 sunt
930 2056 968 2088 de
983 2066 1120 2087 numero

364 2118 420 2138 seu
447 2107 484 2139 de
516 2118 654 2151 corpore
684 2108 874 2140 eorumdem
907 2109 1118 2148 creditorum,

365 2160 434 2191 iura
456 2171 513 2203 pro
542 2167 631 2204 parte
666 2172 799 2194 suorum
836 2162 1035 2195 creditorum
1070 2174 1121 2196 ce-

364 2213 482 2253 dendo,
506 2220 540 2246 ut
563 2220 705 2257 tempore
727 2226 791 2257 quo
813 2216 990 2249 electiones
1010 2216 1049 2248 de
1076 2216 1121 2248 di-

365 2267 424 2298 etis
439 2267 610 2299 duodecim
633 2268 701 2300 sieri
720 2269 832 2308 solent,
848 2269 991 2301 habeant
1004 2274 1121 2302 616011-

366 2326 546 2363 sequantur
567 2321 720 2353 maiorem
743 2327 867 2364 partem
893 2328 1043 2355 votorum
1064 2333 1118 2355 seu

366 2374 593 2417 suffragiorum
620 2375 658 2406 ad
693 2386 805 2407 eorum
833 2376 986 2416 savorem,
1023 2387 1118 2419 quam

366 2423 478 2459 ceteri,
496 2424 549 2466 qni
576 2424 614 2455 ad
636 2424 831 2456 scrutinium
855 2424 885 2455 in
908 2425 1047 2457 comitiis
1064 2436 1121 2468 po-

366 2471 396 2503 ni
412 2472 529 2504 solent:
551 2472 684 2511 idcirco,
711 2473 853 2505 volentes
878 2473 971 2506 dictis
1002 2475 1120 2507 fraudi-

365 2520 434 2559 bus,
457 2520 584 2553 malitiis
601 2526 631 2553 et
652 2521 913 2554 simulationilms
934 2534 1119 2563 occurrere,

365 2579 447 2611 quae
469 2570 664 2612 quandoque
690 2580 754 2601 non
777 2571 939 2603 modicum
963 2572 1117 2604 damnum

365 2624 393 2650 61
420 2619 607 2651 scandalum
629 2619 712 2651 inter
732 2620 833 2652 dictos
854 2620 1041 2660 creditores,
1063 2621 1118 2664 qui

738 1787 952 1820 creditoribus
983 1788 1056 1819 mali
1091 1794 1119 1819 et

968 235 1147 260 BULLARIUM
1171 234 1322 259 ROMANUM

1167 297 1226 330 pro
1251 287 1364 320 maiori
1387 292 1477 330 parte
1493 292 1567 320 sunt
1582 288 1707 321 nobiles
1727 294 1759 321 et
1780 288 1864 321 cives
1884 298 1919 321 ac

1167 346 1363 373 mercatores
1392 340 1495 373 dictae
1520 340 1676 381 civitatis,
1709 352 1822 385 parere
1849 353 1921 386 pos-

1166 399 1248 433 sent,
1267 394 1458 427 auctoritate
1471 399 1600 427 nostrae
1627 394 1808 436 legationis,
1830 402 1920 429 motu

1166 447 1312 490 proprio,
1333 452 1363 480 et
1381 458 1418 480 ex
1438 454 1526 480 certa
1546 453 1655 480 nostra
1680 448 1824 488 scientia,
1847 454 1919 487 etc„

1166 501 1360 549 mandamus
1372 506 1402 534 et
1412 501 1635 545 praecipimus
1646 501 1798 534 omnibus
1810 507 1840 534 et
1851 502 1922 544 qui-

1165 554 1381 598 buscumque,
1402 555 1639 598 cuiuscumque
1665 561 1776 595 status,
1799 555 1922 588 ordinis

1166 613 1196 641 et
1225 608 1421 641 conditionis
1453 609 1600 648 existant,
1634 614 1669 641 111
1697 620 1715 641 a
1749 609 1922 652 praedietis

1166 662 1354 702 fraudibus,
1377 662 1521 702 malitiis,
1554 661 1816 695 simulationibus
1837 667 1867 695 et
1886 662 1922 695 fi-

1166 714 1263 747 ctitiis
1283 715 1495 755 cessionibus,
1525 716 1584 749 sub
1613 715 1726 759 poenis
1761 715 1922 749 infrascri-

1166 768 1239 811 ptis,
1263 779 1295 802 se
1316 769 1495 802 abstineant
1528 775 1558 802 et
1582 769 1744 802 abstinere
1765 769 1919 802 debeant:

1166 827 1196 854 et
1227 822 1252 854 si
1288 823 1361 865 quis
1386 829 1534 866 repertus
1569 823 1684 863 suerit,
1726 829 1790 856 tam
1825 834 1923 867 agens

1166 886 1263 918 quam
1285 887 1436 920 expresse
1462 887 1518 909 seu
1540 877 1634 910 tacite
1658 877 1876 918 consentiens,
1899 877 1922 909 i-

1167 939 1223 972 pso
1246 929 1316 962 iure
1337 940 1476 973 poenam
1497 930 1633 963 arbitrio
1654 930 1923 972 nostroinssigen-

1165 982 1239 1015 dam
1260 982 1436 1016 incurrisse
1458 983 1602 1016 dicatur:
1616 989 1645 1016 et
1667 983 1692 1015 si
1710 983 1782 1016 talis
1797 983 1835 1016 de
1853 994 1923 1017 cor-

1166 1047 1245 1080 pore
1277 1037 1422 1080 ipsorum
1459 1037 1657 1070 creditorum
1693 1036 1801 1077 suerit,
1834 1036 1922 1070 illico

1165 1090 1321 1133 puniatur
1355 1090 1451 1124 etiam
1481 1090 1513 1123 in
1547 1090 1722 1123 amissione
1755 1090 1920 1123 redituum

1166 1149 1196 1175 et
1221 1144 1533 1183 emolumentorum,
1560 1154 1643 1187 quae
1677 1143 1853 1187 quotannis
1884 1154 1921 1176 ex

1165 1197 1252 1230 dicto
1274 1198 1396 1231 credito
1417 1203 1675 1240 consequeretur
1694 1207 1749 1230 seu
1766 1197 1921 1241 consequi

1165 1257 1272 1294 posset
1287 1262 1345 1295 per
1360 1262 1462 1284 annos
1479 1252 1571 1291 dnos,
1595 1261 1678 1294 quae
1699 1251 1919 1284 emolumenta

1165 1310 1195 1336 et
1220 1305 1390 1337 commoda
1421 1305 1536 1338 ceteris·
1556 1304 1708 1337 omnibus
1729 1310 1757 1337 et
1785 1304 1920 1347 singulis

1165 1358 1382 1391 creditoribus
1396 1369 1454 1402 pro
1467 1364 1535 1391 rata
1547 1358 1719 1391 cuiuslibet
1733 1363 1919 1391 accrescant

1165 1417 1195 1444 et
1215 1422 1400 1444 accrescere
1421 1412 1571 1452 debeant;
1594 1412 1618 1444 si
1639 1422 1713 1444 vero
1734 1411 1919 1444 denumero

1165 1465 1326 1498 dictorum
1354 1466 1553 1498 creditorum
1575 1476 1639 1499 non
1660 1465 1769 1506 suerit,
1793 1465 1861 1509 ipso
1874 1465 1918 1498 sa-

1165 1525 1227 1559 cto,
1249 1520 1345 1552 etiam
1362 1531 1501 1563 poenam
1516 1520 1734 1553 ducentorum
1750 1525 1919 1552 scutorum

1165 1573 1246 1613 auri,
1268 1584 1325 1617 pro
1346 1574 1491 1617 qualibet
1510 1574 1578 1606 vice
1598 1584 1663 1617 qua
1683 1579 1833 1617 repertus
1853 1574 1919 1606 fue-

1165 1627 1202 1659 rit
1222 1627 1465 1668 contrafacere,
1484 1627 1673 1670 incurratet
1687 1627 1862 1661 incurrisse
1873 1627 1920 1659 in-

1165 1680 1339 1723 telligatur,
1363 1692 1446 1724 quae
1468 1691 1572 1725 poena
1593 1691 1651 1725 pro
1665 1680 1799 1713 dimidia
1813 1680 1918 1713 credi-

1165 1733 1287 1766 toribus
1307 1734 1412 1767 dictae
1434 1734 1653 1767 thesaurariae
1662 1745 1720 1778 pro
1732 1739 1810 1774 rata,
1825 1740 1860 1767 ut
1871 1745 1919 1768 su·

1166 1799 1231 1830 pra,
1253 1788 1452 1830 acquiratur,
1470 1795 1496 1821 et
1517 1799 1573 1831 pro
1587 1788 1649 1820 alia
1660 1793 1750 1830 parte
1765 1787 1918 1821 Gamerae

1165 1840 1299 1873 eii-itatis
1320 1841 1533 1874 Bononiensis
1553 1842 1748 1885 applicetur.
1772 1842 1841 1874 Non
1861 1842 1918 1874 ob—

1164 1894 1322 1926 stantibus
1350 1895 1612 1937 qnibuscumque
1646 1894 1918 1935 ordinationibus

1164 1948 1301 1987 statutis,
1329 1948 1582 1991 provisionibus,
1605 1948 1700 1980 etiam
1723 1948 1919 1991 apostolicis,

1165 2011 1201 2033 ac
1227 2001 1409 2034 iuramento
1431 2001 1576 2043 firmatis,
1601 2002 1632 2033 in
1653 2002 1854 2034 contrarium
1876 2002 1920 2034 sa-

1164 2054 1334 2087 cientilms.
1358 2055 1472 2087 Datum
1493 2055 1668 2095 Bononiae,
1686 2055 1738 2087 die
1756 2065 1765 2087 1
1787 2055 1917 2087 decem-

1163 2108 1230 2140 bris
1249 2118 1401 2141 nnxm'iu.

1207 2163 1222 2205 g
1245 2161 1277 2194 3.
1306 2162 1341 2194 Et
1360 2162 1505 2204 quamvis
1525 2163 1700 2206 praemissa
1715 2164 1837 2204 omnia,
1857 2164 1919 2197 rite

1163 2220 1193 2247 et
1210 2221 1296 2248 reete
1318 2226 1376 2259 per
1404 2215 1525 2248 dictum
1548 2216 1664 2248 lulium
1689 2217 1917 2260 praedecesso-

1164 2279 1244 2306 rem,
1269 2275 1335 2301 tum
1369 2269 1524 2311 legatum,
1547 2269 1708 2309 ordinata,
1732 2270 1918 2304 debuissent

1163 2322 1383 2365 deberentque
1405 2323 1506 2355 valide
1528 2329 1557 2355 et
1578 2323 1714 2356 tirmiter
1735 2323 1916 2363 observari;

1163 2375 1387 2415 nihilominus,
1409 2387 1482 2409 cnm
1499 2387 1605 2420 nuper
1625 2376 1717 2409 nobis
1731 2377 1919 2410 l'ueritrela—

1162 2430 1230 2457 tum
1251 2426 1338 2469 quod
1360 2426 1482 2458 similes
1503 2426 1609 2459 adhuc
1637 2426 1668 2458 in
1689 2426 1770 2458 sabis
1795 2426 1918 2459 fictitiis

1162 2474 1266 2524 vigent
1290 2474 1422 2514 abusus,
1446 2475 1569 2507 idcireo
1588 2475 1625 2506 ad
1647 2485 1702 2507 eos
1715 2474 1918 2508 omninotol-

1162 2523 1277 2556 lendos
1297 2529 1327 2556 et
1348 2523 1567 2566 extirpandos,
1591 2534 1650 2568 pro
1665 2524 1800 2556 feliciori
1821 2535 1858 2556 ac
1874 2524 1917 2556 111-

1163 2572 1266 2604 ciliori
1289 2572 1365 2604 dicti
1392 2572 1506 2604 crediti
1533 2573 1779 2605 manutentione
1796 2579 1826 2605 et
1842 2584 1917 2605 con-

1162 2620 1353 2660 servatione,
1384 2620 1570 2653 lmiusmodi
1604 2621 1771 2654 fraudibus
1798 2631 1915 2654 eonsu-

1937 235 1992 262 An.
2007 234 2037 263 C.
2055 235 2124 264 158⁹

1961 2168 2010 2190 Eam
2037 2170 2118 2191 conflr-

1933 2206 1993 2221 mnns
2047 2201 2118 2222 Sinus

1933 2232 2038 2258 praecipit
2070 2232 2114 2253 ob-

1933 2264 2015 2284 servurl
