2226 3070
73 277 120 302 An.
142 275 169 302 C.
188 274 271 301 1592·

154 1875 244 1895 ,tt-intem

62 1908 101 1921 nun
129 1902 244 1921 meat-uem

62 1934 156 1948 annonae
178 1928 244 1948 Ruun-

62 1961 153 1975 mensem
166 1960 244 1975 nuncu-

61 1982 152 2007 pandum
167 1983 235 2005 erigut.

267 322 390 356 ratione
407 323 533 356 numeri
551 323 721 357 duodecim
737 324 889 365 liliorum,
907 335 1012 358 exem-

266 376 310 418 pti
331 382 415 414 sunt,
440 377 633 419 dumtaxat),
651 378 774 410 etiamsi
793 379 924 411 eaedem
941 389 1012 422 per-

266 439 363 462 sonae
384 430 569 473 episcopali⁷
591 430 856 474 archiepiscopali
878 432 924 464 vel
946 442 1012 464 ma-

266 482 326 514 iori
347 483 501 525 dignitate
523 484 758 526 praefulgeant,
783 490 835 517 aut
856 485 1011 517 reforma-

268 535 343 568 toris
363 541 461 568 status
482 536 625 569 ciusdem
645 537 778 569 civitatis
792 538 838 570 rel
860 537 921 570 alia
935 549 1012 580 qua-

266 600 403 631 cumque
425 590 589 622 mundana
609 590 655 622 vel
679 590 835 622 saeculari
857 596 1011 633 potestate

265 647 294 674 et
312 642 502 675 auctoritate
520 642 583 675 sint
602 632 762 682 suffultae,
786 654 844 676 nec
867 654 931 676 non
952 655 1011 687 pro

265 695 309 727 eis
327 701 466 735 agentes,
491 706 549 728 nec
571 706 634 729 non
658 707 770 729 eorum
799 697 1011 730 conductores

265 754 292 780 et
315 748 538 787 cessionarius,
564 754 627 782 tam
650 749 681 781 in
703 750 840 782 emendo
861 760 957 793 quam
979 750 1010 782 in

265 802 431 834 vendendo
449 802 557 835 omnia
578 803 662 835 bona
689 803 779 836 dictis
808 803 1011 845 augumentis

264 860 295 887 et
320 855 410 887 novis
430 855 690 898 impositionibus
711 856 876 900 supposita
897 863 927 889 et
947 857 1006 889 ob-

264 908 369 948 noxia,
394 909 532 951 persolvi
552 909 681 949 debere,
703 910 823 953 absque
844 910 908 942 ulla
938 920 1010 954 per-

263 971 417 994 sonarum
439 962 627 996 earumdem
645 963 832 1006 exceptione
848 963 896 996 vel
918 963 1009 996 diffe-

263 1014 376 1055 rentia‚
390 1015 525 1058 perinde
543 1026 579 1048 ae
590 1016 615 1048 si
637 1016 769 1049 minime
781 1022 947 1060 exemptae
960 1017 1009 1050 vel

264 1067 383 1101 liberae
405 1074 456 1101 aut
478 1068 638 1102 immunes
668 1069 848 1110 existerent,
879 1080 938 1103 nec
970 1070 1009 1103 de

264 1121 371 1165 aliqua
382 1132 493 1154 earum
508 1123 721 1166 exemptione,
732 1123 879 1156 libertate
890 1124 938 1156 vel
950 1123 1009 1155 im-

265 1175 421 1208 munitate
439 1181 610 1215 constaret,
633 1175 813 1219 quinimmo
838 1187 1008 1220 quascum-

263 1239 326 1272 que
346 1228 466 1261 similes
487 1229 716 1272 exemptiones,
732 1229 894 1263 libertates
907 1236 935 1263 et
950 1230 1008 1262 im-

263 1281 434 1314 munitates
455 1281 499 1314 eis
517 1287 569 1314 aut
584 1282 776 1326 cuicumque
790 1294 912 1323 earum,
930 1295 1007 1327 qua-

262 1335 307 1367 vis
328 1335 461 1375 ratione,
486 1346 581 1368 causa
601 1336 649 1369 vel
670 1336 838 1370 occasione
870 1348 1003 1381 compe-

264 1394 374 1427 tentes,
399 1394 433 1421 ut
464 1390 654 1432 praefertur,
684 1390 792 1433 quoad
812 1397 1008 1432 augumenta

262 1448 293 1475 et
313 1453 411 1475 novas
424 1442 647 1486 impositiones
660 1443 845 1477 huiusmodi
860 1444 920 1477 illis
935 1446 1006 1478 nul-

263 1497 386 1529 latenus
406 1496 586 1539 suffragari,
611 1507 787 1540 omnesque.
815 1499 1004 1541 [maenomi-

262 1555 354 1583 natos
366 1550 406 1582 ad
425 1550 675 1593 praemissorum
690 1558 961 1592 augumentorum
978 1558 1006 1585 et

262 1603 503 1646 impositionum
525 1603 731 1644 solutionem,
753 1615 854 1648 aeque
873 1616 909 1639 ae
929 1606 1007 1639 alios

261 1667 326 1689 non
347 1662 520 1700 exemptos,
539 1657 650 1697 teneri,
671 1663 712 1697 et,
729 1659 918 1701 opportunis
931 1660 1007 1692 iuris

261 1715 288 1742 et
312 1709 383 1742 sacti
409 1709 575 1750 remediis,
600 1710 670 1752 cogi
691 1716 721 1743 et
745 1712 894 1754 compelli
914 1723 1006 1755 posse

262 1775 298 1796 ac
318 1763 446 1802 debere,
471 1763 674 1796 decernimus
695 1769 725 1797 et
745 1764 957 1799 declaramus.

306 1819 322 1859 ξ
343 1817 373 1849 4.
392 1818 436 1850 Ae
455 1817 631 1849 successive
648 1828 744 1861 super
765 1818 883 1851 eisdem
906 1830 1011 1862 augu-.

261 1869 375 1902 mentis
396 1875 425 1902 et
446 1869 535 1902 novis
556 1869 816 1913 impositionibus
829 1877 857 1904 et
876 1872 1004 1906 illorum

260 1923 373 1956 annuis
394 1923 573 1956 redditibus
594 1934 695 1956 unum
715 1924 854 1958 Montem
882 1932 1005 1970 tempo-

259 1976 359 2008 ralem
374 1986 439 2008 non
452 1975 627 2009 vacabilem
641 1982 670 2009 et
684 1976 1005 2019 extinguil›ile1n,sso-

259 2029 423 2062 noniensis
441 2040 600 2069 annonae,
618 2036 651 2063 ut
663 2032 853 2074 praefertur,
880 2043 1004 2067 nuncu-

258 2084 413 2127 pandum⁷
433 2090 599 2117 scutorum
625 2090 841 2118 trecentorum
866 2087 1002 2120 millium

260 2143 407 2170 monetae
428 2137 459 2169 in
480 2137 547 2170 eius
560 2138 766 2181 proprietate,
783 2145 911 2172 eentum
933 2140 1004 2173 mil-

259 2189 337 2222 lium
358 2189 506 2223 videlieet
522 2190 570 2222 vel
591 2190 675 2223 eirca
701 2191 794 2224 nobis
815 2198 843 2224 et
864 2203 920 2225 seu
941 2193 1000 2226 Ca-

260 2254 366 2276 merae
387 2243 600 2286 Apostolieae,
625 2250 659 2276 ut
678 2244 904 2288 praemittitur,
933 2246 999 2278 sol-

258 2297 448 2336 vendorum,
472 2302 501 2329 et
528 2297 665 2329 aliorum
696 2297 909 2330 ducentorum
932 2298 1003 2331 mil-

259 2349 337 2382 lium
361 2349 392 2382 in
413 2349 640 2383 extinctionem
661 2350 798 2383 aliorum
820 2350 1001 2384 debitorum

258 2414 316 2446 per
336 2403 655 2436 eamdcmCameram
668 2403 903 2437 Bononiensem
925 2415 1001 2437 con-

258 2458 486 2490 vertendorum
498 2468 556 2500 pro
570 2463 612 2490 tot
626 2457 782 2501 personis,
800 2463 877 2501 quot
890 2468 1001 2491 eorum

258 2509 410 2552 pecunias
432 2509 463 2542 in
484 2509 554 2553 ipso
571 2510 675 2542 Monte
693 2509 931 2551 collocaverint,
947 2521 1002 2543 au-

259 2563 403 2595 ctoritate
428 2562 614 2606 apostolica,
639 2568 749 2596 tenore
769 2563 997 2606 praesentium,

259 2616 411 2658 erigimus
432 2622 461 2649 et
483 2615 687 2649 instituimus.
754 2622 756 2624 ’

888 277 1034 301 CLEMENS
1055 278 1111 301 vm
1132 279 1181 302 PP.

1698 272 1755 279 .--

1696 283 1760 305 v')·)-)

1046 336 1145 358 nuum
1176 337 1305 359 censum
1337 327 1400 360 sive
1431 328 1593 361 redditum
1622 331 1732 363 decem
1763 337 1789 363 et

1045 385 1117 411 octo
1138 390 1192 412 scu
1214 380 1324 412 (levem
1347 387 1373 413 ct
1408 391 1521 414 noveni
1553 383 1688 415 millium
1719 396 1789 416 scu-

1047 437 1151 464 torum
1172 432 1325 465 similium
1347 434 1385 466 ab
1407 434 1493 467 omui
1525 446 1632 478 opere„
1659 436 1789 479 imposi-

1047 485 1142 523 tione,
1174 487 1358 527 gravamine
1390 494 1418 520 ct
1448 494 1603 526 restauro,
1628 500 1663 521 ac
1695 490 1789 522 ctiam

1046 550 1250 583 quocumque
1272 552 1346 574 casu
1366 542 1506 578 l'ortuito,
1528 548 1790 585 quamtunwum—

1045 603 1106 634 quc
1127 593 1376 633 inexcogitabili,
1393 595 1581 632 liberorum,
1598 595 1790 628 immunium

1046 650 1073 676 ct
1097 652 1316 689 exemplorum
1346 659 1442 691 super
1462 648 1553 682 dictis
1574 650 1787 691 attigumentis,

1045 697 1305 741 impositionibus
1324 707 1351 733 ct
1372 702 1501 735 illorum
1524 703 1712 741 redditibus,
1741 704 1789 736 in-

1046 756 1092 783 ter
1112 762 1264 795 personas
1283 754 1408 796 collegii
1428 755 1502 788 dicti
1520 757 1633 789 Montis
1649 768 1706 799 pro
1724 764 1789 790 rata

1044 805 1229 846 portionum
1250 818 1305 839 seu
1328 808 1472 840 locorum
1492 820 1548 851 per
1566 820 1620 842 eos
1640 810 1789 843 obtento-

1044 868 1115 889 rum
1137 859 1176 891 ad
1197 859 1354 892 rationein
1385 861 1582 903 praedictam
1608 874 1671 899 sex,
1696 864 1743 896 vcl
1764 864 1788 896 si

1043 911 1112 943 fieri
1133 922 1197 944 non
1218 913 1345 955 poterit„
1370 915 1409 946 ad
1439 925 1600 947 summum
1631 927 1682 948 sex
1715 928 1788 949 cum

1043 964 1177 997 dimidio
1198 976 1256 1008 pro
1270 967 1465 1005 centenario,
1481 969 1658 1006 aumtatim.
1676 971 1731 1003 sed
1750 971 1788 1003 de

1042 1017 1185 1050 bimestri
1201 1018 1231 1050 in
1250 1019 1413 1059 bimestre,
1429 1020 1737 1062 distriltuendorum,
1752 1034 1787 1055 ac

1044 1069 1073 1102 in
1109 1071 1261 1103 salarium
1293 1072 1428 1115 capsarii
1461 1079 1488 1105 ct
1522 1074 1659 1107 aliorum
1690 1075 1788 1119 ipsius

1041 1123 1154 1156 Montis
1166 1124 1363 1163 officialium,
1375 1131 1403 1158 et
1417 1126 1552 1159 aliorum
1566 1138 1701 1160 onerum
1714 1140 1788 1173 sup-

1041 1177 1256 1219 portationem
1278 1184 1307 1211 et
1329 1189 1482 1222 expensas
1505 1191 1564 1223 pro
1592 1181 1660 1224 ipso
1683 1182 1787 1215 Monte

1041 1230 1265 1264 substinendas
1275 1238 1303 1264 et
1315 1232 1487 1273 faciendas,
1498 1234 1537 1266 ad
1552 1234 1677 1267 libitum
1689 1235 1787 1279 ipsius

1041 1283 1166 1325 collegii
1188 1286 1465 1328 exponemloruu'i,
1483 1297 1518 1319 ac
1532 1298 1590 1330 per
1610 1298 1787 1330 augumen—

1042 1342 1146 1369 torum
1167 1348 1222 1370 seu
1244 1337 1486 1382 ilnpositionum
1506 1346 1536 1373 et
1556 1341 1715 1374 datiorum
1728 1342 1787 1374 hu—

1041 1389 1178 1423 iusmodi
1208 1397 1385 1431 exactores,
1410 1398 1462 1424 aut
1495 1394 1708 1436 appaltatores
1739 1396 1785 1427 rel

1040 1444 1252 1477 conductores
1273 1456 1331 1488 pro
1353 1452 1497 1489 tempore
1527 1447 1618 1480 annis
1638 1448 1782 1490 singulis,

1041 1497 1182 1540 quolibet
1204 1498 1360 1537 bimestri,
1384 1510 1442 1542 pro
1463 1506 1531 1533 rata
1552 1501 1657 1534 cidem
1687 1503 1785 1536 colle-

1040 1550 1092 1592 gi0
1120 1562 1176 1583 seu
1197 1551 1281 1585 illius
1300 1552 1495 1596 depositario
1516 1553 1638 1596 integre
1659 1561 1690 1587 et
1717 1556 1785 1589 sine

1041 1603 1147 1646 aliqua
1169 1604 1382 1637 diminutione
1406 1606 1693 1649 persolvendorum
1723 1619 1782 1652 ap-

1040 1656 1207 1699 pbcanms,
1232 1658 1478 1701 appropriamus
1500 1670 1536 1692 ac
1558 1659 1648 1693 titulo
1669 1661 1782 1693 vendi-

1041 1709 1134 1741 tionis
1155 1711 1376 1751 concedimus,
1402 1712 1557 1745 tradimus
1589 1719 1617 1745 et
1638 1713 1782 1755 assigna-

1040 1773 1125 1798 1nus;
1146 1774 1205 1795 nec
1226 1774 1290 1796 non
1309 1764 1448 1796 Mentem
1468 1766 1668 1807 praculictum
1691 1778 1727 1799 ae
1749 1767 1785 1799 il-

1039 1815 1099 1848 lius
1119 1816 1290 1858 collegium
1312 1823 1341 1849 et
1363 1828 1516 1860 personas
1536 1818 1721 1852 huiusmodi
1754 1819 1785 1852 in

1039 1868 1138 1912 ipsius
1151 1870 1301 1903 Gamerae
1314 1871 1525 1904 Bononiensis
1546 1872 1665 1912 locum,
1678 1874 1785 1916 quoad

1039 1933 1170 1955 censum
1191 1934 1247 1956 seu
1260 1923 1422 1956 redditum
1436 1925 1636 1968 praedictum
1656 1932 1684 1959 et
1700 1926 1784 1959 illius

1038 1976 1235 2009 exactionem
1258 1976 1419 2020 ponimus,
1434 1978 1658 2011 substituimus
1669 1985 1697 2012 et
1715 1990 1784 2013 sur-

1038 2041 1200 2072 rogamus.

1081 2084 1096 2127 §
1117 2084 1147 2116 tt.
1163 2084 1311 2117 Volentes
1323 2085 1409 2127 quod
1430 2096 1653 2129 quaecumque
1666 2087 1782 2120 utrius-

1037 2148 1098 2180 que
1119 2148 1210 2170 sexus
1231 2148 1402 2181 personae,
1427 2139 1657 2183 cuiuscumque
1679 2140 1780 2182 digni-

1038 2191 1119 2230 tatis,
1143 2197 1257 2231 status,
1282 2192 1399 2233 gradus
1431 2198 1459 2224 ct
1487 2193 1680 2225 conditionis
1711 2194 1777 2226 exi-

1036 2250 1164 2283 stentes,
1178 2244 1309 2277 etiamsi
1324 2244 1539 2278 cardinalatus
1553 2246 1675 2279 bonore
1689 2258 1781 2290 prae-

1037 2298 1175 2337 fulgeant
1198 2303 1227 2330 et
1249 2298 1402 2336 ccelesiis,
1426 2298 1521 2331 etiam
1545 2299 1781 2332 cathedralilms

1036 2356 1066 2383 et
1087 2350 1341 2393 metropolitanis
1358 2357 1388 2384 et
1409 2352 1610 2385 monasteriis
1626 2354 1777 2396 praesint,

1036 2409 1066 2436 et
1085 2414 1319 2447 quaecumque,
1343 2410 1561 2448 quotcumque
1592 2411 1622 2438 et
1652 2406 1777 2449 qualia-

1036 2467 1175 2499 cumque
1194 2456 1351 2490 beneficia
1369 2458 1583 2491 ecclesiastica
1601 2459 1776 2499 obtineant,

1036 2521 1072 2542 acv
1092 2510 1123 2541 in
1138 2510 1236 2543 sacris
1250 2510 1346 2543 etiam
1361 2511 1597 2555 presbyteratus
1611 2512 1779 2545 ordinibus

1034 2562 1096 2595 sint
1116 2563 1290 2603 constituti,
1314 2574 1350 2596 ac
1371 2564 1567 2607 quorumvis,
1588 2575 1651 2597 non
1674 2570 1777 2597 tamen

1034 2616 1282 2649 Mendieantium
1315 2617 1353 2649 de
1374 2617 1595 2655 observantia,
1619 2617 1774 2650 Ordimuu

304 2672 320 2712 ξ
342 2669 371 2702 5.
396 2671 440 2702 Ae
466 2669 510 2702 illi
531 2669 576 2703 sie
601 2675 706 2703 erecto
727 2676 758 2703 et
780 2669 924 2703 instituto
944 2680 1071 2708 ειη-μω
1097 2667 1304 2713 hospitalium
1327 2676 1355 2703 et
1377 2671 1563 2704 militiarum
1594 2670 1773 2713 religiosae,

1807 283 1856 309 An.
1875 283 1901 309 c.
1926 284 1991 318 iat-:2

1812 344 1900 363 (tetrum
1912 351 1943 369 ,ue
1957 352 1990 364 ax

1808 379 1821 386 »ι
1832 374 1857 389 u'.
1874 378 1910 395 1¹⁴*
1924 378 1956 396 qu«
1969 372 1989 390 lt-

1807 398 1838 416 lul
1869 407 1872 413 ι
1896 400 1989 416 :mittit‘b¹

1807 430 1816 441 t·
1828 427 1919 443 dicunt&

1847 2096 1929 2116 (tumes,
1946 2102 1980 2120 qui

1759 2141 1764 2145 ,
1797 2122 1887 2149 regulari
1904 2128 1922 2146 [u
1930 2131 1931 2138 π
1938 2127 1981 2141 >tt-s·

1797 2153 1855 2167 srunu·
1879 2155 1917 2167 uun
1933 2151 1979 2167 situl

1797 2174 1904 2195 adstricti.
1920 2175 1981 2194 butu<

1797 2203 1873 2219 moult*
1902 2203 1979 2226 purtim·-

1796 2233 1981 2252 imqunacrses-

1796 2259 1817 2273 se
1835 2253 1933 2274 declarat.
