2226 3070
438 259 502 293 tto

392 321 563 354 comitatus
592 333 627 354 ac
660 319 899 353 universitatum
922 323 951 350 et
972 316 1140 349 hominum

392 374 631 419 praedictorum
654 374 823 406 consulere
845 377 874 404 et
896 370 1063 415 providere
1086 381 1141 402 cu-

392 428 528 471 pientes,
552 437 606 460 eos
627 431 658 459 et
678 436 790 458 eorum
823 423 998 467 quemlibet
1024 433 1041 455 a
1067 422 1140 466 qui-

392 481 500 514 busvis
528 477 892 517 excomumnicationis‚
923 476 1142 520 suspensionis

391 541 419 568 et
442 534 602 568 interdicti
624 533 758 575 aliisque
770 530 992 565 ecclesiasticis
1013 536 1140 563 senten-

392 588 453 628 tiis,
475 587 620 620 censuris
640 592 669 618 et
688 585 813 629 poenis,
835 595 852 617 a
873 584 943 617 iure
961 584 1007 616 vel
1027 584 1067 617 ab
1086 585 1141 616 lio-

393 641 491 680 mine,
514 639 625 683 quavis
645 638 816 672 occasione
837 638 884 670 vel
905 649 1001 671 causa
1016 637 1098 677 latis,
1116 638 1139 670 si

391 694 510 738 quilius
538 691 782 736 quomodolibetv
812 690 956 723 innodati
984 690 1138 730 existunt,

390 748 427 781 ad
458 748 609 780 effectum
640 745 857 789 praesentium
879 745 1041 778 dumtaxat
1063 755 1140 777 con-

389 800 603 845 sequendum,
632 800 747 832 harum
776 799 857 832 serie
889 799 1087 832 absolventes
1112 804 1139 832 et

389 854 553 886 absolutos
574 853 641 887 sore
652 857 832 892 censentes,
855 862 891 884 ac
911 851 982 884 lites
1002 857 1030 884 et
1053 850 1142 884 ditt'e-

391 906 509 940 rentias
528 905 726 946 huiusmodi,
747 915 885 949 quarum
908 910 1025 937 statum
1048 915 1140 948 prae-

389 960 534 994 sentibus
559 960 670 993 haberi
682 961 830 993 volumus
851 969 909 1003 pro
922 969 1084 1002 expresso,
1102 959 1141 991 ab

389 1015 502 1048 eodem
523 1014 621 1047 Fabio
653 1020 683 1046 et
707 1013 839 1046 Camera
860 1012 1035 1057 praedictis
1054 1012 1140 1045 aliis-

389 1079 452 1111 que
479 1067 640 1100 iudicibus
667 1066 927 1110 quibuscumque
949 1066 987 1098 ad
1009 1076 1068 1099 nos
1084 1066 1140 1098 atl-

389 1127 537 1154 vocantes
567 1126 595 1153 et
628 1120 756 1164 penitus
783 1119 1017 1163 extinguentes,
1048 1119 1140 1163 ipsis-

390 1186 452 1218 que
491 1180 685 1218 perpetuum
715 1173 878 1206 silentium
909 1173 1048 1217 desuper
1080 1173 1140 1205 im-

390 1234 557 1271 ponentes,
594 1227 663 1260 illas
696 1227 728 1259 in
757 1227 857 1267 hunc,
892 1226 947 1270 qui
984 1226 1139 1270 sequitur,

392 1282 523 1314 niodum
554 1287 584 1314 et
613 1282 748 1313 sormam
779 1280 960 1313 decidimus
980 1285 1010 1313 et
1031 1280 1140 1313 termi-
1161 1251 1164 1302 1

392 1346 516 1375 namus,
546 1334 655 1378 sicque
684 1334 848 1378 perpetuis
878 1334 995 1367 suturis
1019 1339 1142 1378 tempo-

391 1389 479 1421 ribus
505 1388 666 1422 observari
698 1389 846 1421 volumus
875 1394 906 1421 et
935 1389 1138 1429 mandamus,

390 1442 549 1475 videlicet:

435 1497 449 1539 ξ
469 1496 500 1529 3.
524 1496 558 1528 In
579 1495 703 1539 primis,
723 1496 809 1539 quod
826 1496 952 1529 fructus
967 1500 1139 1536 terrarum,

391 1551 549 1594 sylvarum
573 1555 605 1582 et
629 1549 790 1583 bonorum
819 1550 1007 1594 reditusque
1024 1555 1053 1583 et
1065 1561 1140 1594 pro-

391 1609 504 1637 ventus
519 1614 618 1647 super
632 1603 835 1647 quibuslites
854 1610 882 1636 et
905 1614 1020 1637 causae
1034 1603 1065 1636 in
1088 1615 1141 1637 ea-

392 1658 465 1691 dem
486 1657 620 1691 Camera
650 1662 679 1691 et
699 1658 776 1691 alibi
798 1668 906 1690 versae
927 1663 998 1690 sunt
1021 1662 1051 1690 et
1071 1669 1141 1691 ver-

393 1717 518 1751 tuntur,
541 1724 577 1744 ac
606 1722 717 1744 omnes
738 1717 770 1744 et
789 1711 986 1755 quicumque
1012 1711 1064 1744 alii
1096 1712 1143 1744 in-

393 1765 530 1806 troitus,
562 1765 706 1806 reditus,
742 1770 917 1809 proventus
956 1771 987 1798 et
1021 1766 1142 1798 emolu-

393 1825 512 1860 menta,
533 1819 767 1863 cuiuscumque
787 1819 914 1862 generis
935 1824 966 1852 et
986 1829 1143 1862 quocum·

391 1883 452 1916 que
464 1873 595 1906 nomine
607 1872 799 1916 nuncupati,
819 1878 883 1905 tam
896 1872 1033 1905 civitatis
1044 1884 1141 1916 quam

392 1927 648 1967 universitatum,
672 1933 851 1960 castrorum
865 1927 941 1959 dicti
955 1927 1139 1968 comitatus,

391 1981 511 2025 ubique
537 1981 720 2021 existentes,
744 1986 773 2013 et
793 1981 1009 2024 undequaque
1030 1991 1143 2023 prove-

391 2035 527 2075 nientes,
551 2040 579 2067 et
600 2039 669 2081 tam¹
684 2034 839 2067 haetenus
857 2034 966 2067 habito
987 2039 1016 2067 et
1032 2034 1143 2078 acqui-

391 2089 462 2129 sito,
485 2100 581 2131 quam
603 2088 697 2121 etiam
719 2088 751 2121 in
772 2089 916 2121 futurum
942 2088 1091 2122 habendo
1112 2094 1141 2122 et

390 2142 608 2185 acquirendo,
636 2142 804 2175 deveniant
844 2147 873 2175 et,
907 2142 1055 2175 devenire
1090 2143 1142 2175 de-

390 2196 485 2228 beant
507 2196 545 2228 ad
571 2207 686 2228 manus
705 2195 801 2228 unius
827 2196 1010 2229 communis
1035 2207 1141 2229 came-

391 2250 478 2289 rarii,
493 2249 546 2292 qui
562 2249 758 2282 camerarius
773 2249 812 2281 sit
826 2255 854 2281 et
877 2260 944 2282 esse
964 2249 1080 2282 debeat
1100 2250 1143 2281 so-

391 2303 504 2343 rensis,
527 2308 555 2335 et
577 2302 650 2345 eligi
671 2313 799 2346 semper
819 2303 934 2335 debeat
954 2313 1011 2347 per
1037 2303 1141 2335 consi-

391 2357 469 2389 lium
491 2357 640 2399 generale
661 2356 794 2389 civitatis
815 2361 845 2389 et
866 2356 1048 2397 comitatus,
1069 2367 1140 2389 eum

393 2410 492 2454 pactis
512 2420 548 2442 ac
569 2409 819 2451 conditionibus,
842 2416 937 2453 prout
958 2410 1054 2443 hodie
1075 2421 1142 2444 sei·-

391 2465 493 2499 vatur,
515 2464 545 2491 et
566 2459 608 2492 ita
629 2459 661 2491 in
682 2459 828 2492 futurum
855 2459 973 2492 servari
994 2460 1142 2493 volumus

392 2514 423 2541 et
444 2508 645 2541 mandamus.

252 2580 377 2607 Appumdi
437 2558 452 2601 ξ
476 2557 508 2590 4.
527 2558 618 2598 Item,
641 2557 727 2600 quod
749 2557 853 2590 dictus
874 2557 1070 2591 camerarius
1091 2558 1143 2591 de-

194 2617 247 2647 '⁹5⁰
264 2612 283 2632 iu
298 2612 377 2647 hoium]
391 2606 466 2640 beat
485 2617 643 2651 reponere
660 2612 689 2640 et
701 2617 890 2640 conservare
903 2617 1015 2640 omnes
1028 2607 1141 2640 introi-

193 2646 260 2664 ΝΜ
283 2646 377 2664 mmm*
394 2661 455 2697 tus,
490 2656 611 2690 reditus
644 2661 674 2689 et
694 2660 866 2699 proventus
887 2655 1090 2700 supradictos
1110 2657 1142 2690 in

193 2678 233 2695 1115.

195 268 246 297 ΑΗ.
264 268 282 296 C
309 269 377 297 1589

226 1562 312 1582 Fructus
322 1568 375 1581 ron-

191 1594 282 1614 troversi
308 1594 375 1619 depa-

191 1628 268 1645 nautur
306 1630 373 1651 penes

191 1662 323 1677 communem
340 1662 376 1675 ca-

192 1690 375 1708 merariutuatoto

191 1720 292 1739 comitatu
332 1718 375 1738 eli-

191 1751 288 1776 gendum.

972 264 1149 288 BULLARIUM
1174 262 1324 287 ROMANUM

1949 258 2000 286 An.
2010 258 2043 295 c.
2061 258 2128 287 1589

1184 314 1309 348 civitate
1333 313 1397 346 Esii
1422 313 1453 345 in
1476 323 1539 346 una
1559 313 1625 345 sola
1649 312 1813 345 communi
1834 313 1931 345 bursa

1185 374 1212 400 et
1234 367 1343 407 archa,
1371 372 1400 400 et
1422 366 1509 410 quod
1530 376 1642 398 omnes
1664 365 1741 398 dicti
1766 366 1927 406 introitus,

1185 421 1305 455 reditus
1329 426 1357 454 et
1381 419 1770 464 proventusapplicentur
1784 425 1814 453 et
1829 419 1930 453 inser-

1184 475 1383 519 viant,prout
1394 474 1466 507 illos
1480 484 1515 507 ex
1528 483 1615 506 nunc
1629 472 1831 517 applicamus
1839 479 1869 506 et.
1882 473 1930 506 in-

1184 529 1301 562 servire
1322 528 1524 567 mandamus,
1543 527 1583 559 ad
1595 526 1789 559 beneficium
1802 532 1832 559 et
1843 537 1931 559 com-

1184 582 1327 627 modum'
1348 582 1526 614 universale
1553 579 1688 613 civitatis
1707 585 1738 612 et
1762 580 1933 613 comitatus

1184 642 1213 669 et
1234 636 1394 669 dictorum
1415 641 1607 675 castrorum,
1631 639 1728 679 prout
1747 633 1829 667 infra
1848 635 1933 667 ordi-

1184 690 1324 723 nabitur.

1228 744 1243 787 ξ
1268 744 1299 777 5.
1331 744 1536 776 Declarantes
1565 748 1672 775 tamen
1702 742 1789 785 quod
1811 742 1933 775 fruetus
1975 746 2062 781 fructu?
2085 749 2130 796 ¹0¹(-

1183 803 1356 835 terrarum,
1383 807 1463 840 quas
1482 802 1593 829 vocant
1615 796 1664 828 del
1684 795 1871 837 Commune,
1898 807 1932 829 a·
1947 783 2016 829 {23⁰3
2032 783 2131 834 ³⁵33?

1183 850 1241 883 lias
1262 849 1374 883 eastris
1396 849 1550 888 Massarii,
1572 849 1687 882 Montis
1706 848 1825 882 Carotti
1847 855 1878 882 et
1897 860 1931 882 a·
1947 842 2143 898 ssssssfflss'mpssss‘-

1183 903 1234 936 liis
1255 903 1368 936 castris
1389 902 1420 935 in
1441 908 1566 946 partem
1588 913 1646 946 per
1666 903 1930 936 communitatem
1946 904 1991 930 Νῦ-

1184 956 1318 990 civitatis
1338 962 1366 989 et
1396 957 1567 989 comitatus
1594 956 1744 999 assignati
1771 956 1834 989 sint
1858 967 1933 1000 pro-

1185 1010 1245 1054 prii
1257 1016 1287 1044 et
1300 1010 1511 1054 particulares
1523 1009 1680 1052 cuiusque
1694 1009 1802 1051 castri,
1817 1020 1933 1043 secun-

1184 1065 1260 1097 dum
1283 1064 1370 1097 illam
1392 1063 1573 1107 portionem
1599 1062 1748 1096 videlicet
1773 1068 1934 1097 terrarum

1184 1129 1264 1162 quas
1274 1118 1418 1162 possidet
1431 1117 1690 1161 unumquodque
1711 1117 1872 1151 dictorum
1885 1128 1935 1152 ca-

1184 1177 1336 1205 strorum.

1228 1227 1242 1269 g
1263 1225 1293 1259 6.
1317 1225 1378 1259 Sed
1398 1225 1437 1258 ad
1458 1225 1532 1267 hoc,
1554 1230 1590 1258 ut
1610 1224 1725 1257 melius
1745 1235 1935 1258 conserven-

1184 1286 1245 1319 tur,
1266 1285 1296 1312 et
1322 1290 1361 1312 ne
1383 1279 1414 1311 in
1435 1279 1562 1322 aliquos
1581 1289 1696 1322 pravos
1716 1290 1794 1311 usus
1814 1289 1872 1322 per
1891 1278 1936 1312 di-

1184 1339 1234 1366 cta
1254 1339 1357 1366 castra
1376 1332 1452 1366 dicti
1478 1333 1602 1365 fructus
1626 1332 1858 1375 dilapidentur,
1880 1344 1934 1366 vo-

1184 1388 1292 1420 lumus
1313 1387 1399 1432 quod
1421 1387 1518 1421 etiam
1539 1386 1586 1419 illi
1607 1386 1778 1419 deveniant
1795 1393 1825 1420 et
1840 1387 1935 1420 deve-

1184 1441 1253 1474 nire
1274 1441 1422 1474 similiter
1442 1440 1579 1473 debeant
1598 1440 1637 1473 ad
1657 1451 1771 1473 manus
1791 1440 1934 1474 eiusdem

1184 1495 1366 1529 communis
1386 1494 1555 1528 camerarii
1577 1495 1625 1527 vel
1646 1494 1781 1527 alterius
1796 1495 1835 1527 ab
1853 1505 1890 1528 eo
1903 1494 1935 1528 in

1184 1550 1276 1583 dictis
1297 1549 1409 1583 castris
1428 1548 1605 1593 deputandi
1625 1560 1682 1582 seu
1707 1549 1933 1590 substituendi,

1183 1605 1222 1637 ad
1256 1604 1317 1637 hoc
1343 1608 1379 1637 ut
1408 1603 1447 1636 ab
1469 1613 1669 1647 unoquoque
1694 1602 1935 1646 praedictorum

1185 1663 1364 1699 castrorum
1395 1658 1520 1690 fructus
1539 1667 1615 1690 suae
1636 1662 1723 1689 ratae
1744 1661 1935 1690 convertan-

1186 1718 1237 1745 tur
1257 1716 1285 1745 et
1296 1711 1533 1755 expendantur,
1545 1715 1641 1754 prout
1651 1710 1724 1743 illos
1733 1720 1769 1743 ex
1782 1720 1869 1743 nunc
1885 1721 1937 1754 ap-

1184 1765 1356 1809 plicamus,
1380 1775 1439 1808 pro
1459 1764 1620 1797 solutione
1638 1774 1774 1797 onerum
1789 1774 1935 1797 camera-

1185 1819 1263 1851 lium
1285 1818 1371 1851 dieta
1392 1823 1495 1851 castra
1516 1823 1546 1851 et
1563 1828 1674 1851 eorum
1686 1816 1852 1861 quodlibet
1863 1822 1934 1850 tan-

1183 1873 1338 1916 gentium,
1361 1878 1387 1905 et
1407 1872 1478 1905 aliis
1497 1872 1561 1905 suis
1582 1871 1766 1915 expensiset
1782 1871 1936 1904 oneribus

1184 1927 1222 1959 de
1243 1926 1361 1970 quibus
1382 1927 1465 1959 int‘ra
1490 1926 1627 1959 dicetur.
1656 1924 1866 1958 Prohibentes
1894 1934 1936 1957 ne

1185 1981 1224 2014 ad
1245 1981 1324 2013 alios
1346 1990 1424 2013 usus
1453 1979 1677 2024 expendantur
1697 1989 1755 2011 nee
1775 1978 1935 2010 divertan-

1185 2040 1252 2074 tur;
1286 2039 1318 2067 et
1349 2034 1434 2066 idem
1461 2033 1666 2066 declaramus
1690 2037 1721 2064 et
1748 2031 1936 2064 ordinamus

1185 2088 1254 2121 fieri
1276 2088 1392 2121 debere
1413 2087 1450 2120 de
1472 2086 1631 2119 fructibus
1650 2086 1812 2119 bonorum
1825 2086 1864 2118 ab
1877 2084 1937 2118 eis-

1185 2143 1256 2175 dem
1278 2141 1390 2174 castris
1401 2147 1585 2185 emptorum
1602 2139 1642 2172 ab
1658 2139 1769 2173 eadem
1792 2149 1938 2172 commu-

1185 2196 1283 2229 nitate
1304 2195 1379 2228 Esii.

1229 2250 1243 2292 ,ἓ
1278 2248 1308 2281 7.
1340 2248 1548 2281 Declaramus
1576 2246 1670 2280 etiam
1701 2246 1788 2289 quod
1818 2256 1934 2286 onera,
1977 2255 2036 2276 naua
2080 2262 2134 2283 quae

1185 2292 1361 2343 collectae,
1393 2302 1488 2342 datia,
1518 2301 1674 2345 gabellae,
1707 2300 1830 2345 spinae,
1858 2299 1934 2340 vini,
1950 2287 2136 2345 ᾖξ’,ῗέῗιῑζὲηᾱξεῑίἶ

1185 2356 1309 2390 denarii
1346 2367 1404 2400 pro
1437 2354 1519 2388 libra
1557 2360 1587 2388 et
1620 2354 1702 2387 aliae
1736 2351 2135 2407 θκῑιοῐίοῐιεε,ξέᾓζέζιᾞξὲξξ

1185 2422 1267 2454 quae
1296 2416 1368 2444 sunt
1400 2416 1428 2443 et
1461 2409 1634 2452 exiguntur
1662 2408 1695 2441 in
1722 2408 1791 2452 ipsa
1811 2407 1936 2441 civitate
1950 2416 2019 2439 uatus,

1186 2466 1321 2500 tantum,
1342 2470 1407 2492 non
1425 2459 1550 2502 possint
1565 2459 1597 2491 in
1615 2458 1759 2491 futurum
1781 2457 1863 2500 exigi
1876 2467 1936 2490 nec

1185 2509 1307 2553 imponi
1336 2509 1367 2541 in
1397 2508 1474 2552 ipsis
1503 2508 1616 2541 eastris
1641 2508 1690 2541 vel
1714 2507 1823 2551 aliquo
1849 2507 1935 2550 ipso-

1185 2569 1267 2598 rum,
1289 2557 1344 2590 ubi
1366 2558 1405 2590 de
1426 2557 1587 2600 praesenti
1604 2567 1669 2590 non
1687 2556 1872 2598 exiguntur,
1886 2565 1936 2587 ex-

1185 2612 1277 2651 cepta
1298 2612 1404 2639 tamen
1431 2606 1595 2639 exactione
1625 2604 1713 2649 pauli
1743 2603 1933 2644 maeinanis,

1184 2658 1223 2690 ad
1258 2657 1352 2691 cuius
1380 2656 1576 2690 solutionem
1601 2656 1749 2690 volumus
1779 2653 1876 2688 etiam
1909 2653 1936 2686 i-

1995 1237 2131 1265 impendendi

1949 1272 2018 1290 tamen
2035 1270 2054 1289 in
2072 1269 2132 1290 solu—

1947 1301 2028 1321 tionem
2044 1306 2131 1321 onerum

1949 1333 2132 1354 comnutntlntivu-

1949 1369 2000 1385 rum,
