2226 3070
45 350 97 376 An.
115 349 143 375 C.
161 347 224 375 1591

123 565 230 585 Absolutis

46 591 173 618 praedictis,
209 598 219 609 ‹-

45 619 108 639 0113111
123 617 185 637 sinuli
200 618 228 637 iu-

46 644 158 671 quisitioue
203 651 228 663 1.»
350 662 355 667 ,
450 663 468 667 ..
718 662 735 666 ..

45 674 101 718 ffffl
116 671 228 723 {essem-2
245 662 396 695 eeclesiae
417 663 550 705 alusque
568 672 753 695 necessarus
774 662 880 699 rebus,
905 672 986 704 quae

45 705 50 718 1
132 704 152 717 ιἰν
163 703 228 717 cmm

45 731 90 745 netu
102 724 146 744 tieri
157 731 169 744 a
182 730 228 749 pro-

45 751 158 772 monendis.

837 347 1016 371 GREGORIUS
1037 348 1089 371 XIV
1109 347 1159 371 PP.

243 406 369 437 gressus
387 396 418 428 in
436 396 549 429 studiis
571 395 713 432 feceriut,
738 395 790 439 qui
821 396 849 427 iu
878 397 984 428 futuro

244 449 385 482 antistite
403 449 620 493 requiruntur.

290 506 305 544 3
324 502 376 535 110.
398 503 468 536 Post
492 502 733 545 inquisitionem
756 513 829 535 vero
848 503 886 535 de
908 502 980 541 title,

245 556 318 591 vita,
343 556 497 593 moribus,
514 556 658 588 doctrina
677 562 706 589 et
724 556 894 599 prudentia
913 566 985 598 pro-

245 609 405 648 movendi,
421 620 546 642 necnon
565 609 824 641 informationem
844 609 882 641 de
903 614 984 640 statu

244 715 365 758 pariter
382 726 491 747 coram
512 715 659 758 superius
682 715 838 758 expressis
856 715 983 758 praela-

246 769 294 806 tis,
316 769 401 802 iuxta
423 769 565 802 eiusdem
588 770 719 803 Concilii
746 770 884 805 decreta,
917 769 986 802 tieri

244 823 348 860 debet,
366 823 521 866 Ju'ofessio
540 824 613 856 [idei
630 823 806 856 catholicae
824 835 841 856 a
859 834 987 866 promo-

243 878 345 910 vendo
364 877 508 910 facienda
527 877 601 913 erit:
626 888 722 920 quam
743 877 873 920 quidem
893 877 931 909 ab
950 887 987 909 eo

243 930 406 963 dumtaxat
435 931 653 974 recipiendam
676 941 743 963 esse
773 931 983 967 declara-uuus,

242 983 282 1015 ad
303 994 398 1026 quem
422 983 587 1027 inquisitio
615 983 800 1027 pertinebit,
826 983 884 1016 nisi
906 984 987 1015 forte

242 1037 297 1080 qui
319 1037 547 1081 professionem
570 1037 745 1070 emissurus
765 1042 826 1073 est,
851 1048 867 1069 a
889 1048 984 1080 prae-

243 1091 307 1123 lato
339 1090 521 1134 inquirente
542 1091 637 1131 longe
666 1090 775 1125 distet:
805 1096 878 1123 tuuc
901 1090 986 1123 euim

244 1145 268 1177 is
285 1146 446 1188 praelatus
467 1157 503 1178 ex
521 1145 786 1186 subdelegatione
817 1144 984 1187 inquiren—

244 1199 293 1237 tis,
327 1199 558 1243 professionem
581 1199 750 1232 admittere
780 1198 904 1231 debebit
937 1198 986 1231 cui

243 1253 481 1296 promovendus
510 1252 646 1285 vicinior
679 1252 754 1287 erit:
789 1252 876 1295 quod
903 1251 986 1284 idem

244 1306 441 1348 intelligatur
461 1307 499 1339 de
519 1306 746 1339 informatione
764 1306 803 1338 de
829 1310 910 1338 statu
930 1315 984 1337 ee-

244 1360 358 1393 clesiae
373 1360 570 1404 aceipienda.
591 1360 615 1392 si
637 1360 767 1403 quando
786 1359 986 1400 contingeret

244 1419 277 1446 ut
296 1414 326 1446 in
350 1414 411 1446 alia
428 1413 593 1457 provincia
621 1413 685 1446 sive
708 1424 806 1455 reguo
828 1418 905 1446 esset
931 1424 985 1445 ec—

245 1467 351 1507 clesia,
377 1467 407 1499 in
440 1468 529 1500 alio'
564 1467 813 1510 1eu·outoxe11dus.
845 1467 986 1509 Recipiet

245 1527 353 1554 autem
390 1522 550 1564 praelatus
583 1521 813 1564 professionem
851 1531 985 1563 promo-

245 1575 350 1611 vendi,
368 1580 536 1617 praesente
555 1574 680 1607 notario
702 1574 830 1617 publico
849 1585 883 1606 ac
904 1574 988 1606 testi-

247 1629 315 1666 bus,
340 1634 436 1672 atque
457 1640 528 1661 eam
547 1640 564 1661 a
581 1640 614 1661 se
635 1629 807 1662 admissam
831 1640 866 1661 ac
896 1639 985 1661 rece-

247 1688 332 1725 ptam
359 1682 510 1726 propriae
529 1693 642 1715 manus
663 1681 899 1725 subseriltttione
922 1688 985 1714 tes-

248 1735 375 1768 tabitur.
416 1736 443 1768 Is
481 1746 624 1779 quoque,
660 1735 712 1778 qui
754 1735 987 1778 professionem

247 1788 404 1822 eiusmodi
442 1789 561 1827 fecerit,
595 1789 624 1821 iu
657 1800 694 1821 eo
717 1789 797 1826 loco,
821 1789 874 1821 ubi
908 1799 985 1831 pro-

246 1842 351 1885 prium
373 1853 491 1875 nomen
521 1842 702 1885 profitentis
732 1842 868 1885 exprimi
895 1843 985 1879 solet.

246 1906 363 1928 nomen
381 1907 474 1928 suum
491 1906 587 1928 mauu
601 1895 734 1939 propria
746 1895 916 1928 adscribet.
932 1896 989 1928 De-

245 1949 342 1992 nique
364 1948 413 1981 his
434 1949 585 1992 peractis,
618 1949 763 1981 notarius
784 1949 914 1992 publico
935 1949 986 1981 iu-

244 2007 423 2034 strumeuto
455 2002 552 2035 fidem
584 2001 673 2034 faciet
718 2002 757 2035 de
794 2002 990 2045 professione

246 2056 420 2099 praedicta,
445 2056 597 2089 adhibitis
620 2056 762 2093 testibus,
787 2062 817 2089 111
841 2057 986 2100 praeser-

247 2115 306 2142 tur.
328 2110 386 2143 Phi
406 2120 480 2143 vero
500 2116 599 2142 totum
622 2120 754 2143 examen
776 2121 831 2142 seu
852 2110 986 2154 inquisi-

248 2165 290 2197 tio
309 2166 347 2197 tle
368 2176 505 2209 persona
524 2165 742 2208 promovenda
767 2166 906 2208 perfecta
925 2166 991 2198 fue-

248 2219 298 2259 rit,
320 2230 355 2252 ea
379 2220 410 2252 in
431 2219 679 2252 instrumentum
697 2219 862 2262 publicum
892 2220 987 2252 reda-

246 2278 306 2309 cta,
331 2283 402 2305 cum
433 2278 498 2305 toto
520 2272 703 2305 testimonio
725 2283 759 2304 ar
792 2272 990 2315 professione

248 2325 322 2358 tidei
341 2326 468 2362 emissa,
483 2326 522 2358 ad
543 2326 625 2357 banc
643 2325 790 2358 Sanctam
813 2325 939 2365 Sedent,
957 2333 987 2358 ut

247 2379 425 2412 Concilium
446 2379 566 2416 statuit,
591 2389 686 2421 quatu
706 2378 858 2421 primum,
884 2379 990 2412 clausa

248 2439 276 2465 et
296 2433 463 2475 obsignata
486 2433 516 2464 iu
546 2434 647 2464 tortna
677 2431 860 2464 authentica
883 2438 987 2464 traus-

250 2487 404 2519 utitteuda
425 2481 495 2519 erit.
517 2487 549 2519 Iu
569 2497 632 2529 qua
656 2497 689 2518 re.
710 2485 874 2518 observari
895 2486 987 2518 volu-

250 2551 319 2572 mus
346 2545 377 2572 ut
408 2539 563 2583 professio
596 2539 669 2572 fidei
712 2540 823 2572 iisdem
858 2540 990 2572 onmiuo

250 2594 354 2626 verbis
383 2593 542 2637 descripta
572 2593 621 2630 sit,
658 2604 738 2636 quae
771 2593 861 2625 inea
890 2583 990 2626 forma

250 2647 465 2684 continentur,
497 2658 592 2690 quatu
627 2647 725 2680 felicis
759 2647 990 2679 recordationis

288 2722 295 2745 t
315 2719 429 2748 Cutznue.
451 2720 483 2746 In
501 2728 558 2754 qna
572 2719 619 2751 sil,
637 2718 694 2746 toco
711 2718 855 2746 verborum
874 2719 989 2747 inalio.

1666 335 1731 368 423

1020 395 1092 428 Pius
1106 396 1191 438 Papa
1204 395 1251 431 IV.
1268 395 1497 438 praedecessor
1515 400 1633 429 noster,
1650 393 1757 425 statuit

1020 449 1270 485 observafflaun
1287 454 1314 480 et
1331 453 1362 480 ut
1383 447 1553 491 praelatus,
1569 446 1622 490 qui
1645 447 1762 479 instru—

1020 503 1170 539 ctionem,
1193 513 1324 535 examen
1353 508 1381 534 et
1416 501 1656 545 inquisitionem
1677 501 1759 538 fecit,

1020 558 1067 589 rel
1099 568 1156 600 per
1184 557 1307 589 litteras
1338 561 1501 599 separatas
1533 555 1626 587 simul
1659 561 1762 587 tamen

1020 621 1091 642 cum
1115 621 1264 653 processu
1281 610 1463 645 mittendas,
1486 609 1531 641 vel
1551 619 1607 651 per
1626 607 1764 640 subscri-

1022 662 1162 705 ptionem
1180 663 1254 695 dicti
1275 673 1453 706 processus,
1474 661 1630 701 significet
1645 666 1763 704 quanta

1021 716 1100 748 tides
1119 717 1251 749 testibus
1265 716 1465 752 examinatis,
1482 725 1659 758 eorumque
1673 714 1764 747 dictis

1021 775 1048 802 et
1079 769 1247 813 scripturis.
1278 769 1443 813 productis
1465 779 1523 802 suo
1555 768 1673 801 iudicio
1702 768 1761 799 lia-

1022 823 1125 855 benda
1151 823 1201 861 sit,
1222 823 1315 856 simul
1345 823 1440 855 etiam
1463 823 1538 866 quid
1560 822 1598 854 de
1626 832 1761 865 promo-

1021 877 1123 909 vendo
1146 877 1211 920 ipse
1229 877 1355 909 sentiat.

1066 932 1081 972 3
1109 930 1155 962 ll.
1181 931 1350 963 Processus
1377 936 1482 962 autem
1515 929 1559 962 sic
1590 929 1715 961 formati
1735 935 1761 961 et

1021 984 1060 1016 ad
1092 984 1218 1017 Curiam
1250 984 1437 1020 transmissi,
1470 995 1486 1015 a
1515 983 1688 1019 cardinale.
1713 983 1763 1015 eui

1021 1038 1224 1081 proponendi
1255 1048 1370 1070 munus
1392 1037 1545 1069 incumbit
1569 1043 1596 1069 et
1617 1047 1633 1069 a
1665 1036 1765 1069 tribus

1020 1091 1184 1134 prioribus
1204 1091 1360 1124 Ordinum
1380 1088 1609 1126 cardinalibus,
1630 1097 1660 1123 111
1690 1100 1762 1122 1110-

1022 1145 1064 1178 ris
1084 1151 1141 1182 est,
1168 1145 1252 1177 iuxta
1280 1146 1416 1177 formam
1438 1143 1568 1177 Concilii
1595 1143 1762 1187 praedicti,

1021 1199 1263 1232 subscribentur
1295 1205 1325 1231 et
1357 1198 1578 1242 expedientur.
1614 1198 1766 1230 Volumus

1021 1258 1128 1285 autem
1156 1259 1187 1286 ut
1211 1252 1383 1285 cardinalis
1405 1252 1523 1285 relator
1544 1257 1670 1284 moneat
1693 1262 1767 1294 pro-

1022 1307 1228 1343 movendum,
1253 1306 1277 1339 si
1308 1316 1459 1350 praesens
1490 1306 1520 1338 in
1539 1305 1631 1339 Curia
1658 1305 1764 1342 suerit,

1022 1366 1053 1393 ut
1088 1360 1173 1393 iuxta
1204 1360 1381 1393 Concilium
1414 1360 1627 1392 Lateranense
1657 1359 1765 1391 novis-

1022 1414 1101 1447 sime
1123 1414 1332 1451 eelebrattuu,
1364 1424 1476 1446 omnes
1496 1413 1675 1446 cardinales
1703 1412 1768 1445 sive

1023 1467 1179 1500 maiorem
1198 1473 1323 1510 partem
1345 1467 1471 1509 collegii
1489 1467 1580 1499 adeat
1596 1472 1766 1509 antequam

1023 1521 1190 1554 ecelesiam
1210 1527 1381 1564 proponat,
1402 1526 1435 1553 ut
1457 1531 1538 1563 quae
1564 1531 1582 1552 a
1611 1520 1767 1552 referente

1023 1575 1146 1616 collega
1163 1575 1222 1607 siut
1244 1575 1396 1611 audituri,
1418 1574 1544 1607 oculata
1566 1573 1638 1613 tide,
1660 1584 1764 1617 quau-

1024 1635 1089 1661 tum
1104 1629 1143 1661 ad
1161 1639 1333 1672 personam
1348 1627 1559 1671 promovendi
1575 1627 1699 1664 attinet,
1716 1637 1769 1660 co-

1023 1693 1166 1724 guoscer«
1194 1682 1327 1725 possint.

1069 1738 1083 1777 3
1111 1735 1156 1767 12.
1181 1736 1262 1768 llaec
1283 1745 1382 1778 porro
1401 1735 1510 1767 onmia
1531 1745 1611 1778 quae
1633 1735 1672 1768 de
1693 1745 1767 1778 pro-
1791 1741 1966 1767 Eandemquein·

1024 1789 1188 1822 movendis
1208 1790 1246 1822 ad
1277 1789 1427 1822 eeclesias
1452 1789 1652 1821 cathedrales
1683 1788 1767 1821 dicta
1782 1767 1968 1820 23¹5331‘lf‘53f55}

1022 1849 1105 1879 suut,
1130 1843 1169 1875 ad
1187 1854 1241 1875 cos
1259 1843 1354 1875 etiam
1372 1843 1536 1886 1:›ertiuere
1550 1848 1646 1886 atque
1665 1842 1696 1874 in
1714 1853 1766 1875 eo·
1781 1821 1967 1895 {lssg‘ssflfffssffiffssfiff

1023 1909 1094 1930 rum
1112 1897 1318 1941 promotione
1347 1897 1502 1930 servanda
1532 1907 1599 1929 esse
1617 1897 1764 1929 declara-
1782 1881 1967 1949 Ιριὲῐζςιζῖΐιῖιιςῑὲἐέν

1024 1963 1094 1984 uuis
1115 1957 1142 1983 et
1163 1951 1377 1987 deceruiums,
1403 1950 1457 1994 qui
1478 1950 1647 1988 nominati,
1667 1961 1764 1994 prae·
1782 1947 1941 1976 c'tamtiotnbus-

1023 2005 1137 2037 seutati
1171 2011 1222 2037 aut
1254 2005 1346 2037 electi
1377 2004 1496 2036 fuerint.
1527 2003 1566 2036 ad
1599 2003 1768 2043 dignitates

1024 2059 1209 2097 abbatiales.
1233 2070 1268 2091 ar
1298 2058 1460 2102 prioratus
1487 2069 1542 2090 seu
1564 2058 1765 2101 praeposita-

1026 2119 1085 2149 tus,
1118 2112 1389 2145 monasteriorum
1428 2111 1584 2153 regimina
1611 2118 1662 2143 aut
1691 2111 1769 2144 alias

1025 2166 1220 2206 regularium
1259 2165 1395 2198 cuiusvis
1429 2165 1557 2197 ordinis
1589 2171 1641 2197 aut
1674 2165 1767 2197 etiam

1024 2220 1235 2252 saecularium
1257 2220 1484 2263 praefecturas,
1507 2219 1545 2251 de
1564 2218 1680 2261 quibus
1694 2229 1769 2251 con-

1024 2273 1225 2306 sistorialiter
1258 2272 1418 2316 [woricleri
1453 2272 1636 2313 contigerit:
1673 2277 1768 2316 atque

1024 2338 1078 2359 eos
1110 2326 1311 2370 praesertim,
1336 2325 1462 2369 quibus,
1498 2331 1626 2369 praeter
1657 2337 1767 2358 euram

1024 2386 1050 2412 et
1076 2380 1218 2421 regimen
1240 2379 1474 2412 monachorum
1507 2385 1558 2411 aut
1590 2379 1764 2412 canonico-

1023 2445 1093 2466 rum
1113 2433 1386 2476 clericorunupie,
1409 2432 1603 2475 regularium
1626 2433 1672 2465 vel
1693 2444 1765 2466 sae-

1024 2487 1193 2523 cularium,
1215 2498 1337 2519 annexa
1366 2493 1409 2519 est
1434 2487 1463 2518 iu
1491 2487 1646 2530 populum
1669 2486 1765 2519 iuris-

1024 2541 1121 2573 dictio
1141 2540 1317 2583 spiritualis
1345 2541 1391 2573 vel
1414 2540 1612 2584 temporalis,
1628 2534 1768 2583 'excepta

1025 2600 1130 2627 tamen
1163 2599 1277 2631 aetate,
1309 2594 1394 2627 circa
1428 2605 1523 2637 quam
1558 2593 1635 2626 nihil
1671 2593 1764 2625 iuno-

1024 2659 1145 2681 vanius.

1070 2704 1085 2741 3
1107 2701 1159 2734 ta.
1180 2702 1248 2741 Quo
1267 2712 1341 2734 vero
1360 2702 1398 2735 ad
1420 2701 1611 2737 docuinam,
1627 2710 1699 2733 cum
1714 2710 1767 2742 ge-

1777 345 1825 370 An.
1843 344 1872 371 C.
1893 344 1955 371 159¹

1820 939 1963 966 Inquisitioms

1780 972 1890 992 proffessus
1899 974 1910 986 a
1917 971 1950 985 (Ἧι
1958 978 1963 980 -

1780 994 1884 1013 dinatum<
1909 998 1962 1018 prio-

1781 1020 1838 1039 ribus
1863 1019 1964 1039 ordinum

1781 1047 1800 1066 in
1816 1046 1879 1066 Curia
1890 1048 1963 1071 postea

1781 1073 1895 1092 examinari
1904 1078 1963 1097 prae-

1781 1099 1832 1124 cipit
1842 1108 1845 1118 :

1824 2703 1852 2722 Ι)1·
1869 2702 1965 2723 ilortrtna

1782 2735 1864 2756 promm
1871 2730 1971 2750 eudarmu

873 2765 911 2799 (11.
927 2766 966 2796 τ.)
1007 2780 1010 2796 ,
1026 2755 1146 2788 ueralia
1167 2755 1301 2788 concilia
1320 2765 1383 2787 nou
1402 2760 1540 2787 statuam
1560 2760 1590 2787 ut
1612 2763 1766 2796 personae
