2226 3070
195 322 247 349 An.
264 321 293 349 C.
311 322 378 349 1587

221 1655 324 1676 Cher-dam
341 1656 379 1676 be-

194 1687 297 1707 aedicere
332 1692 380 1714 pos-

195 1721 245 1738 sunt
268 1718 379 1744 guardiam

195 1755 219 1769 ac
230 1749 380 1775 praesidente·

196 1783 345 1801 conventuum.

208 1978 380 2005 Quibuscumque

196 2016 238 2030 non
268 2010 379 2030 obnunti-

196 2041 244 2061 bns.

223 2351 286 2373 Fides
315 2354 381 2372 trau-

196 2385 285 2410 sumptis
306 2383 381 2403 danda.

437 311 501 345 286

978 318 994 340 B
1000 316 1156 341 ULLARIUM
1177 316 1327 339 ROMANUM

392 374 550 417 generalis
569 374 705 406 fratrum
726 373 884 405 Minorum
907 372 946 403 de
966 369 1143 402 Observan-
1184 378 1297 400 corum
1326 374 1356 400 et
1384 367 1540 409 gentium,
1570 368 1601 399 in
1623 367 1741 399 iudicio
1773 372 1804 400 et
1833 373 1932 403 extra.

392 428 445 467 tia,
466 428 524 460 hac
547 427 578 459 in
598 433 688 470 parte
710 425 864 458 inclinati.
888 423 991 456 eidem
1013 421 1143 454 Franei-
1184 431 1266 464 quae
1288 421 1365 463 ipsis
1381 420 1595 462 originalibus
1611 420 1833 460 adhiberetur,
1850 420 1876 453 si
1887 420 1935 453 fo-

392 491 446 513 sco
465 493 483 513 a
508 480 656 518 Tholosa,
687 485 781 521 atque
806 477 901 509 etiam
932 477 1073 508 Thomae
1106 477 1143 509 de

393 535 504 573 Massa,
525 531 746 565 commissario
775 528 918 573 generali
937 539 995 571 pro
1020 528 1142 561 familia

392 586 609 621 Cismontana‚
625 593 751 617 necnon
767 593 826 625 pro
842 588 988 625 tempore
1008 582 1145 614 existen-

393 640 476 672 tibus
496 637 638 681 generali
656 643 686 669 et
701 635 923 668 commissario
935 634 1076 677 generali
1088 645 1143 667 eo-

394 692 540 725 rumdem
566 691 702 723 fratrum
723 690 883 722 Minorum
905 688 944 722 de
964 688 1142 721 Observan-

393 746 448 780 1111,
476 744 684 777 concedimus
702 743 886 776 facultatem
908 748 939 774 et
968 741 1142 774 auctorita-

394 805 468 839 tem,
484 797 630 830 ministro
644 796 800 839 generali:
816 796 847 828 in
859 801 926 828 toto
946 795 1064 828 Ordine
1078 796 1143 827 fra-

393 859 478 885 trum
500 851 664 883 minorum
685 850 723 883 de
744 849 963 887 Obsei·rai]tia;
990 848 1145 881 Commis—

392 904 477 938 sario
494 910 602 937 autem
623 903 777 945 generali,
801 903 832 935 in
849 902 902 935 illa
913 901 1033 935 familia
1053 901 1145 934 cuius

393 958 501 993 fuerit,
521 957 575 989 ubi
592 967 657 989 non
677 963 750 989 sunt
769 956 914 989 eiusdem
936 955 1064 988 Ordinis
1085 956 1146 988 fra-

394 1018 478 1044 trum
500 1011 659 1043 Minorum
679 1009 948 1042 Conventualium
970 1010 1145 1041 confrater-

394 1065 508 1097 nitates
528 1064 592 1096 iam
613 1067 750 1099 erectae,
766 1063 814 1095 vel
831 1062 1021 1095 eormndem
1043 1062 1144 1095 Mino-

394 1128 467 1150 rum
500 1116 767 1150 Conventualium
800 1115 1014 1150 monasteria.
1058 1114 1147 1148 insti-

396 1170 509 1204 tuendi
519 1169 798 1203 confraternitates
817 1169 1092 1211 Chordigerorum
1115 1169 1145 1200 in

395 1225 546 1258 omnibus
567 1231 596 1257 et
626 1223 761 1265 singulis
781 1223 990 1256 conventibus
1010 1224 1146 1255 fratrum

395 1289 542 1318 suorum,
565 1284 595 1311 et
616 1276 815 1311 concedendi
831 1282 860 1309 et
883 1276 1145 1309 communit-andi
1174 1288 1177 1289 ⁷

394 1343 506 1365 omnes
524 1338 552 1365 et
579 1332 723 1374 singulas
743 1330 972 1373 indulgentias,
1001 1335 1148 1374 peecato-

393 1397 466 1419 rum
486 1384 692 1418 remissiones
712 1391 741 1416 et
764 1383 989 1419 relaxationes.
1017 1393 1054 1415 ac
1080 1389 1147 1415 tan·

393 1440 466 1472 dem
484 1449 595 1471 onmes
616 1438 740 1470 favores
755 1443 785 1470 et
803 1436 931 1479 gratias,
955 1447 1038 1479 1111110
1057 1447 1148 1480 prae-

393 1493 496 1525 dictae
516 1490 865 1525 archiconfraternitati
887 1500 1058 1523 concessae
1074 1495 1148 1522 sunt

393 1552 423 1579 et
449 1546 482 1579 in
506 1546 652 1578 futurum
674 1544 905 1578 concedentur,

437 1600 452 1643 {
475 1599 506 1632 3.
535 1599 758 1641 Volumusque
779 1605 814 1630 ut
839 1598 995 1630 chordam
1021 1596 1148 1629 Ordinis

393 1652 688 1687 SanctiFrancisci.
711 1662 809 1694 quam
831 1650 1009 1684 confratres
1030 1649 1149 1683 utrius-

394 1717 457 1750 que
476 1716 569 1739 sexus
589 1710 714 1748 gestare
736 1705 868 1744 debent,
888 1704 1074 1749 superiores
1087 1704 1149 1736 fra-

395 1767 480 1793 trum
490 1760 652 1792 Minorum
668 1759 706 1791 de
719 1759 925 1791 Observantia
940 1758 1147 1795 benedicant,

395 1813 607 1856 intelligendo
632 1823 691 1856 per
723 1812 908 1855 superiores
933 1811 1029 1844 etiam
1051 1821 1147 1853 guar-

396 1866 510 1899 dianos
529 1871 627 1909 atque
647 1865 880 1910 praesidentes.

439 1920 455 1963 ἓ
479 1919 511 1951 4.
531 1920 601 1952 Non
617 1918 821 1952 obstantibus
836 1917 1021 1962 praemissis
1041 1928 1076 1950 ac
1093 1928 1149 1950 no-

395 1978 460 2006 stra
484 1973 524 2005 de
550 1972 762 2015 indulgentiis
793 1972 833 2004 ad
862 1973 963 2004 instar
983 1981 1047 2004 non
1069 1981 1148 2004 con-

395 2026 560 2065 cedendis,
585 2032 613 2059 et
636 2025 801 2069 quibusvis
822 2025 892 2058 aliis
913 2024 1150 2058 constitutioni-

394 2081 455 2114 bus
471 2086 501 2114 et
517 2079 779 2113 ordinationibus
799 2078 996 2122 apostolicis.
1020 2078 1150 2112 ceteris-

395 2145 457 2178 que
483 2133 654 2167 contrariis
683 2133 958 2177 quibuscumque.
991 2132 1148 2165 Praesen-

397 2188 481 2221 tibus
501 2187 667 2233 perpetuis
687 2186 803 2220 futuris
839 2186 1041 2230 temporibus
1072 2185 1150 2218 vali-

396 2241 489 2275 turis.

441 2295 455 2338 §
472 2295 505 2328 5.
521 2294 677 2328 Volumus
698 2300 807 2327 autem
827 2293 913 2337 quod
931 2292 1150 2336 praesentium

396 2348 622 2392 transumptis,
655 2358 754 2380 manu
775 2346 913 2380 alicuius
934 2345 1052 2379 notarii
1077 2345 1152 2379 sub—

397 2401 535 2445 scriptis,
559 2407 590 2434 et
614 2401 720 2444 sigillo
736 2411 796 2445 pro
821 2406 967 2444 tempore
988 2399 1152 2433 existentis

398 2455 537 2487 ministri
557 2455 605 2488 vel
631 2454 844 2488 commissarii
865 2453 1025 2495 generalis
1056 2452 1150 2486 Ordi-

397 2503 447 2537 nis
466 2504 603 2536 fratrum
620 2503 781 2536 Minorum
794 2503 833 2535 de
860 2501 1069 2535 Observantia
1091 2501 1152 2534 hu-

397 2552 536 2586 iusmodi
550 2553 599 2585 vel
620 2552 759 2585 cuiusvis
777 2561 933 2594 personae
951 2551 983 2584 in
995 2550 1151 2593 dignitate

397 2601 614 2635 ecclesiastica
639 2601 832 2634 constitutae
857 2606 911 2632 aut
929 2599 1076 2632 canonici
1095 2598 1151 2631 ali—

396 2651 491 2684 euius
519 2650 711 2683 cathedralis
737 2649 890 2683 ecclesiae.
923 2649 1068 2684 munitis,
1100 2659 1151 2681 ea-

395 2699 469 2734 dem
489 2709 622 2745 prorsus
641 2698 721 2733 fides
742 2697 935 2732 adhiheatur
954 2697 1076 2741 ubique
1104 2698 1151 2731 Io-

1184 479 1254 506 rent
1273 473 1432 506 exhibitae
1447 474 1493 506 vel
1511 478 1669 506 ostensae.

1228 527 1343 559 Datum
1375 526 1496 559 Romae
1525 526 1610 569 apiid
1637 526 1667 559 S.
1698 526 1851 565 Marcum,
1877 526 1937 558 sub

1185 581 1305 612 annulo
1355 579 1546 619 piscatoris,
1594 579 1646 611 die
1692 588 1763 611 xxlx
1810 579 1937 622 augusti

1185 642 1364 673 iianxxvil,
1387 633 1594 676 pontificatus
1609 632 1710 664 nostri
1726 642 1869 665 annom.

1226 690 1287 720 Dat.
1311 691 1358 721 die
1376 690 1414 720 ⁹20
1431 700 1501 728 aug.
1524 690 1610 727 1587,
1632 689 1736 727 pontif.
1756 699 1833 719 anno
1851 698 1894 719 111.

1517 849 1607 882 XXV.

1188 919 1402 961 Confirnmtio
1435 920 1732 952 dismembrationis
1760 921 1871 963 oppidi·
1903 922 1940 954 de

1231 973 1345 1004 Teruel
1364 974 1403 1005 ab
1423 974 1701 1017 arel«iepiscopult(
1719 973 1942 1017 Caesarumqu-

1230 1027 1389 1065 slauensi,
1412 1026 1500 1058 illius
1519 1027 1688 1059 erectionis
1717 1027 1749 1058 in
1775 1028 1942 1060 cit-itatem

1952 313 2005 340 An.
2017 311 2046 339 C.
2068 312 2136 339 1587

1232 1083 1260 1110 el
1281 1079 1461 1118 dioecesim,
1489 1090 1612 1112 newtonv
1635 1084 1834 1113 statutorum
1858 1091 1940 1114 mm-
1965 1115 1971 1119 ,

1232 1132 1408 1171 nullorum,
1431 1143 1511 1175 quae
1525 1133 1670 1165 Nanctus
1688 1133 1890 1176 Apostolicus
1909 1145 1940 1167 e-

1232 1185 1372 1223 diderat,
1393 1186 1506 1229 qm'bzcs
1531 1196 1631 1219 norae
1651 1187 1820 1220 addunt-m·
1839 1188 1942 1221 decla-

1233 1240 1377 1272 rationes
1400 1240 1424 1271 ¹.

1210 1320 1307 1348 Sixtus
1323 1320 1393 1355 Papa
1412 1320 1442 1355 V,
1459 1321 1492 1348 ad
1511 1321 1675 1356 perpetuam
1689 1321 1729 1349 rei
1748 1322 1918 1354 memoriam.

1232 1400 1266 1432 In
1286 1400 1540 1444 supereminenti
1565 1400 1761 1444 apostolicae
1778 1401 1943 1444 dignitatis

1189 1454 1334 1496 specula,
1362 1454 1485 1486 meritis
1510 1454 1581 1487 licet
1619 1454 1810 1498 imparibus,
1837 1455 1943 1489 divina

1190 1507 1379 1550 disponente.
1405 1508 1588 1545 clementia,
1626 1507 1801 1546 sublimati,
1834 1509 1874 1542 ad
1906 1520 1944 1542 ea

1190 1571 1248 1604 per
1259 1572 1340 1604 quae
1352 1561 1562 1594 eeclesiarum
1572 1561 1840 1604 quarumlibet,et
1851 1572 1944 1605 prae-

1190 1614 1300 1648 sertim
1317 1614 1552 1647 cathedralium
1573 1613 1761 1656 insignium,
1778 1625 1815 1647 ac
1834 1625 1944 1658 perso-

1190 1678 1305 1700 narum
1329 1668 1360 1700 111
1382 1667 1444 1700 11115
1470 1667 1669 1711 degentium,
1701 1668 1873 1711 profectui,
1907 1679 1944 1701 ac

1190 1721 1287 1754 divini
1310 1722 1417 1754 cultus
1436 1727 1636 1764 augumento
1674 1726 1707 1754 et
1731 1722 1841 1755 decori
1868 1732 1944 1756 con-

1190 1774 1320 1814 sulitur,
1345 1775 1489 1819 operosis
1519 1775 1631 1807 studiis
1665 1781 1693 1808 et
1719 1775 1874 1809 remediis
1896 1775 1945 1808 in-

1190 1828 1365 1867 tendimus,
1399 1840 1434 1861 ae
1464 1829 1542 1861 alias
1566 1829 1707 1873 desuper
1726 1826 1941 1872 disponimus,

1192 1888 1300 1925 prout,
1323 1882 1471 1915 locorum
1497 1888 1528 1915 et
1562 1893 1670 1915 rerum
1698 1893 1735 1914 ac
1760 1887 1944 1925 temporum

1192 1935 1442 1970 circumstantiis
1481 1935 1586 1968 debite
1624 1935 1767 1979 pensatis
1788 1962 1796 1974 ,
1833 1935 1863 1967 id
1912 1935 1945 1967 in

1191 1990 1328 2022 Domino
1348 1989 1570 2033 conspicimus
1591 1989 1766 2022 salubriter
1777 1989 1941 2032 expedire.

1235 2044 1250 2086 ξ
1270 2043 1301 2076 1.
1325 2043 1407 2076 Sane
1434 2054 1493 2087 pro
1518 2048 1609 2086 parte
1627 2043 1787 2076 carissimi
1804 2042 1837 2076 in
1853 2042 1945 2076 Chri·

1192 2103 1239 2130 sto
1254 2097 1311 2130 filii
1332 2097 1433 2130 nostri
1454 2095 1595 2139 Philippi
1609 2096 1842 2140 Hispaniarum
1858 2106 1945 2139 regis

1193 2151 1343 2185 catholici
1360 2150 1453 2183 nobis
1468 2161 1574 2195 nuper
1592 2150 1734 2183 exhibita
1742 2149 1857 2194 petitio
1870 2160 1945 2183 con-

1193 2205 1311 2238 tinebat
1337 2205 1436 2248 quod,
1453 2215 1526 2237 cum
1539 2203 1615 2237 alias
1627 2203 1726 2236 felicis
1745 2203 1945 2237 reeordatio-

1193 2260 1241 2291 nis
1259 2258 1434 2301 Gregorius
1446 2258 1533 2301 Papa
1546 2257 1625 2294 XIII,
1646 2256 1877 2301 praedecessor
1889 2267 1947 2291 no-

1193 2318 1257 2346 ster
1276 2312 1422 2345 eiusdem
1442 2311 1583 2355 Philippi
1601 2310 1685 2354 regis
1700 2310 1947 2355 supplicationi-

1192 2367 1254 2399 bus
1274 2365 1458 2403 inclinatus‚
1482 2370 1513 2397 et
1533 2375 1570 2397 ex
1590 2364 1697 2397 causis
1716 2369 1794 2397 tunc
1819 2374 1947 2408 expres-

1193 2420 1248 2459 sis,
1274 2419 1314 2452 ab
1340 2419 1476 2452 ecclesia
1508 2423 1539 2451 et
1563 2417 1702 2451 dioecesi
1728 2416 1946 2461 Caesaraugu-

1193 2478 1294 2508 stana.
1318 2472 1405 2505 illius
1423 2478 1501 2505 tunc
1516 2471 1590 2504 sede
1604 2470 1874 2515 archiepiscopali
1894 2480 1947 2503 va-

1194 2532 1299 2567 cante,
1330 2526 1368 2559 de
1397 2525 1507 2558 Tei-net
1530 2525 1656 2569 aliaque
1677 2524 1798 2569 oppida
1826 2528 1857 2557 et
1874 2524 1945 2557 loca

1193 2580 1225 2613 in
1246 2580 1396 2613 districtu
1417 2578 1714 2622 Caesaraugustano
1738 2577 1944 2610 consistentia

1193 2640 1222 2667 et
1244 2633 1306 2666 alia
1326 2638 1401 2665 tunc
1421 2631 1518 2664 latius
1538 2641 1699 2674 expressa,
1734 2630 1774 2663 ad
1798 2639 1943 2662 mensam

1229 2706 1240 2732 t
1257 2703 1301 2732 Ex
1315 2704 1426 2739 aegest.
1444 2703 1473 2731 in
1487 2702 1593 2732 Secret.
1612 2700 1755 2731 Brevium.

2017 1405 2142 1426 Sollicitudo

1959 1436 2070 1458 pontificis
2095 1437 2143 1457 iun

1958 1468 2102 1489 eeclesiarum
2112 1470 2142 1488 tu-

1958 1499 2017 1520 endi.

1970 2047 2088 2072 Granni-ius
2095 2047 2142 2069 xm

1920 2096 1926 2102 .
1957 2079 2072 2100 eeclesiam
2094 2080 2143 2106 epi·

1958 2109 2066 2137 §copulem
2080 2109 2146 2131 Toru-

1959 2141 2041 2162 tennm
2069 2145 2144 2162 erexe-

1959 2175 2000 2197 rat,
2026 2172 2144 2192 constituta

1959 2203 2028 2224 eidem
2049 2203 2099 2223 doio
2121 2205 2144 2223 et

1960 2234 2064 2255 dioecesi.
