2226 3070
67 284 118 310 An.
137 282 165 309 C.
185 282 251 310 1590

101 776 185 796 Erectio
201 776 253 796 bur-

72 809 89 833 gi
100 807 184 830 Felicis,

926 286 1030 310 sIXTUS
1051 287 1067 309 V
1089 287 1134 309 Pr.

264 345 432 388 quesitum
454 346 628 389 privilegiis
642 354 670 379 et
690 347 800 389 gratiis
813 348 1013 382 ‹lieet-oratum.

267 398 297 430 in
311 398 450 441 burgum
474 399 611 431 Felicem
634 399 739 432 Sancti
755 400 906 433 Beruardi
931 411 1013 433 nun-

266 453 452 495 cupandum
478 452 570 496 erigi,
599 453 690 485 nobis
707 453 874 486 humiliter
893 455 1013 498 suppli-

266 506 331 538 cari
352 506 510 547 fecerunt,
537 513 697 550 quatenus
713 518 825 540 eorum
855 508 1015 541 desiderio

267 559 452 593 huiusmodi
491 570 647 600 annuere,
682 561 826 605 aliasque
859 561 891 594 in
926 572 1016 605 prae-

267 612 370 646 missis
389 619 573 656 opportune
586 613 754 657 providere
766 615 805 647 de
820 615 1016 658 benignitate

267 666 443 710 apostolica
463 666 682 709 dignaremur.

312 720 326 763 ξ
355 719 385 752 ἓ.
423 720 498 759 Nos,
526 725 558 752 ut
591 720 622 752 in
653 720 757 753 Monte
786 721 956 761 Quirinali,
988 728 1014 754 et

267 773 353 816 apud
371 773 517 807 eamdem
528 773 610 806 viam
624 774 762 807 Felicem
786 786 842 818 per
855 785 912 808 nos
927 775 1019 807 annis

267 826 449 870 praeteritis
473 832 629 871 apertam,
665 828 757 871 quasi
795 838 874 860 nova
909 828 1017 860 civitas

268 885 488 920 construatur,
515 891 551 913 ac
573 887 745 924 propterea
770 881 918 914 homines
940 881 1017 914 inibi

269 943 327 977 pro
352 938 498 978 tempore
527 934 708 968 habitantes
728 945 784 967 seu
811 935 1019 968 aedificantes

269 986 463 1031 specialibus
492 987 656 1022 favoribus
686 994 718 1021 et
748 988 860 1032 gratiis
886 989 1019 1022 invitare

269 1041 421 1081 volentes,
448 1052 485 1074 ac
519 1041 624 1075 dictae
654 1042 756 1076 vineae
790 1042 960 1086 qualitates
990 1048 1019 1076 et

269 1105 359 1128 veros
378 1105 503 1128 annuos
529 1096 652 1129 valeres
676 1107 713 1129 ac
742 1097 943 1139 singulorum
971 1097 1019 1129 in—

269 1154 522 1182 strumentorum
552 1156 581 1182 et
614 1150 851 1194 seripturarum
882 1151 1022 1194 desuper

270 1203 376 1234 forsan
411 1202 632 1236 confectarum
662 1203 867 1248 aliorumque
894 1205 932 1237 de
969 1215 1022 1238 ne-

270 1254 416 1288 cessitate
437 1256 723 1299 exprimendorum
746 1263 776 1291 et
802 1258 876 1291 inde
897 1264 1022 1292 secute-

271 1319 341 1341 rum
372 1319 657 1353 (piorumcumque
682 1317 828 1351 tenores,
857 1312 952 1345 etiam
973 1323 1022 1345 ve-

271 1362 383 1402 riores,
405 1364 630 1406 praesentibus
653 1375 711 1408 pro
724 1365 881 1408 expressis
902 1367 1022 1399 liaben-

272 1422 328 1455 tes‚
351 1416 538 1450 huiusmodi
551 1417 843 1461 supplicationiluis
865 1419 1021 1459 inclinati,

269 1470 467 1513 emptionem
489 1471 593 1504 dictae.
609 1471 720 1513 vineae,
744 1484 899 1506 censuum
917 1474 1021 1517 impo-

269 1523 413 1564 sitiones,
450 1524 664 1562 venditiones,
692 1525 929 1567 fideiussiones,
971 1538 1021 1560 re-

270 1576 472 1620 cognitiones
505 1578 609 1611 bonae
643 1579 730 1619 fidei,
767 1590 893 1613 necnon
926 1581 1019 1613 etiam

270 1631 374 1664 dictae
400 1631 498 1665 vineze
523 1632 706 1673 divisiones,
734 1634 946 1674 venditiones,
988 1635 1022 1667 li-

270 1686 364 1719 beras
384 1686 621 1724 concessiones,
646 1687 741 1720 etiam
765 1688 794 1720 in
830 1689 1021 1733 emphyteu-

270 1739 328 1772 sim
350 1739 448 1773 factas
472 1746 503 1773 et
537 1741 711 1782 faciendas,
741 1742 801 1774 sub
826 1743 926 1786 pactis
948 1743 1023 1775 bine

271 1792 343 1825 inde
368 1794 534 1827 conventis
555 1800 585 1827 et
605 1795 849 1836 conveniendis,
879 1808 916 1829 ac
947 1808 1021 1829 cum

270 1846 422 1879 omnibus
448 1846 522 1880 indc
547 1848 677 1888 secutis,
709 1849 886 1892 apostolica
914 1856 1023 1883 auctos

271 1900 375 1938 ritate,
396 1907 506 1934 tenore
539 1903 771 1945 praesentium,
805 1904 1022 1947 approbamus

269 1964 307 1986 ac
331 1953 585 1995 confirmamus3
621 1966 658 1989 ac
685 1967 798 1990 omnes
819 1964 849 1989 et
878 1957 1023 2000 singulos

271 2012 334 2040 tam
357 2007 435 2040 iuris
469 2019 566 2052 quam
588 2009 661 2042 sacti
696 2020 733 2043 ac
767 2011 1019 2052 solemnitatum,

270 2071 562 2106 quarumcumque,
594 2064 690 2096 etiam
716 2064 754 2097 de
783 2064 865 2106 iure,
899 2071 951 2098 aut
986 2077 1021 2099 ex

272 2114 373 2148 forma
397 2121 593 2150 statutorum
623 2117 727 2151 dictae
753 2119 847 2152 Urbis
868 2120 915 2152 vel
943 2120 1022 2152 alias

272 2169 515 2209 quomodolibet
527 2171 756 2214 requisiturum
769 2177 799 2205 et
810 2173 1019 2213 emissarum,

272 2220 413 2264 aliosque
432 2223 588 2265 defectus,
611 2225 636 2258 si
662 2225 716 2267 qui
749 2226 855 2258 forsan
881 2226 1021 2260 interve-

273 2274 377 2307 nerint
397 2276 429 2308 in
458 2277 589 2317 eisdem,
620 2279 831 2321 snpplemus;
857 2279 1023 2323 dictasque

273 2328 452 2371 emptiones
475 2331 596 2364 validas
617 2337 648 2364 et
681 2332 763 2365 bene
792 2333 890 2365 factas
925 2334 1022 2368 fuisse

273 2386 303 2413 ct
336 2391 403 2415 csse
436 2384 652 2423 declaramus,
683 2385 868 2428 dictamque
898 2386 1020 2419 vineam

273 2444 346 2466 cum
368 2435 426 2468 viis
448 2437 588 2480 publicis
603 2444 748 2480 apertam
774 2443 800 2471 el
824 2438 968 2480 divisam,
991 2440 1022 2473 in

273 2482 412 2525 burgum
433 2484 570 2518 Felicem
593 2486 626 2518 S.
648 2486 802 2519 Bernardi
829 2498 1021 2532 nuncupan—

271 2533 360 2572 dum,
381 2535 570 2567 auctoritate
588 2541 619 2568 et
639 2540 751 2569 tenore
764 2537 936 2580 praedictis
949 2549 1021 2581 per·

273 2587 368 2625 petuo
388 2582 543 2625 erigimus
561 2589 589 2616 et
607 2583 816 2618 instituimus.

315 2631 330 2673 ᾗ
354 2630 386 2663 3.
413 2632 527 2675 lllique
548 2632 594 2665 sic
620 2638 727 2666 erecto
760 2639 793 2666 et
822 2635 968 2668 instituto
986 2646 1023 2668 ac

271 2680 421 2714 omnibus
443 2681 614 2726 utriusque
634 2693 727 2717 sexus
738 2684 896 2728 personis,
911 2685 1020 2720 euius-

1700 278 1762 310 189

1057 350 1195 382 ruraque,
1217 345 1328 379 slatus,
1356 340 1485 381 gnidus,
1509 340 1631 372 ordinis
1657 342 1702 372 rel
1730 352 1806 373 ron-

1057 392 1187 424 ‹litionis
1209 392 1429 433 existentibus,
1454 393 1483 425 in
1499 404 1536 426 eo
1550 399 1581 426 et
1602 399 1664 426 tota
1687 394 1734 426 ria
1756 382 1828 432 l'iai

1822 289 1873 314 An.
1891 289 1918 313 C.
1942 289 2006 316 1590

1850 349 1962 373 lhiviteffl
1978 350 2006 369 ta.

1831 381 1948 400 meantium
1971 381 2004 401 vel

1831 414 1961 433 ialiitanlium
1985 414 2004 432 iu

1058 452 1256 490 muncupata,
1280 458 1383 490 usque
1415 448 1453 479 ad
1486 454 1611 491 portani
1638 448 1738 488 Pium,
1771 460 1807 482 ae
1825 450 1857 465 ⁰⁰·

1058 500 1154 533 etiam
1176 500 1206 533 in
1231 501 1290 533 alis
1310 500 1367 533 viis
1393 511 1495 545 prope
1525 507 1556 534 et
1586 501 1672 533 cirea
1697 513 1810 545 supra-

1058 554 1157 587 dictas
1183 555 1290 587 forsan
1324 554 1518 599 aperiendis,
1559 566 1646 588 nunc
1685 565 1717 588 et
1751 567 1810 600 pro

1059 614 1203 651 tempore
1234 608 1465 641 fabricantibus
1496 609 1542 641 vel
1567 609 1808 650 babitantilms,

1059 661 1167 693 onmia
1194 667 1222 693 et
1249 661 1374 704 singula
1401 662 1578 705 privilegia,
1606 663 1736 705 gratias,
1764 663 1810 696 sa—

1060 724 1152 746 vores
1172 721 1201 747 et
1213 715 1449 758 praerogativas
1461 726 1496 748 ac
1511 716 1647 757 indulta,
1662 717 1812 750 domibus

1061 774 1087 799 et
1110 768 1266 800 aediliciis
1292 770 1372 801 faeta
1393 775 1421 801 el
1445 770 1562 807 tienda,
1588 781 1624 802 ac
1650 771 1810 804 fabrican-

1061 821 1144 853 tibus
1170 828 1198 854 et
1221 822 1440 855 habitantibus
1461 823 1492 855 in
1521 824 1626 857 Monte
1656 824 1811 864 Quirinali

1061 881 1091 908 et
1116 875 1147 908 in
1166 875 1213 907 via
1234 875 1331 908 Felici
1357 887 1414 919 per
1429 877 1507 910 alias
1528 883 1653 911 nostras
1677 878 1811 919 litteras,

1061 929 1120 961 sub
1153 929 1263 962 datum
1294 929 1441 962 videlicet
1472 931 1579 964 idibus
1607 932 1811 975 septembris,

1062 983 1269 1026 pontificatus
1290 984 1391 1016 nostri
1417 995 1501 1017 anno
1524 986 1617 1018 tertio
1631 997 1810 1028 concessas,

1062 1037 1182 1069 eisdem
1208 1038 1400 1071 auctoritate
1433 1045 1463 1072 et
1493 1044 1616 1080 tenore,
1656 1047 1812 1084 perpetuo

1063 1091 1284 1133 concedimus3
1296 1103 1398 1136 eaque
1411 1093 1520 1126 omnia
1536 1099 1567 1126 ct
1583 1093 1721 1136 singula,
1741 1096 1812 1128 acsi

1064 1145 1286 1188 praesentibus
1305 1157 1452 1191 expressa
1473 1158 1509 1180 ae
1530 1147 1678 1181 deverbo
1695 1149 1735 1181 ad
1748 1160 1814 1182 ver-

1063 1199 1140 1231 bum
1159 1199 1279 1232 inserta
1295 1200 1442 1241 fuissent,
1465 1201 1504 1233 ad
1532 1201 1651 1234 dictum
1674 1202 1813 1245 burgum

1064 1253 1202 1286 Felicem
1224 1254 1440 1295 S.Berna1·tti‚
1461 1261 1490 1288 et
1508 1255 1538 1287 iu
1558 1266 1607 1293 eo,
1623 1267 1660 1289 ac
1681 1262 1746 1290 tota
1767 1257 1814 1289 via

1064 1307 1117 1340 Pia
1143 1319 1245 1352 usquc
1274 1309 1313 1341 ad
1350 1315 1474 1353 portam
1507 1309 1606 1351 Piam,
1626 1311 1813 1354 huiusmodi

1066 1361 1259 1395 fabricantes
1279 1368 1308 1395 et
1325 1363 1505 1396 habitantes
1543 1364 1757 1405 extendimus,
1782 1365 1815 1397 il-

1065 1415 1167 1459 lisque
1185 1416 1337 1449 omnibus
1357 1422 1387 1449 et
1416 1417 1551 1460 singulis
1572 1418 1630 1458 uti,
1658 1418 1733 1458 frui,
1757 1430 1814 1463 po-

1066 1469 1116 1502 tiri
1131 1475 1161 1502 et
1177 1470 1317 1512 gaudere
1338 1481 1443 1513 posse,
1460 1472 1608 1505 volumus
1629 1478 1658 1505 et
1670 1472 1814 1506 declara—

1066 1534 1149 1563 mus,
1175 1529 1273 1567 atque
1290 1524 1507 1558 decernimus.

1108 1577 1123 1620 ξ
1156 1577 1186 1609 4.
1224 1578 1393 1611 Praeterea
1419 1578 1520 1622 ipsius
1545 1579 1815 1613 confraternitatis

1065 1631 1177 1674 priori,
1196 1631 1385 1664 custodibus
1407 1637 1437 1664 et
1457 1632 1651 1665 officialibus
1678 1644 1763 1666 nuuc
1785 1641 1812 1666 et

1066 1696 1124 1728 pro
1159 1691 1305 1729 tempore
1332 1686 1552 1725 existentibus,
1589 1697 1815 1731 quaecumque

1064 1738 1127 1771 alia
1148 1739 1230 1771 bona
1252 1739 1379 1771 stabilia
1401 1746 1431 1772 et
1451 1739 1631 1773 immobilia
1648 1752 1703 1773 seu
1724 1741 1814 1784 quasi

1064 1792 1202 1833 stabilia,
1215 1793 1451 1838 cuiuscumque
1464 1794 1627 1838 qualitatis
1639 1801 1667 1827 et
1684 1795 1813 1836 valoris,

1065 1853 1096 1879 et
1120 1847 1152 1879 in
1173 1857 1379 1891 quocumque
1396 1849 1466 1881 loco
1485 1848 1662 1889 existentia,
1680 1849 1720 1882 ad
1741 1860 1816 1882 con-

1065 1901 1311 1941 fraternitatem,
1331 1903 1566 1935 inonasteritnn
1592 1908 1622 1936 et
1642 1903 1814 1947 collegium

1064 1955 1252 1988 huiusmodi
1273 1955 1518 1999 quomodolibet
1537 1957 1728 2001 spectantia,
1758 1968 1816 2001 pro

1064 2009 1168 2053 pretio
1189 2009 1237 2042 vel
1267 2009 1388 2050 affiatu,
1411 2020 1447 2042 ac
1473 2010 1533 2043 sub
1556 2010 1658 2054 pactis
1683 2016 1713 2043 et
1738 2022 1815 2044 con—

1064 2062 1242 2096 ditionibus
1262 2063 1339 2095 hinc
1358 2063 1433 2096 inde
1449 2063 1690 2104 conveniendis,
1704 2064 1736 2097 in
1752 2075 1816 2097 em-

1065 2115 1248 2160 phyteusim
1270 2126 1326 2149 seu
1339 2116 1378 2149 ad
1397 2117 1538 2150 livellum
1551 2123 1606 2150 aut
1621 2118 1814 2151 locationem

1064 2169 1102 2202 ad
1122 2170 1253 2213 longum
1280 2171 1328 2203 vel
1357 2171 1446 2203 aliud
1477 2176 1602 2215 tempus
1623 2172 1814 2209 concederc;

1065 2236 1101 2256 ac
1135 2224 1292 2267 pecuniae
1318 2225 1392 2258 inde
1417 2225 1611 2268 redigendae
1647 2226 1679 2259 in
1713 2226 1815 2259 extin-

1065 2278 1205 2310 ctionem
1227 2289 1383 2311 censuum
1400 2290 1459 2322 pro
1475 2280 1636 2313 solutione
1654 2280 1814 2313 dictorum

1065 2331 1251 2373 quindecim
1262 2331 1400 2365 millium
1413 2339 1579 2366 scutorum
1590 2334 1815 2378 impositorum

1064 2385 1111 2417 vel
1139 2385 1169 2417 in
1192 2386 1389 2429 emptionem
1409 2387 1548 2420 aliorum
1569 2388 1730 2421 bonorum
1754 2394 1817 2421 sta-

1065 2438 1179 2471 bilium
1202 2439 1232 2471 in
1265 2440 1547 2482 confraternitatis,
1573 2442 1757 2476 monasterii
1787 2448 1814 2475 et

1065 2488 1191 2531 collegii
1203 2489 1444 2532 praedictorum
1467 2491 1675 2524 commodum
1687 2491 1734 2524 vel
1751 2491 1815 2524 uti-

1065 2537 1185 2570 litatem
1198 2545 1399 2580 convertcre‚
1416 2540 1515 2573 libere
1541 2545 1571 2573 ct
1587 2540 1674 2574 licite
1695 2540 1815 2584 possint

1065 2592 1095 2619 et
1119 2587 1255 2628 valcant,
1290 2588 1384 2621 etiam
1414 2589 1622 2622 concedimus
1656 2595 1685 2622 et
1711 2589 1815 2621 indul-

1064 2647 1189 2679 gemus.

1110 2686 1124 2729 ᾗ
1145 2686 1176 2719 5.
1199 2686 1415 2721 Decerncntes
1431 2688 1540 2721 onmia
1557 2693 1587 2721 et
1598 2687 1722 2730 singula
1734 2697 1813 2731 prae-

1858 1591 1952 1612 Facultas
1961 1598 2013 1612 cous

1831 1623 1972 1643 fraternitatis
1993 1625 2006 1642 S

1831 1654 1932 1674 {ternanti
1945 1656 2004 1674 lot-au

1831 1686 1849 1704 ili
1866 1691 2011 1712 quaecumque

1831 1717 1892 1741 hona,
1907 1720 1938 1737 ctu·

2013 1481 2026 1496 ἑ
