2226 3070
47 295 96 322 An.
113 295 143 322 C.
164 294 228 321 1591

97 1150 179 1170 muzae
200 1150 228 1170 sa-

44 1177 133 1197 vienitae
152 1177 228 1197 reinte-

44 1204 151 1229 arationis.

78 2588 234 2613 neintogratin.

51 2615 76 2635 ile
97 2620 138 2641 qua
160 2615 180 2635 in
202 2621 234 2635 ru-

52 2642 116 2661 tui-iva.

846 296 1024 320 GREGORIUS
1044 295 1096 319 XIXv
1117 295 1166 318 1¹1³.

243 343 360 381 nensis,
382 343 421 376 ad
439 343 500 376 hoc
521 350 551 376 ut
575 343 720 387 personis
741 344 865 376 idoneis
883 350 912 377 et
932 344 988 376 be-

243 397 408 430 nemeritis
440 408 496 441 per
526 398 675 431 eumdem
708 399 988 441 praedecessorem

244 455 274 482 et
298 461 499 484 successores
525 462 600 484 suos
629 452 791 484 Romanos
820 451 990 484 Pontifices

245 503 275 535 in
296 510 488 547 perpetuum
509 504 605 536 simul
628 505 675 536 vel
704 505 876 550 separatim
900 515 988 537 com-

245 556 456 594 mitterentur,
474 562 563 589 motu
576 557 708 600 proprio
727 563 755 589 et
777 568 811 589 ex
834 563 920 589 certa
933 568 989 589 sua

244 609 376 642 scientia
396 621 431 643 ac
453 611 492 642 de
513 610 706 653 apostolicae
739 610 901 653 potestatis
921 610 989 653 ple-

244 663 400 701 nitudine,
425 663 700 696 dismemlnaverit
727 669 757 696 et
783 663 986 706 seperaverit,

243 727 280 749 ae
300 716 465 753 unionem,
489 716 513 749 si
535 728 617 760 quae
638 723 729 753 esset.
754 716 990 753 dissolve-rime.

243 769 436 811 gubernium
458 776 484 803 et
519 770 774 803 iurisdictionem
804 769 989 802 huiusmodi

244 832 280 854 ex
301 828 375 855 tunc.
395 829 551 866 perpetuo
581 823 812 856 dismembrata
840 829 869 855 et
897 833 989 866 sepa-

243 882 312 908 rata
330 876 481 909 Gamerae
503 876 704 920 Apostolirae
738 875 991 920 incorporaverit

243 935 275 961 et,
290 929 509 973 applicaverit,
527 935 621 973 prout
641 929 671 962 in
684 929 797 962 litteris
810 929 884 962 dieti
896 939 990 973 prae-

243 983 419 1016 decessoris
441 984 579 1027 desuper
593 984 746 1017 consectis
766 983 892 1027 plenius
913 993 990 1015 con-

244 1041 380 1069 tinetur:

289 1091 305 1131 ξ
327 1089 356 1122 2.
380 1089 465 1127 Nos,
491 1096 609 1123 attente
637 1089 869 1134 prospicientes
889 1087 992 1121 cardi-

244 1143 333 1176 nales
347 1143 435 1187 ipsos
447 1143 594 1176 Romano
607 1143 753 1176 Pontifici
775 1143 806 1175 in
824 1142 992 1184 dirigenda

244 1196 387 1229 Ecclesia
406 1196 579 1237 Catholica,
604 1196 653 1229 cui
675 1202 817 1240 praeest,
842 1195 991 1229 consilia-

244 1249 310 1282 rios
331 1255 362 1282 et
383 1249 587 1282 coadiutores
608 1249 752 1287 existere,
768 1255 798 1282 et
816 1249 847 1282 in
867 1254 991 1293 partem

243 1304 438 1348 apostolieae
459 1303 685 1337 sollicitudinis
705 1304 744 1336 ab
765 1303 992 1337 Altissimovo-

243 1363 330 1390 catos
350 1357 462 1397 fuisse,
487 1368 522 1390 ac
549 1358 649 1401 ipsam
676 1357 854 1390 Ecclesiam
874 1357 992 1389 Roma-

243 1420 329 1447 nam,
342 1410 432 1443 cuius
451 1410 655 1443 honorabilia
674 1410 820 1443 membra
840 1409 987 1445 existunt,

243 1474 376 1496 suorum
412 1464 575 1497 honorare
610 1464 736 1507 plenius
769 1463 991 1505 magnitudine.

244 1518 446 1561 meritorum,
468 1528 526 1550 nec
541 1517 635 1550 alicui
658 1517 786 1560 dignius
807 1528 904 1560 quani
926 1516 992 1560 epi-

243 1582 342 1616 seopo
373 1571 508 1605 Ostiensi
538 1571 636 1615 ipsius
665 1571 745 1604 sacri
776 1570 906 1612 Collegii
938 1570 992 1603 de-

244 1636 325 1658 cano
356 1636 414 1669 pro
443 1631 589 1669 tempore
620 1625 781 1662 existenti,
806 1623 990 1657 huiusmodi

244 1679 437 1720 gubernium
458 1684 486 1711 et
510 1678 765 1712 iurisdietionem
779 1679 990 1721 temporalem

245 1732 401 1765 committi
442 1743 556 1776 posse:
595 1733 683 1775 quod
723 1731 818 1764 etiam
858 1731 989 1775 ipsemet

245 1785 349 1818 Sixtus
369 1786 599 1829 praedecessor
619 1791 727 1818 noster
747 1790 817 1829 post
839 1785 991 1817 dismem-

245 1838 424 1871 brationem
446 1839 560 1871 factam
589 1838 745 1882 perspexit
763 1866 769 1876 ,
791 1849 864 1870 cum
886 1837 992 1870 statim

245 1893 467 1926 omnimodam
490 1892 762 1930 iurisdictionem,
786 1891 991 1924 administra-

245 1948 365 1980 tionem
398 1954 427 1980 et
454 1947 648 1988 ¹eubernium
677 1946 782 1990 ipsum
815 1946 992 1989 temporale

246 2001 428 2044 praedictae
459 2000 593 2034 civitatis
628 1999 853 2033 Veliternensis
888 1999 992 2031 bonae

246 2054 689 2088 memoriaeIoanniAntonio
700 2053 992 2098 episcopoOstiensi
1009 2074 1011 2089 t

246 2114 277 2142 et
296 2109 517 2146 Veliternensh
542 2108 696 2141 cardinali
717 2108 747 2140 S.
771 2107 910 2148 Georgii,
933 2107 992 2139 sul»

248 2162 342 2194 certis
355 2162 452 2195 modo
466 2168 494 2194 et
510 2162 613 2194 forma
634 2167 709 2194 tnnc
722 2160 888 2205 expressis,
906 2170 993 2193 com-

249 2214 384 2250 miserit:
408 2225 444 2247 ac
466 2214 621 2258 denique,
646 2225 682 2247 ex
704 2213 913 2246 concessione
934 2224 1011 2258 :Ul-1

249 2267 351 2300 bernii
381 2267 567 2300 huiusmodi
595 2267 737 2300 civitates
772 2272 802 2299 et
832 2266 994 2299 dioeceses

248 2320 423 2353 Ostiensem
446 2326 476 2353 et
489 2321 740 2353 Veliternensem
761 2329 909 2361 magnam
932 2319 1013 2354 uti-¹¹

249 2373 368 2406 litatem
387 2373 518 2406 omnino
538 2379 744 2417 percepturas
765 2382 832 2404 esse
855 2372 995 2404 sentien-
1012 2405 1014 2417 ζ

250 2433 312 2465 tes,
351 2427 509 2459 dictarum
535 2427 713 2459 litterarum
747 2432 872 2458 tenores
905 2436 995 2469 prae·
1012 2434 1015 2471 t,

248 2480 392 2513 sentibus
411 2491 469 2524 pro
491 2480 646 2524 expressis
666 2480 841 2512 babentes:
1013 2473 1015 2487 ’

295 2536 310 2576 ξ
331 2533 361 2566 3.
386 2535 471 2567 Motu
507 2534 658 2577 proprio,
682 2544 747 2566 non
785 2534 825 2566 ad
862 2533 1016 2565 alieuins1

249 2587 419 2630 superboc
440 2587 532 2620 nobis
554 2587 680 2619 oblatae.
700 2586 863 2630 petitionis
878 2586 998 2618 instan-

252 2640 337 2681 tiam,
362 2641 418 2673 sed
439 2651 474 2673 ex
496 2646 582 2673 certa
604 2645 711 2672 nostra
731 2639 864 2673 scientia
893 2650 928 2672 ac
960 2640 999 2672 de

250 2695 444 2738 apostolicae
483 2693 646 2738 potestatis
685 2693 898 2736 plenitudine,
935 2682 1017 2726 dis-¹

336 2757 414 2784 Ball.
437 2758 518 2785 Rom.
542 2757 601 2784 Vol.
623 2756 665 2783 IX
912 2755 942 2782 51

1669 282 1727 315 [tort

1025 342 1308 378 memlnationem,
1344 341 1595 385 separationem,
1631 341 1767 373 dissolu-

1025 397 1156 433 tionem,
1173 396 1464 440 imorporationem
1479 401 1506 427 ct
1521 394 1767 438 applicationem

1025 460 1149 482 necnon
1179 450 1298 482 litteras
1331 448 1508 493 praedictas
1541 460 1576 480 at·
1609 447 1717 480 onmia
1739 454 1766 479 et

1024 503 1148 545 singula
1171 503 1200 535 in
1218 503 1262 535 eis
1283 509 1443 539 contenta,
1461 502 1636 545 apostolica
1659 508 1769 534 aucm-

1025 556 1127 592 ritate,
1152 562 1262 588 tenore
1285 555 1500 599 praesentiunt
1517 582 1523 591 ,
1548 560 1703 598 perpetuo
1722 566 1770 586 re—

1026 620 1191 645 vocamus,
1226 620 1407 646 cassamus,
1432 609 1637 641 annullamus
1668 613 1694 640 et
1729 607 1769 639 ir-

1024 663 1173 700 ritamus,
1209 674 1243 695 ac
1277 669 1444 699 revocata,
1469 668 1590 694 cassata
1620 667 1647 693 et
1683 661 1771 693 irrita

1026 715 1208 758 nulliusque
1230 716 1354 748 roboris
1376 716 1423 748 vel
1444 715 1599 748 momenti
1625 714 1719 746 t'uisse
1741 721 1767 746 et

1137 769 1281 811 nullique
1312 779 1442 811 prorsus
1480 767 1647 807 sull'raeari
1678 777 1770 810 posse

1025 832 1078 853 seu
1113 821 1229 853 debere
1256 821 1469 853 decernimus.
1494 821 1686 863 Eisdemque
1717 830 1768 851 ec-

1025 779 1092 800 esse
1107 796 1113 805 ,

1026 874 1129 906 clesiis
1150 874 1283 907 Ostiensi
1303 881 1330 907 et
1350 874 1559 907 Veliternensi
1577 873 1768 913 gubernium

1026 934 1053 959 et
1076 927 1297 961 omnimodam
1329 928 1581 960 iurisdictionem
1612 933 1771 970 winpora-

1026 981 1087 1013 lem
1117 981 1278 1014 civitatum
1309 981 1460 1014 Ostiensis
1487 987 1514 1013 et
1548 980 1771 1012 Veliternensis

1026 1035 1275 1078 praedictarum,
1300 1046 1373 1067 cum
1399 1034 1550 1066 omnibus
1582 1040 1610 1066 et
1638 1034 1772 1075 singulis

1026 1088 1164 1125 arcibus,
1186 1088 1354 1124 fortalitiis,
1379 1087 1516 1131 palatiis,
1538 1086 1638 1119 hortis
1666 1086 1771 1119 omni-

1026 1141 1150 1184 busque
1178 1141 1247 1173 aliis
1280 1140 1418 1177 iuribus,
1443 1140 1659 1184 pertinentiis,
1684 1139 1772 1171 ailia-

1027 1195 1139 1227 ‹Jentiis
1164 1200 1194 1228 et
1223 1194 1354 1227 annexis
1379 1194 1654 1237 quibuscui‘nque,
1678 1199 1770 1236 prout

1027 1247 1167 1291 episcopi
1193 1247 1351 1280 Ostienses
1379 1253 1407 1279 et
1436 1247 1669 1279 Veliternenses
1701 1252 1773 1278 ante

1027 1301 1346 1333 dismembrationem
1370 1305 1399 1332 et
1420 1299 1574 1332 unionem
1601 1298 1676 1331 dicti
1698 1298 1772 1332 Sixti

1027 1355 1282 1398 praedecessoris
1303 1354 1455 1397 gaudere,
1480 1353 1540 1385 frui
1559 1359 1587 1386 et
1609 1352 1773 1396 possidere

1026 1409 1183 1447 solebant,
1207 1419 1243 1441 ae
1275 1408 1306 1440 in
1337 1407 1508 1451 pristinum
1529 1412 1560 1439 et
1580 1406 1610 1438 in
1632 1417 1717 1443 eum,
1742 1406 1772 1437 in

1027 1473 1090 1505 quo
1109 1468 1182 1494 ante
1203 1461 1380 1505 praemissa
1401 1460 1645 1504 quomodolibet
1668 1465 1770 1496 erant,

1026 1522 1142 1548 statum
1161 1514 1566 1558 restituimus,reponimus
1581 1519 1609 1546 et
1630 1513 1774 1557 plenarie

1026 1570 1270 1611 reintegramus,
1297 1569 1375 1601 itant
1394 1578 1480 1600 nunc
1502 1574 1529 1600 et
1548 1578 1607 1611 pro
1629 1573 1773 1610 tempore

1027 1624 1162 1656 existens
1175 1623 1315 1656 decanus
1337 1628 1365 1654 et
1387 1622 1557 1665 episcopus
1577 1620 1729 1653 Ostiensis·
1744 1627 1773 1652 et

1029 1676 1253 1709 Veliternensis
1274 1675 1469 1717 gubernium
1491 1680 1519 1707 et
1551 1674 1772 1706 omnimodam

1028 1731 1281 1764 iurisdictionem
1314 1727 1473 1763 dictarum
1500 1729 1675 1764 civitatum,
1701 1739 1772 1760 cum

1027 1785 1177 1817 omnibus
1197 1784 1262 1816 suis
1282 1783 1425 1827 pristinis
1446 1782 1636 1819 honoribus,
1667 1781 1775 1813 oneri-

1027 1840 1096 1879 bus,
1110 1837 1282 1882 privilegiis
1297 1843 1327 1869 et
1346 1836 1549 1869 facultatibus
1572 1835 1602 1867 in
1624 1835 1776 1867 omnibus

1027 1898 1055 1924 et
1077 1902 1135 1935 per
1154 1891 1264 1924 onmia
1284 1901 1395 1933 gerere
1417 1896 1445 1922 et
1468 1899 1616 1921 exercere
1635 1888 1775 1932 possitet

1028 1946 1157 1982 debeat,
1182 1944 1316 1988 perinde
1339 1954 1373 1976 ac
1395 1943 1420 1975 si
1442 1943 1495 1975 illa
1516 1943 1555 1975 ab
1578 1942 1697 1975 eisdem
1723 1952 1775 1974 ee—

1028 1999 1131 2031 clesiis
1152 1997 1381 2030 ‹tismembrata
1400 2002 1429 2028 et
1447 2001 1604 2039 separata,
1623 2006 1658 2027 as·
1674 1995 1776 2028 dictae

1027 2053 1178 2085 Gamerae
1210 2051 1415 2093 incorporata
1444 2055 1473 2082 et
1504 2049 1663 2092 applicata
1692 2059 1776 2080 nun—

1028 2116 1124 2149 quam
1147 2105 1291 2137 fuissent.

1072 2158 1142 2202 {¹4-
1172 2158 1357 2190 Mandantes
1393 2162 1564 2200 propterea
1596 2155 1626 2187 in
1664 2155 1777 2188 virtute

1028 2217 1155 2244 sanctae
1186 2209 1390 2243 ol‘iedientiae
1421 2210 1450 2242 S.
1475 2209 1512 2241 R.
1536 2209 1569 2241 E.
1599 2208 1777 2241 camerario

1029 2277 1063 2298 at·
1086 2265 1188 2297 dictae
1216 2265 1367 2297 Gamerae
1399 2262 1540 2315 clerici-<3
1566 2262 1777 2305 praesidenti-

1029 2320 1089 2351 bus
1109 2325 1139 2351 et
1160 2317 1324 2361 quibusvis
1345 2316 1434 2352 aliis,
1460 2317 1499 2348 ad
1525 2327 1606 2359 quos
1627 2315 1774 2359 pertinet,

1030 2383 1070 2405 ne
1091 2372 1242 2415 deinceps
1273 2371 1303 2402 in
1324 2370 1482 2412 gubernio
1513 2375 1540 2402 et
1572 2369 1778 2402 administra-

1032 2426 1117 2458 tione
1138 2424 1335 2464 huiusmodi,
1352 2435 1385 2457 se
1406 2434 1537 2467 quoquo
1559 2423 1656 2456 modo
1677 2423 1778 2455 intro-

1033 2479 1158 2512 mittere
1180 2478 1319 2511 audeant
1339 2488 1394 2510 seu
1412 2483 1629 2521 praesumant,
1653 2487 1709 2509 seu
1723 2487 1780 2516 gu-

1033 2533 1183 2565 bernium
1205 2538 1233 2565 et
1255 2531 1365 2564 omnia
1393 2531 1454 2564 alia
1486 2530 1650 2574 praedicta
1675 2530 1778 2562 eidem

1034 2587 1156 2620 decano
1177 2592 1208 2619 et
1225 2585 1376 2629 episcopo
1397 2584 1532 2618 Ostiensi
1553 2594 1612 2627 pro
1635 2589 1779 2626 tempore

1035 2640 1144 2676 libere.
1158 2645 1252 2684 prout
1265 2644 1338 2672 ante
1352 2637 1672 2671 dismembrationem
1687 2647 1779 2679 prae-

1035 2693 1168 2730 dictam,
1193 2692 1351 2725 dimittant
1384 2697 1411 2724 et
1446 2691 1604 2727 relaxent,
1630 2690 1672 2722 ita
1693 2690 1780 2732 quod

1781 292 1829 318 An.
1852 291 1879 317 C.
1900 291 1963 318 1591

1829 2164 1851 2184 S,
1867 2163 1890 2183 P..
1907 2163 1928 2183 Ε,
1944 2169 1978 2183 en·

1792 2191 1884 2210 mei-ario
1900 2193 1919 2209 et
1936 2191 1976 2210 rte-

1793 2217 1841 2237 rici>
1872 2217 1976 2236 Reveren-

1793 2244 1832 2263 itae
1840 2243 1976 2263 caini-metu-

1793 2271 1886 2293 iimeitnr
1907 2276 1931 2290 ne
1956 2277 1978 2287 w

1794 2299 1887 2321 nigei-,mi
1908 2297 1926 2316 in
1943 2301 1977 2315 «ιιι-

1793 2323 1867 2342 bernis*

1794 2352 1836 2369 tum
1846 2349 1948 2368 ‹t-twnsis
1958 2352 1976 2366 ,ιι

1795 2376 1961 2396 vetites-newis.

1903 2325 1976 2342 sivila-
