2226 3070
239 297 291 323 An.
309 295 338 323 C.
357 296 419 323 1591

256 674 367 699 Derugatiu
378 679 426 692 cnu-

251 707 359 721 Turturum.

302 2006 363 2027 Fide<
377 2009 432 2027 tran-

248 2036 383 2059 sumpturum.

470 285 534 319 496

438 345 633 388 ubicumque
664 343 795 377 iudicari
829 349 856 375 et
892 342 1021 375 diffiniri
1051 341 1178 374 debere.

438 398 564 430 Irritum
591 408 718 441 quoquc
750 403 777 429 et
808 397 900 428 inane
928 395 1130 427 decernimus
1157 394 1181 426 si

438 462 528 484 secus
545 462 641 495 super
655 450 703 482 his
717 461 733 482 a
748 459 922 493 quoquam,
944 448 1053 491 quavis
1074 454 1182 480 aucto-

439 504 542 541 ritate,
566 504 704 537 scienter
721 503 766 534 rel
789 503 985 543 ignoranter,
1010 501 1179 543 contigerit

440 557 601 590 attentari.

487 613 502 652 ξ
525 610 554 642 5.
578 610 648 642 Non
670 608 871 641 obstantibus
896 607 1059 651 quibusvis
1084 612 1183 640 statu—

443 664 490 701 tis,
515 663 610 695 etiam
628 662 820 699 iuramento,
842 661 1087 694 confirmatione
1108 671 1185 704 apo-

441 717 553 750 stolica
570 717 617 749 vel
649 716 758 759 quavis
788 715 939 748 firmitate
957 715 1019 748 alia
1049 715 1184 747 robora-

443 771 495 805 tis:
512 769 697 813 privilegiis,
720 780 849 812 quoque
871 768 1001 801 indultis
1021 774 1052 801 et
1074 767 1185 800 litteris

441 823 639 867 apostolicis,
668 823 911 866 quomodolibet
934 822 964 854 in
987 821 1184 855 contrarium

442 877 610 914 concessis,
628 876 812 920 approbatis
831 883 858 909 et
879 876 1048 912 innovatis,
1070 875 1185 918 quibus

444 930 605 967 omnibus,
627 940 739 962 eorum
754 936 880 962 tenores
894 929 1116 973 praesentibus
1126 939 1185 972 pro

445 984 601 1027 expressis
621 984 785 1021 habentes,
819 983 877 1016 hac
909 983 976 1015 vice
1009 983 1182 1019 dumtaxat,

442 1037 625 1082 specialiter
645 1043 673 1070 et
695 1048 841 1081 expresse
860 1038 1063 1078 derogamus,
1084 1043 1186 1070 caete-

443 1092 551 1135 risque
565 1091 736 1124 contrariis
748 1091 1015 1135 quilmscumque.
1030 1091 1186 1130 Quocirca

444 1145 618 1178 venerabili
641 1145 731 1177 fratri
753 1145 853 1178 nostri
873 1156 956 1177 nunc
975 1151 1003 1177 et
1023 1156 1082 1188 pro
1104 1151 1183 1178 tem-

442 1198 685 1242 poreexistenti
707 1198 951 1242 archiepiscopo
970 1198 1181 1231 Valentinien.

442 1264 496 1286 seu
518 1252 585 1285 eius
605 1251 754 1292 officiali,
775 1252 963 1284 auctoritato
989 1252 1182 1295 apostolica,

446 1307 637 1339 mandamus
659 1312 816 1349 quatenus
849 1306 969 1339 (lictum
1009 1307 1182 1346 decretum,

442 1361 487 1393 sic
506 1360 734 1398 examinatum,
755 1366 948 1399 correctum,
973 1360 1185 1404 approbatum

443 1420 470 1447 et
494 1414 733 1451 confirmatum,
754 1414 793 1446 ab
821 1414 971 1446 omnibus
1000 1413 1072 1455 illis,
1107 1424 1186 1457 quos

445 1468 521 1500 illud
540 1467 701 1499 concernit
722 1473 749 1499 et
769 1473 939 1500 coneernet
969 1467 999 1499 in
1030 1468 1182 1508 futurum,

443 1520 537 1553 etiam
549 1520 607 1553 sub
625 1520 769 1553 censuris
789 1520 1022 1560 ecclesiasticis,
1046 1521 1185 1553 auctori-

445 1580 506 1607 tate
519 1580 638 1611 nostra.
656 1575 818 1607 observari
832 1574 935 1614 saciat,
951 1580 1041 1617 cogat
1057 1580 1087 1607 et
1098 1585 1186 1607 com-

445 1628 552 1671 pellat.
576 1628 832 1661 Contradictores
852 1628 1013 1672 quoslibet
1033 1634 1060 1661 et
1082 1629 1187 1661 rebel-

446 1682 490 1714 les
519 1687 547 1714 et
568 1682 752 1725 praemissis
774 1692 838 1715 non
861 1687 1010 1725 parentes
1034 1693 1092 1725 per
1114 1692 1187 1715 sen-

447 1736 570 1776 tentias,
595 1746 745 1768 censuras
763 1741 791 1768 et
812 1746 932 1779 poenas
961 1736 1188 1768 ecclesiasticas

446 1789 571 1832 aliaque
589 1795 771 1832 opportuna
788 1789 866 1821 iuris
887 1795 914 1822 et
934 1789 1005 1822 sacti
1032 1789 1184 1826 remedia,

446 1842 661 1886 appellatione
679 1843 866 1886 postposita,
883 1843 1188 1886 ‹;·oiupescendo,in-

446 1902 559 1929 vocato
580 1897 619 1929 ad
640 1896 701 1929 hoc
722 1896 828 1935 eiiam,
849 1896 873 1928 si
895 1907 974 1940 opus
994 1896 1098 1934 suerit,
1134 1908 1189 1930 au-

448 1950 523 1983 xilio
541 1950 663 1982 brachii
684 1950 848 1983 secularis.

493 2005 508 2045 ξ
527 2002 557 2036 6.
578 2004 735 2041 Ceterum,
756 2004 831 2048 quia
849 2003 976 2037 difficile
995 2005 1087 2042 soret.
1109 2010 1167 2037 ctc.

491 2058 604 2090 Datum
624 2058 746 2090 Romae
767 2058 852 2101 apud
866 2058 1017 2091 Sanctum
1029 2059 1185 2095 Marcum,

449 2111 507 2143 sub
534 2111 652 2143 annulo
677 2111 864 2151 Piscatoris‚
887 2111 937 2144 die
961 2122 1034 2145 xxiv
1052 2117 1190 2155 septem-

450 2164 513 2196 bris
533 2175 642 2203 nnxffl,
666 2164 872 2208 pontificatus
892 2165 991 2198 nostri
1014 2175 1098 2198 anno
1125 2176 1146 2198 1.

486 2225 542 2253 Dat.
559 2225 602 2252 die
618 2226 651 2253 24
667 2226 814 2262 septembr.
833 2228 910 2262 1591,
922 2227 1068 2263 pontif.an.
1082 2233 1100 2254 t.

768 2390 866 2423 XLIV.

451 2486 660 2530 Confirmatio
697 2488 883 2531 syrcttz‘arum
925 2493 953 2522 et
983 2489 1191 2522 ‘indultorum

494 2542 592 2574 eremi
613 2541 884 2580 camaldulensis,
918 2542 1191 2585 conqreqatiom‘s-

494 2605 556 2638 que
575 2595 654 2627 dicti
667 2595 776 2631 eremi,
799 2598 827 2626 et
848 2594 960 2627 Sancti
973 2595 1142 2627 Michaelis
1155 2595 1192 2626 de

495 2648 635 2681 Murano
668 2647 801 2681 Ordinis
840 2648 1099 2681 Camaldulensis
1134 2648 1192 2680 sub

495 2700 608 2744 regynla
629 2700 741 2734 Sancti
761 2700 946 2739 Benedicti;
968 2712 1039 2733 cum
1058 2701 1193 2744 privile-

1022 293 1204 317 BULLARIUM
1224 292 1377 316 ROMANUM

1259 341 1385 382 qv'orum
1402 341 1658 384 qli-Ibuscumque
1670 340 1812 373 aliorum
1824 341 1954 384 religyio-

1259 404 1388 432 sorum,
1420 394 1519 426 etiam
1548 393 1829 433 illendicanti'um,
1860 393 1952 427 Orci-1·-

1260 447 1357 480 m’lms
1378 457 1592 480 concessorum
1626 451 1659 488 et,
1683 446 1955 479 comedendorum

1261 501 1552 533 commum'catt'one
1571 500 1590 532 ¹.

1412 581 1568 616 Gregorius
1589 582 1667 615 Papa
1685 581 1761 614 XIV,

1341 635 1377 662 ad
1397 639 1575 669 perpetuam
1594 635 1638 662 rei
1657 635 1837 662 memoriam.

1262 715 1304 748 Ex
1326 715 1468 748 iniuncto
1488 715 1581 747 nobis
1601 715 1740 758 desuper
1763 715 1957 758 apostolicae

1218 768 1378 801 servitutis
1399 768 1516 805 officio.
1537 769 1576 801 ad
1597 779 1644 809 ea,
1668 778 1750 812 quae
1778 779 1795 800 a
1824 768 1959 811 praede-

1219 823 1397 855 cessoribus
1428 822 1544 855 nostris
1566 833 1625 866 pro
1655 822 1955 862 ecclesiasticarum,

1219 877 1407 920 praesertim
1418 876 1626 917 regularium,
1637 887 1861 920 personarum,
1877 887 1959 920 quae

1219 930 1277 963 sub
1298 930 1385 963 suavi
1405 930 1579 971 Religionis
1592 930 1667 972 iugo
1679 930 1840 963 Altissimo
1857 930 1959 963 famu-

1220 983 1337 1023 lantur,
1361 982 1537 1015 directione
1566 988 1596 1015 et
1622 983 1863 1026 tranquillitate,
1899 989 1962 1016 sta-

1220 1043 1286 1070 tuta
1304 1043 1332 1070 et
1351 1048 1502 1070 concessa
1520 1038 1659 1075 fuerunt,
1688 1037 1906 1070 conservanda
1931 1042 1962 1070 et

1220 1091 1377 1133 augenda,
1397 1091 1534 1123 libenter
1552 1091 1735 1124 inducimur
1754 1096 1789 1124 ut
1808 1091 1961 1135 apostoli-

1220 1144 1264 1177 cis
1298 1144 1407 1186 gratiis
1440 1151 1466 1177 et
1501 1144 1663 1177 favoribus
1697 1144 1901 1188 circumsepti
1932 1150 1963 1177 et

1220 1197 1346 1238 muniti,
1370 1209 1442 1230 cum
1464 1197 1579 1231 maiori
1600 1198 1707 1242 quiete
1725 1209 1761 1231 ac
1783 1198 1963 1231 devotionis

1221 1254 1355 1293 fervore,
1376 1252 1434 1285 sub
1460 1252 1617 1293 regularis
1647 1253 1729 1285 vitae
1760 1252 1963 1285 observantia

1220 1317 1255 1339 ac
1276 1306 1452 1339 monastica
1470 1306 1649 1350 disciplina,
1682 1306 1797 1347 vivere,
1830 1317 1866 1339 ac
1897 1306 1962 1339 Deo

1220 1359 1347 1403 Optimo
1365 1359 1500 1393 Maximo
1526 1370 1638 1403 preces
1667 1360 1802 1393 sundere
1830 1359 1963 1393 liberius

1220 1413 1357 1446 valeant.

1265 1468 1281 1509 ξ
1295 1466 1324 1499 ¹l.
1346 1467 1427 1499 Sane
1441 1477 1500 1510 pro
1513 1472 1602 1510 parte
1616 1466 1807 1500 dilectorum
1820 1466 1962 1500 filiorum

1220 1520 1388 1561 generalis,
1405 1525 1436 1553 et
1446 1520 1657 1560 visitatorum,
1672 1531 1708 1553 ac
1720 1520 1845 1564 priores
1862 1520 1963 1553 eremi

1221 1584 1346 1607 necnon
1365 1574 1623 1617 congregationis
1650 1575 1792 1608 eiusdem
1814 1574 1914 1608 eremi
1933 1580 1965 1608 et

1221 1627 1328 1661 Sancti
1348 1628 1508 1661 Michaelis
1529 1629 1567 1661 de
1584 1629 1717 1662 Murano
1742 1628 1964 1662 Camaldulen-

1221 1682 1262 1715 sis
1279 1682 1418 1723 Ordinis,
1441 1683 1534 1715 nobis
1554 1694 1658 1727 nuper
1683 1683 1823 1716 exhibita
1852 1682 1965 1726 petitio

1222 1735 1404 1769 continebat
1425 1736 1513 1779 quod
1531 1736 1608 1769 alias
1620 1736 1720 1769 felicis
1731 1735 1966 1769 recordationis

1222 1790 1283 1821 Leo
1305 1789 1457 1829 decimus,
1478 1790 1622 1823 Clemens
1652 1789 1818 1833 septimus,
1850 1790 1966 1823 Paulus

1223 1841 1344 1881 tertius,
1376 1842 1474 1875 Iulius
1500 1842 1594 1875 etiam
1627 1842 1736 1875 tertius
1749 1870 1756 1883 ‚
1794 1842 1967 1885 Gregorius

1224 1896 1480 1929 decimustertius
1501 1902 1532 1929 et
1548 1896 1652 1930 Sixtus
1674 1896 1816 1940 quintus,
1847 1907 1883 1929 ac
1912 1896 1966 1929 alii

1223 1949 1357 1982 Romani
1378 1949 1549 1983 Pontifices
1568 1950 1831 1994 praedecessores
1849 1950 1962 1991 nostri,

1224 2008 1298 2035 tunc
1315 2003 1522 2036 existentibus
1544 2004 1686 2046 generali
1706 2003 1966 2037 ctvisitatoribus

1224 2068 1259 2090 ac
1289 2057 1390 2101 priori
1427 2057 1525 2090 eremi
1555 2068 1682 2091 necnon
1710 2057 1966 2100 congregationis

1224 2110 1366 2143 eiusdem
1385 2110 1482 2143 eremi
1501 2116 1531 2143 et,
1550 2110 1656 2144 Sancti
1676 2110 1836 2144 Michaelis
1849 2111 1888 2144 de
1901 2111 1967 2144 Mu-

1224 2174 1303 2197 rano
1325 2164 1450 2197 diversa
1467 2164 1646 2207 privilegia,
1667 2164 1833 2197 facultates
1854 2170 1885 2197 et
1910 2164 1963 2197 in-

1224 2218 1312 2250 dulta
1329 2229 1365 2250 ac
1385 2218 1504 2260 gratias
1522 2218 1704 2262 spirituales
1722 2224 1753 2251 et
1771 2218 1966 2262 temporales

1224 2277 1459 2309 concesserunt,
1481 2272 1654 2316 omniaque
1675 2278 1705 2305 et
1725 2272 1851 2315 singula
1866 2272 1966 2316 privi-

1224 2325 1316 2367 legia,
1351 2325 1495 2365 indulta,
1529 2327 1695 2383 sacpltates
1723 2332 1754 2360 et
1782 2326 1901 2369 gratias
1930 2337 1967 2360 ac

1261 2444 1271 2468 1
1296 2442 1354 2469 Alia
1377 2441 1410 2469 de
1433 2441 1483 2469 hoc
1507 2441 1607 2470 Ordine
1627 2442 1839 2478 Camalduknsi,
1864 2442 1925 2471 vide
1939 2443 1967 2471 in

1225 2486 1366 2514 constitut.
1391 2493 1484 2520 xxvtu,
1507 2487 1647 2514 Alexandri
1672 2488 1711 2515 II:
1737 2487 1830 2520 Nulli,
1852 2492 1918 2515 tom.
1938 2494 1966 2523 u,

1225 2539 1286 2567 pag.
1316 2531 1359 2558 48.
1391 2531 1531 2567 Privilegia
1559 2536 1649 2559 antem
1681 2532 1820 2567 signanter
1852 2531 1912 2559 vide
1940 2531 1968 2558 in

1225 2576 1366 2604 Alexandri
1380 2576 1418 2603 lv—
1443 2576 1671 2611 Constiuit.xi.1v,
1691 2580 1756 2604 tom.
1773 2583 1812 2608 ui,
1828 2585 1889 2613 pag.
1901 2576 1965 2604 657:

1227 2620 1331 2654 Officii,
1348 2624 1374 2647 et
1393 2620 1420 2646 in
1440 2620 1536 2647 Leonis
1551 2619 1696 2648 XConstit.
1715 2627 1749 2647 u:
1768 2621 1845 2656 Etsi,
1861 2625 1967 2655 tom.v‚

1227 2673 1287 2701 pag.
1303 2665 1367 2699 543,
1383 2673 1413 2692 ac
1427 2665 1468 2692 Pii
1484 2664 1503 2691 V
1518 2664 1609 2692 Const.
1623 2671 1688 2692 u‘u:
1706 2665 1744 2694 Ee
1758 2665 1784 2692 si
1799 2665 1968 2693 mendican-

1227 2710 1312 2743 tium,
1328 2714 1393 2737 tom.
1408 2716 1454 2743 vu,
1476 2717 1535 2745 pag.
1547 2709 1609 2737 573.

1968 291 2015 318 An.
2029 290 2056 318 C.
2084 289 2148 318 1591

1999 723 2139 744 Prooemium.

1990 1473 2063 1494 Plure-
2074 1471 2160 1493 Romani

1978 1499 2091 1521 Pontifices
2113 1504 2161 1519 con—

1979 1525 2097 1552 gregationi
2132 1525 2162 1545 in-

1979 1553 2037 1574 duna
2050 1557 2161 1573 concesse-

1978 1582 2032 1601 runt.
