2226 3070
120 227 173 257 An.
191 228 219 257 C.
238 227 305 270 1589

146 2009 253 2031 officiales
281 2012 302 2031 in

118 2043 189 2063 causis
204 2043 304 2062 crimina-

119 2073 154 2094 lih.
173 2075 240 2100 primo
260 2079 305 2094 ser-

119 2109 169 2126 vent
192 2106 304 2126 constitu-

122 2138 192 2157 tiones
214 2137 302 2164 apostol.

118 2170 195 2188 statuta
209 2168 303 2189 locorum

120 2200 189 2219 valide
224 2200 305 2220 constr-

119 2234 176 2250 mata
190 2234 212 2251 et
228 2232 307 2251 consti-

119 2262 305 2286 innommareltia»,

119 2296 140 2313 et
165 2293 184 2313 in
215 2293 304 2320 reliquis

119 2324 188 2345 banna
202 2327 223 2344 et
243 2326 304 2346 aedi—

119 2359 161 2376 cta.

986 224 1088 248 SIXTUS
1112 223 1131 247 V
1156 223 1202 247 PP.

317 282 371 315 bet
390 281 607 325 disponentia,
643 291 726 324 quae
750 290 767 312 a
788 279 890 313 felicis
915 279 1066 312 recorda-

318 335 415 368 tionis
449 335 548 368 Paulo
572 335 659 377 Papa
679 340 805 377 quarto,
837 333 973 378 aliisque
998 339 1069 378 post

317 399 391 422 eum
420 400 521 433 usque
549 388 588 421 ad
624 395 733 421 nostra
768 395 926 432 tempora,
950 388 1069 421 nostris

318 442 622 486 praedecessoribus
647 448 701 474 ant
726 453 743 474 a
770 442 1011 484 nobismetipsis
1037 442 1067 473 in

317 496 424 539 specie
444 506 593 540 expresse
614 501 644 528 et
664 495 857 527 nominatim
887 506 922 527 ac
944 495 1067 538 simpli-

318 549 409 588 citer,
443 560 537 593 pure,
569 548 714 581 absolute
748 554 779 580 et
810 548 931 591 absque
961 548 1067 591 aliqua

318 603 516 642 conditione,
547 601 764 635 reservatione
793 607 846 634 aut
879 601 1067 641 restrictiva,

318 656 507 689 confirmata
533 666 598 688 non
628 655 758 695 suerint,
791 655 860 699 ipso
890 655 960 688 iure
986 661 1016 688 et
1036 656 1068 688 in

316 709 379 741 vim
405 709 583 752 praesentis
616 709 855 742 constitutionis
889 709 1066 752 antiquata,

317 762 470 805 abrogata
490 774 526 796 ac
545 763 636 795 irrita
654 769 684 796 et
704 764 792 796 nulla
815 763 928 796 effecta
954 763 1016 796 sint
1039 768 1070 796 et

316 822 522 862 censeantur.
545 817 589 850 Ac
610 817 732 860 pariter
752 828 800 857 ea,
824 827 907 860 quae
925 817 963 850 ab
985 817 1069 861 ipso-

316 875 379 902 met
400 870 501 904 Paulo
521 877 637 915 quarto
650 877 680 904 et
693 871 765 904 aliis
785 882 887 914 usque
908 871 946 903 ad
967 872 1067 904 nostri

316 923 524 967 pontificatus
544 930 691 969 tempora
725 925 968 958 successoribus
994 936 1067 958 cum

317 977 426 1021 aliqua
460 979 659 1019 conditione,
691 978 850 1019 videlicet,
891 980 1069 1012 dummodo

316 1031 396 1065 iusta
429 1033 490 1065 sint
517 1038 545 1065 et
578 1032 796 1074 rationabilia,
832 1033 879 1065 vel
901 1032 963 1065 iuri
985 1043 1070 1066 com-

315 1086 405 1119 muni
426 1091 457 1119 et
476 1086 594 1119 rationi
613 1097 678 1119 non
703 1092 899 1129 repugnent,
918 1087 966 1119 vel
988 1097 1068 1130 qua-

314 1144 408 1173 tenus
427 1139 488 1173 sint
514 1139 546 1172 in
567 1151 641 1180 usu,
675 1146 705 1173 et
735 1141 835 1173 sacris
861 1140 1009 1173 conciliis
1040 1146 1070 1173 et

315 1193 494 1226 canonibus
524 1204 589 1226 non
625 1194 688 1226 sint
713 1194 888 1234 contraria,
919 1195 967 1227 vel
993 1205 1068 1227 cum

314 1247 384 1280 aliis
413 1247 575 1281 similibus
605 1249 652 1281 vel
674 1248 886 1281 dissimilibus
916 1249 1070 1282 clausulis

315 1306 343 1333 et
374 1301 622 1335 limitationibus
647 1302 859 1346 comprobata
892 1302 1066 1344 extiterint,

315 1355 476 1396 similiter,
496 1357 604 1399 quoad
619 1356 720 1390 dictas
750 1367 862 1390 causas
883 1364 913 1389 et
933 1368 1067 1400 poenas,

315 1409 407 1441 nulla
440 1414 470 1442 et
503 1410 593 1443 irrita
622 1410 828 1443 decernimus
862 1416 893 1443 et
923 1411 1069 1444 declara-

316 1473 398 1496 mus.
426 1463 471 1497 Ita
502 1470 538 1497 ut
565 1475 671 1507 neque
703 1464 937 1507 gubernatores
962 1471 993 1498 et
1017 1476 1070 1498 ce-

316 1517 374 1549 teri
412 1517 568 1550 officiales
596 1518 773 1562 supradicti
804 1530 841 1551 ea
878 1519 1070 1558 observare,

316 1576 371 1603 aut
393 1570 480 1604 iuxta
500 1571 555 1604 illa
576 1571 719 1605 iudicare
740 1578 795 1605 aut
816 1573 992 1605 decernere
1014 1574 1070 1605 de-

315 1623 429 1664 beant3
451 1625 596 1669 ipsisque
621 1625 814 1659 officialibus
844 1638 1071 1670 quaecumque

316 1678 499 1712 iuramenta
529 1680 567 1712 de
600 1679 663 1712 illis
683 1680 893 1713 observandis
918 1680 1071 1724 praestita

315 1733 364 1765 vel
394 1733 502 1766 forsan
527 1734 721 1777 praestanda
752 1745 788 1767 ex
817 1745 905 1767 nunc
933 1745 971 1767 eo
1001 1735 1071 1778 ipso

318 1786 511 1828 relaxamus,
536 1798 656 1831 eosque
680 1788 713 1821 in
740 1794 905 1831 posterum
927 1789 965 1822 ad
988 1789 1071 1822 iura<

319 1848 426 1875 menta
460 1842 648 1875 huiusmodi
683 1843 876 1886 praestanda
914 1843 1071 1886 adstringi

317 1895 478 1929 volumus.

362 1949 377 1991 ,ξ
397 1948 451 1982 19.
478 1949 684 1982 Declarantes
703 1950 792 1993 quod
814 1949 845 1982 in
867 1951 1012 1982 futurum
1040 1952 1071 1983 in

318 2003 470 2035 omnibus
494 2004 682 2048 provinciis,
710 2004 903 2043 civitatibus,
931 2005 1026 2038 terris
1042 2012 1070 2038 et

319 2057 397 2090 locis
418 2057 525 2091 Status
545 2059 645 2091 nostri
668 2058 838 2102 praedicti,
870 2058 1071 2102 quicumque

319 2111 564 2153 gubernatores,
596 2112 694 2145 etiam
725 2112 905 2145 cardinales
926 2118 956 2145 et
975 2113 1070 2156 legati

319 2165 490 2208 praedicti,
513 2172 567 2199 aut
588 2166 641 2199 alii
663 2166 828 2203 officiales,
850 2172 1024 2199 teneantur
1039 2167 1071 2199 in

319 2219 432 2262 primis
451 2225 482 2253 et
505 2225 577 2253 ante
593 2220 720 2256 omnia.
743 2221 851 2264 quoad
873 2232 985 2253 causas
1007 2221 1070 2253 cri-

319 2272 455 2306 minales
474 2273 667 2316 praedictas,
690 2274 989 2313 constitutionibus,
1017 2285 1070 2306 or-

319 2326 540 2360 dinationibus
561 2333 591 2359 et
610 2327 723 2360 litteris
743 2328 963 2360 Romanorum
985 2328 1069 2361 Pon-

320 2380 443 2413 tificum
465 2386 651 2414 nostrorum
669 2381 956 2424 praedecessorum
973 2387 1070 2425 atque

318 2430 447 2470 nostris,
470 2435 501 2463 et
520 2430 553 2462 in
566 2430 694 2463 casibus
706 2430 738 2463 in
750 2430 870 2474 quibus
886 2431 973 2474 ipsae
990 2431 1069 2464 nihil

317 2478 506 2523 disponunt,
528 2480 655 2513 statutis
674 2480 837 2520 locorum,
860 2480 898 2518 si,
921 2486 957 2513 ut
976 2492 1070 2524 prae-

317 2527 431 2568 fertur,
468 2528 570 2561 valide
604 2534 635 2561 et
675 2529 848 2562 efficaciter
881 2529 1070 2562 confirmata

318 2578 448 2619 fuerint,
465 2578 693 2611 inviolabiliter
709 2579 879 2612 inhaerere
896 2584 924 2612 et
942 2589 1069 2622 parere,

317 2628 404 2670 quod
423 2627 448 2660 si
469 2638 506 2661 ea
524 2628 629 2663 valida
649 2638 713 2661 non
735 2628 911 2669 extiterint,
934 2627 1072 2662 debeant

1776 211 1817 246 79

1110 278 1264 317 iudicare,
1299 276 1488 320 procedere,
1527 277 1703 316 absolvere,
1742 277 1861 310 conde-

1112 343 1222 365 mnare
1243 337 1274 364 et
1294 329 1468 364 sententias
1490 331 1574 362 serre
1600 330 1687 362 iuxta
1717 336 1861 363 tenorem

1111 385 1378 419 constitutionum
1402 384 1584 428 provinciae
1602 384 1759 417 Mareliiae
1772 395 1789 416 a
1805 385 1862 417 bo-

1111 450 1170 472 nae
1193 438 1368 472 memoriae
1392 438 1491 471 Paulo
1518 438 1601 481 Papa
1622 438 1728 477 tertio,
1752 437 1864 470 simili-

1113 498 1159 525 ter
1179 493 1428 535 praedecessore
1459 497 1582 531 nostro,
1610 503 1668 535 per
1699 492 1781 531 eius,
1805 491 1864 524 sul)

1111 546 1185 578 data
1206 546 1258 579 die
1278 558 1298 579 x
1328 546 1448 579 mensis
1468 545 1663 589 septembris
1692 545 1864 588 pontifica-

1111 604 1162 631 tus
1186 600 1236 632 sui
1257 611 1342 633 anno
1362 611 1393 639 x,
1416 599 1581 643 expeditas
1601 599 1724 631 litteras
1745 599 1863 631 confir-

1112 658 1284 693 matarum,
1303 665 1382 697 quas
1398 654 1488 686 Pauli
1501 653 1586 687 tertii
1608 653 1864 696 praedecessoris

1111 706 1210 738 nostri
1232 706 1353 739 litteras
1370 719 1426 750 per
1438 714 1624 751 praesentes
1645 707 1865 751 approbamus

1111 765 1140 793 et
1160 760 1363 793 innovamus.
1387 761 1420 793 In
1447 761 1583 804 reliquis
1608 772 1682 794 vero
1709 761 1814 794 banna
1836 768 1865 794 et

1111 813 1216 847 edicta
1245 814 1277 847 in
1309 814 1387 857 ipsis
1421 815 1605 858 prorniciis,
1628 815 1809 848 civitatibus
1834 822 1864 848 et

1111 867 1190 900 locis
1212 879 1269 911 pro
1290 874 1436 912 tempore
1453 869 1614 912 publicata
1636 870 1861 903 observentur.

1155 922 1169 964 ξ
1189 921 1242 954 20.
1271 922 1378 965 Legati
1399 928 1521 962 autem,
1545 923 1723 965 vicelegati,
1747 925 1864 966 guber·
1893 928 2061 964 Decem-uem

1111 981 1251 1015 nator-es,
1279 976 1499 1009 locatenentes
1532 982 1563 1009 et
1597 976 1651 1008 alii
1686 978 1862 1020 supradicti
1878 963 2064 1018 iiiii}¹}1'2.2¹

1111 1028 1275 1069 officiales,
1298 1040 1363 1063 non
1390 1031 1472 1063 ultra
1494 1030 1604 1062 decem
1628 1041 1686 1073 pro
1712 1037 1863 1064 centena·
1879 1023 1903 1043 ‘³⁰
1930 1030 1990 1042 ''¹³¹¹‘'
2016 1023 2065 1043 ¹¹¹⁰*

1879 1055 1967 1073 §aurarii
1987 1055 2065 1080 perci-

1111 1084 1160 1116 rio
1186 1094 1221 1116 ex
1242 1085 1547 1128 compositionibus,
1583 1085 1930 1117 condemnationi-⁹⁶¹⁹
1971 1086 2065 1109 V··¹⁰³¹¹¹¹·

1880 1116 1912 1135 nbi
1930 1117 1997 1136 minor
2012 1123 2063 1143 por-

1111 1137 1183 1177 hus,
1206 1138 1384 1181 poenisque
1410 1144 1441 1170 et
1463 1139 1593 1171 mulctis
1614 1139 1787 1181 praedictis
1811 1150 1865 1171 oc—
1880 1148 1909 1182 tto
1927 1153 1966 1167 uon
1986 1149 2011 1167 su
2029 1154 2065 1166 ευ

1112 1191 1239 1225 casione
1257 1192 1494 1225 maleficiorum
1511 1203 1565 1225 seu
1579 1193 1866 1226 bannimentorum
1881 1182 1963 1203 Qum

1111 1246 1390 1288 provenientibus,
1413 1246 1540 1289 exigere
1553 1247 1689 1279 valeant.
1707 1247 1868 1279 Revocan—

1112 1304 1158 1331 tes
1179 1305 1207 1331 et
1229 1300 1433 1332 annullantes
1450 1311 1676 1343 quaecumque
1693 1311 1792 1343 super
1807 1301 1868 1333 hoc

1112 1353 1144 1385 in
1165 1353 1365 1386 contrarium
1388 1354 1484 1393 edita,
1512 1354 1750 1393 ordinationes,
1771 1354 1868 1397 privi-

1113 1407 1208 1449 legia,
1232 1407 1368 1444 indulta,
1392 1408 1452 1440 nisi
1484 1408 1591 1440 forsan
1615 1408 1645 1439 in
1669 1408 1732 1440 illis
1762 1408 1868 1452 portio

1113 1461 1220 1493 minor
1239 1472 1337 1504 quam
1364 1462 1476 1494 decem
1509 1461 1753 1505 praedictorum
1788 1463 1867 1494 assi—

1113 1520 1277 1557 gnaretur.
1314 1515 1390 1547 Nam
1426 1515 1462 1547 iis
1488 1515 1519 1547 in
1542 1516 1601 1547 liae
1632 1522 1723 1558 parte
1744 1526 1866 1559 nequa-

1113 1579 1210 1612 quam
1232 1569 1390 1610 derogare
1415 1568 1623 1607 intendimus,
1653 1570 1708 1602 sed
1738 1569 1791 1602 illa
1813 1581 1869 1613 po—

1113 1623 1177 1655 tius
1195 1623 1309 1655 harum
1331 1623 1413 1655 serie
1434 1622 1667 1655 confirmamus
1687 1629 1717 1655 et
1738 1623 1869 1657 innova—

1114 1688 1197 1709 mus.
1222 1677 1309 1709 Ultra
1329 1688 1403 1709 vero
1424 1682 1526 1709 taxam
1549 1678 1736 1710 eorumdem
1756 1678 1866 1711 decem

1114 1741 1172 1774 pro
1193 1731 1380 1763 centenario
1400 1742 1417 1763 a
1438 1730 1583 1773 partibus
1601 1731 1647 1763 vel
1666 1731 1738 1764 aliis
1758 1743 1868 1775 perso-

1114 1785 1163 1817 nis
1183 1785 1359 1828 quicquam
1382 1785 1594 1817 emolumenti
1619 1790 1671 1817 aut
1697 1786 1865 1828 pecuniae,

1114 1840 1226 1883 quovis
1246 1844 1426 1883 praetextu,
1448 1839 1594 1882 quaesito
1620 1840 1728 1872 colore
1750 1841 1795 1872 rel
1818 1841 1866 1872 in-

1114 1893 1222 1936 genio,
1246 1893 1368 1926 directe
1393 1893 1440 1926 vel
1476 1893 1629 1925 indirecte
1657 1893 1813 1937 recipere,
1835 1906 1867 1927 e-

1115 1948 1189 1979 tiam
1212 1953 1325 1991 sponte
1354 1948 1512 1985 oblatum,
1545 1947 1636 1979 nullo
1658 1948 1753 1980 modo
1774 1959 1867 1991 prae-

1114 2008 1254 2035 sumant.

1158 2055 1173 2098 ξ
1198 2055 1250 2088 Ἣ.
1275 2056 1336 2089 Sed
1357 2061 1387 2087 et
1412 2060 1607 2099 procvrator
1639 2055 1720 2095 fisci,
1744 2056 1767 2087 si
1790 2057 1866 2089 ade-
1896 2067 1981 2102 'Fiscus
2003 2069 2065 2088 enam

1115 2110 1166 2148 rit,
1189 2109 1353 2152 vigesima,
1377 2115 1404 2142 et
1427 2115 1609 2147 accusator,
1637 2109 1661 2141 si
1686 2109 1866 2143 intervene-
1881 2103 2067 2156 {¹'{.„{¹;¹2‘?',¹'qm‡³-¹

1115 2164 1165 2203 rit,
1199 2169 1312 2207 quarta
1349 2169 1439 2206 parte
1475 2163 1660 2206 praedicta,
1698 2163 1784 2196 iuxta
1821 2163 2066 2213 Ρίἰῑῃῗᾞηξῗὶζῑεᾝωῖἕ

1114 2218 1219 2262 quarti
1254 2217 1512 2261 praedecessoris
1546 2217 1793 2250 constitutiones
1812 2227 1908 2250 ‚su—rii
1936 2226 2065 2260 *percipere

1114 2271 1224 2315 perius
1245 2282 1410 2315 expressas
1431 2271 1572 2304 contenti
1595 2282 1662 2304 csse
1674 2271 1866 2311 debeant‚et
1881 2259 2067 2310 iiiiiissti't‘pnmilii

1113 2325 1193 2357 nibil
1216 2330 1382 2368 praeterea
1404 2325 1452 2357 vel
1471 2324 1640 2357 minimum
1663 2331 1785 2368 petant,
1804 2326 1867 2358 exi-

1112 2386 1186 2422 gant
1208 2386 1263 2412 aut
1283 2379 1462 2423 accipiant,
1493 2390 1613 2423 eaeque
1649 2390 1761 2412 omnes
1794 2391 1867 2423 por-

1113 2429 1216 2462 tiones
1238 2429 1365 2470 iudicis,
1385 2429 1607 2474 procuratoris
1623 2434 1653 2461 et
1668 2429 1868 2461 accusatoris

1113 2489 1240 2521 semper
1261 2478 1299 2511 de
1321 2489 1419 2511 manu
1444 2477 1637 2511 thesaurarii
1662 2484 1717 2510 aut
1737 2478 1866 2521 deposi-

1113 2527 1184 2560 tarii
1205 2528 1252 2561 vel
1273 2527 1448 2569 substituti,
1473 2533 1505 2560 ut
1528 2527 1721 2571 praefertur,
1750 2527 1864 2560 exbur-

1114 2583 1245 2617 sentur;
1274 2576 1406 2621 ipseque
1436 2577 1669 2617 thesaurarius,
1703 2576 1865 2620 deposita-

1114 2627 1182 2660 rius
1202 2632 1256 2660 aut
1276 2627 1470 2661 substitutus
1486 2627 1651 2670 portiones
1671 2630 1865 2669 procuratoss

1878 221 1930 248 An.
1947 219 1977 249 C.
1995 220 2062 249 1589
