2226 3070
261 296 310 320 Αιι.
331 294 357 321 Ο,
381 294 445 320 ¹592
492 285 555 317 titt?
1045 295 1224 319 emman->1
1246 295 1397 318 nomnen

460 344 635 376 dernorum
650 350 748 387 etpro
768 350 910 387 tempore
925 343 1126 375 existentium
1145 343 1202 375 du-
1218 348 1221 389 J
1237 353 1314 385 pore
1347 342 1555 375 existentibus
1585 343 1720 376 ducibus
1752 345 1912 387 praefatis,
1947 356 1981 378 ex

460 408 533 430 rum
551 398 725 433 Cardonae,
744 396 945 429 indemnitati
968 396 997 428 in
1020 395 1202 439 praemissis
1218 392 1220 398 ⁴
1238 406 1336 431 mera,
1361 395 1450 433 reali,
1470 406 1542 428 vera
1564 401 1594 428 et.
1614 407 1678 429 non
1701 396 1775 429 sicta
1796 398 1982 431 fundatione

461 451 639 494 providere,
671 462 706 483 ac
738 450 807 493 piae
828 455 858 482 et
889 460 1068 492 propensae
1090 459 1200 481 eorum
1238 454 1265 481 et
1287 459 1342 481 sen
1364 449 1527 482 dotatione
1549 449 1652 482 laicali
1674 456 1869 493 competere,
1890 463 1924 483 ac
1947 452 1982 483 11-

460 514 535 545 erea
547 503 719 537 Ecclesiam
742 502 926 535 huiusmodi
950 502 1120 535 voluntatis
1141 503 1198 535 (10-
1218 535 1220 555 Q
1238 502 1291 534 lud
1322 502 1406 534 idem
1427 502 1528 535 robur
1548 503 1760 546 eanulemque
1781 503 1859 541 vini,
1884 510 1979 537 natu-

461 557 659 600 votionisque
680 556 820 589 studium
842 561 870 588 et
892 556 1057 592 allectum,
1082 556 1201 589 nedum
1218 575 1220 615 ᾗ
1239 566 1318 591 ram,
1343 555 1503 591 ell'cetum,
1536 556 1763 592 substantiam,
1797 557 1979 594 essentiam,

462 620 660 644 conservare,
691 609 744 641 sed
777 609 872 641 etiam
894 620 1027 650 augere,
1052 609 1201 652 ipsosque
1218 617 1220 659 t
1237 609 1423 653 qualitatem
1439 615 1466 642 et
1483 610 1608 643 roboris
1623 610 1807 643 firmitatem
1822 611 1979 646 obtinere,

460 663 650 706 specialibus
670 662 830 695 favoribus
851 668 876 694 et
909 662 1019 704 gratiis
1049 663 1200 706 prosequi
1218 670 1219 707 ᾗ
1237 674 1273 695 ac
1293 663 1412 696 Didaco
1434 669 1461 696 et
1484 664 1622 696 loannae
1644 675 1701 697 nec
1724 675 1788 697 non
1815 675 1874 708 pro
1896 670 1978 698 tem-

460 717 611 753 volentes,
630 722 730 752 motu,
748 715 879 748 scientia
901 722 928 747 et
948 716 1114 759 potestatis
1136 717 1200 759 ple-
1218 708 1219 753 l
1236 727 1316 759 pore
1334 716 1543 749 existentibus
1557 717 1693 750 ducibus
1704 717 1853 760 praefatis
1871 718 1982 751 suffra-

459 770 604 803 nitudine
625 769 794 806 similibus,
818 769 937 802 Didaco
958 775 984 802 et
1009 771 1145 802 loannae
1171 777 1197 802 et
1236 770 1303 811 gari
1322 770 1438 803 debere
1458 770 1488 802 in
1509 771 1660 804 omnibus
1682 777 1709 804 et
1733 782 1789 814 per
1809 772 1930 808 omnia.
1951 778 1978 805 et

459 834 515 866 pro
538 829 681 865 tempore
702 822 909 855 existentibus
937 823 1073 856 ducibus
1103 834 1197 867 prae-
1217 822 1356 877 2absque
1378 824 1441 856 ulla
1471 834 1602 867 prorsus
1633 824 1824 865 differentia,
1848 825 1982 868 perinde

459 876 792 919 satis,iuspat1·0natus
810 882 838 908 et
860 877 1086 920 praesentandi
1108 877 1200 909 nobis
1217 880 1218 916 ζ
1236 888 1271 909 ae
1289 878 1314 910 si
1334 878 1394 910 illis
1423 878 1547 911 ratione
1576 889 1680 919 verae,
1706 879 1810 914 realis,
1834 879 1978 919 actualis,

457 936 483 963 et
508 929 745 963 siwcessoribus
766 930 883 963 nostris
903 931 1055 963 Romanis
1069 931 1201 964 Pontifi-

1997 298 2046 324 An.
2063 297 2090 324 C.
2116 298 2182 326 1592

280 1259 322 1280 Nun
332 1260 392 1279 iuml*
402 1260 440 1279 har

258 1292 322 1311 ΓΓῙΠΗ
336 1292 390 1309 ῑῐΰΡ,
404 1293 434 1306 St't

258 1316 320 1333 ott-un
334 1314 440 1339 dcmvnp».

457 983 546 1015 ribus
567 993 624 1026 pro
646 988 789 1027 tempore
808 983 1015 1016 existentibus
1029 994 1198 1028 personam

458 1036 605 1068 idoneam
628 1036 666 1069 ad
689 1036 850 1069 abbatiam
872 1038 1069 1069 saecularem
1092 1039 1196 1071 eccle-

456 1089 520 1122 siae
540 1089 570 1123 S.
585 1089 742 1122 Vincentii
766 1090 962 1125 huiusmodi,
980 1097 1041 1123 tam
1064 1091 1200 1135 111101111-

457 1154 507 1176 ma
529 1143 595 1176 vice
617 1144 656 1176 ab
686 1144 752 1176 eius
784 1145 947 1187 primaeva
977 1145 1138 1178 erectione
1170 1152 1196 1179 et

458 1197 656 1230 institutione
693 1198 857 1241 praefatis,
897 1209 992 1241 quam
1031 1198 1196 1242 deinceps,

459 1250 583 1294 quoties
596 1251 634 1283 de
647 1256 773 1283 eaetero
788 1251 874 1284 illam
889 1263 946 1295 per
957 1263 1092 1289 cessum,
1104 1253 1199 1286 etiam

457 1315 493 1336 ex
515 1315 608 1336 cansa
627 1305 882 1346 permutationis,
897 1306 945 1337 vel
960 1306 1125 1338 decessum
1147 1313 1198 1339 aut

457 1357 667 1400 privationem
689 1359 736 1390 vel
767 1358 860 1391 aliam
889 1359 1033 1402 quamvis
1054 1359 1199 1393 amissio-

457 1422 529 1443 nem
553 1412 599 1443 vel
621 1411 840 1444 dimissionem
862 1423 932 1444 eam
965 1423 1022 1456 pro
1057 1419 1200 1456 tempore

458 1465 641 1501 obtinentis,
666 1466 761 1498 etiam
783 1467 868 1509 apud
889 1466 1006 1499 dietam
1026 1467 1153 1503 Sedem,
1171 1474 1198 1501 et

457 1518 534 1551 alias
556 1519 667 1562 quovis
689 1520 785 1552 inodo
806 1526 832 1552 et
857 1530 891 1552 ex
920 1531 1200 1564 quonum-umque

456 1572 620 1614 personis,
662 1572 941 1616 qualitercumque
984 1574 1176 1616 qualilieatis

457 1636 696 1669 quarm-umque
736 1627 984 1659 reservationem
1021 1639 1055 1659 ex
1088 1638 1200 1660 eorum

456 1679 602 1722 personis
620 1679 859 1716 inducentibus,
881 1690 916 1712 ae
940 1680 970 1712 in
992 1681 1201 1724 qnilntscum—

456 1744 517 1775 que
539 1733 713 1770 mensibus,
738 1734 833 1766 etiam
852 1744 909 1777 per
927 1736 1054 1776 regulas
1072 1736 1200 1768 [11111001-
1216 1749 1217 1760 ¹

456 1787 553 1819 lariae
575 1793 624 1819 aut
658 1787 902 1820 constitutiones
925 1789 1124 1832 Apostolieas
1145 1782 1217 1822 seu3

456 1840 577 1873 litteras
598 1842 858 1874 alternativarum
880 1843 972 1875 nobis
993 1849 1019 1875 et
1041 1854 1098 1886 pro
1122 1850 1218 1876 tem-v

456 1904 533 1937 pore
555 1894 698 1927 existenti
714 1895 859 1928 Romano
873 1896 1019 1928 Pontifici
1036 1897 1081 1928 vel
1098 1897 1198 1930 dietae

1237 931 1378 973 integrae
1399 942 1434 964 ac
1455 932 1570 974 plenae
1590 932 1785 965 fundationis
1806 938 1836 965 et.
1855 943 1912 965 seu
1925 933 1981 966 do-

1216 998 1218 1031 ⁴]
1237 985 1363 1017 tationis
1384 997 1441 1029 per
1459 996 1513 1019 eos
1534 986 1572 1019 de
1593 986 1733 1030 propriis
1753 996 1865 1019 eorum
1888 987 1981 1020 bonis

1216 1069 1218 1089 ,
1236 1039 1517 1082 patrimonialibus
1556 1045 1584 1072 et
1621 1039 1788 1073 laicalibus
1824 1040 1980 1073 saetarum

1216 1090 1218 1109 ²
1235 1099 1444 1136 competeret,
1466 1099 1492 1125 et
1516 1094 1555 1126 de
1575 1093 1635 1126 hac
1655 1104 1713 1137 per
1728 1093 1859 1137 publiea
1879 1099 1909 1127 et
1925 1105 1981 1127 au-

1217 1151 1218 1167 1
1237 1145 1353 1177 tentica
1367 1146 1563 1179 documenta
1576 1146 1670 1190 plene
1688 1152 1717 1179 et
1738 1146 1880 1189 legitime
1898 1157 1977 1180 cou-

1235 1205 1347 1237 staret,
1378 1199 1487 1243 sieque
1518 1200 1579 1233 illis
1609 1212 1626 1233 a
1653 1200 1816 1244 primaeva
1836 1200 1980 1234 eiusdem

1236 1253 1382 1286 abbatiae
1404 1254 1560 1287 electione
1585 1260 1612 1287 et
1645 1254 1846 1288 institutione
1870 1265 1977 1288 reser-

1236 1313 1342 1339 vatum
1362 1307 1483 1343 suisset,
1507 1318 1542 1340 ae
1561 1318 1619 1351 pro
1650 1308 1702 1340 tali
1725 1314 1752 1341 et
1776 1314 1807 1341 ut
1832 1308 1892 1340 tale
1922 1308 1979 1341 ha-

1217 1361 1302 1408 tberi
1325 1366 1351 1393 et
1375 1361 1516 1403 reputari
1539 1362 1672 1396 debere:
1704 1373 1760 1394 nec
1794 1373 1858 1395 non
1886 1374 1980 1406 quas-

1217 1421 1219 1444 t
1235 1426 1373 1459 cumque
1388 1415 1612 1457 derogationes
1634 1416 1902 1460 iurispatronatus
1922 1417 1981 1450 hu-

1217 1470 1219 1475 ⁴
1237 1469 1374 1501 iusmodi
1393 1479 1427 1501 ac
1449 1479 1562 1501 omnes
1583 1474 1610 1501 et
1624 1469 1765 1512 singulas
1778 1470 1977 1509 collationes,

1236 1522 1445 1566 provisiones,
1470 1523 1679 1555 commendas
1697 1528 1724 1555 et
1747 1523 1825 1556 alias
1845 1523 1981 1567 disposi-

1190 1602 1196 1610 ,
1217 1589 1218 1601 ³
1236 1576 1338 1609 tiones
1359 1576 1397 1608 de
1418 1575 1502 1608 dicta
1521 1576 1649 1609 abbatia
1668 1577 1712 1609 sit·
1729 1583 1847 1616 erecta,
1868 1577 1981 1620 quovis

1216 1619 1219 1634 ‘
1237 1630 1344 1665 modo,
1366 1635 1393 1661 et
1417 1640 1452 1661 ex
1474 1629 1705 1673 cuiuscumque
1723 1640 1872 1673 persona,
1884 1630 1980 1663 etiam

1236 1684 1320 1727 apud
1339 1683 1457 1716 dietam
1478 1684 1593 1717 Sedent
1615 1689 1762 1725 vacante,
1786 1683 1897 1728 quavis
1917 1695 1977 1717 au-

1235 1737 1381 1770 ctoritate
1402 1737 1497 1770 etiam
1523 1748 1580 1781 per
1604 1748 1662 1770 nos
1693 1743 1760 1771 seu'
1780 1748 1981 1771 successores

1235 1796 1361 1823 nostros
1383 1802 1417 1823 ac
1439 1791 1553 1824 Sedem
1585 1791 1786 1831 huiusmodi,
1810 1802 1866 1824 seu
1895 1791 1980 1824 illius

1235 1843 1356 1885 legatos
1377 1844 1423 1876 vel
1446 1844 1609 1877 ministros
1629 1850 1682 1877 aut
1704 1845 1783 1878 alios
1801 1855 1978 1888 quoscum-

1235 1907 1307 1939 que,
1332 1897 1409 1929 alias
1430 1908 1526 1940 quam
1549 1898 1589 1930 ad
1611 1897 1754 1941 ipsorum
1776 1898 1895 1931 dueum
1922 1908 1981 1941 pro

455 1947 526 1980 Sedi
548 1948 716 1981 reservatis
737 1959 792 1981 seu
814 1949 945 1987 affectis,
964 1956 1013 1982 ant
1038 1950 1217 1998 loeiOi·cli-t
1237 1956 1379 1993 tempore
1392 1951 1594 1983 existentium
1615 1951 1917 1994 praesentationem,
1933 1952 1978 1984 vel

455 2001 546 2033 nario
568 2002 737 2038 concessis,
761 2003 807 2035 vel
830 2003 907 2036 alias
925 2004 963 2036 de
986 2004 1053 2036 iure
1080 2015 1134 2037 seu
1164 2015 1198 2037 ex
1215 1999 1217 2025 *¹
1234 2003 1301 2036 sine
1323 2004 1451 2036 illorum
1466 2015 1615 2048 expresso
1636 2015 1810 2041 consensu,
1826 2015 1885 2049 pro
1901 2010 1982 2037 tem-

457 2054 622 2097 privileeio
644 2056 911 2099 competentibus,
929 2063 990 2089 tam
1012 2054 1217 2099 1111101111111111
1235 2068 1312 2101 pore
1333 2058 1504 2098 faciendas,
1529 2069 1564 2090 ar
1592 2058 1666 2091 inde
1697 2064 1834 2102 sequuta
1865 2065 1894 2092 et
1925 2071 1977 2093 se-

455 2108 546 2140 Curia
567 2119 663 2151 quam
685 2115 771 2141 extra
790 2121 860 2142 eam
882 2121 993 2143 vacare
1015 2111 1195 2153 contigerit,
1215 2109 1217 2141 ἶ
1234 2112 1362 2154 quenda
1394 2122 1629 2155 quaecumque,
1660 2112 1751 2145 nulla
1782 2118 1809 2145 et
1842 2112 1981 2147 invalida

456 2172 512 2204 per
533 2172 589 2193 nos
611 2168 638 2194 et
661 2163 763 2195 dictos
788 2174 987 2196 successores
1012 2170 1138 2197 nostros
1159 2166 1199 2198 ad
1215 2147 1217 2179 i
1234 2165 1418 2208 nulliusspie
1439 2165 1565 2198 roboris
1591 2166 1637 2198 vel
1670 2166 1825 2199 momenti
1856 2166 1924 2200 sore
1950 2173 1979 2201 et

456 2215 745 2257 praesentationem
757 2217 941 2250 huiusmodi
955 2217 1195 2256 instituendam,
1215 2241 1217 2246 ι
1234 2230 1312 2254 esse,
1338 2230 1395 2251 nec
1417 2219 1567 2263 cuiquam
1589 2219 1773 2261 suffragari,
1797 2231 1902 2264 neque
1922 2231 1981 2264 per

456 2274 483 2300 et
510 2279 566 2300 seu
587 2269 625 2301 ad
647 2269 717 2306 boe,
742 2276 773 2302 ut
808 2271 939 2303 eaedem
970 2282 1124 2314 personae
1155 2273 1198 2305 sic
1215 2269 1217 2319 J
1234 2283 1288 2305 eos
1306 2272 1353 2304 ius·
1373 2273 1509 2316 acquiri,
1524 2273 1571 2306 vel
1591 2273 1687 2306 etiam
1701 2273 1880 2307 coloratum
1899 2285 1976 2318 pos-

455 2328 675 2364 praesentatae
697 2324 735 2356 de
756 2324 884 2357 abbatia
903 2326 1060 2358 saeculari
1083 2327 1195 2359 buius-
1215 2336 1216 2339 ’
1233 2326 1357 2358 sidendi
1382 2325 1509 2358 titulum
1532 2326 1640 2358 tribui.

457 2376 544 2408 modi
562 2386 620 2419 per
640 2386 697 2409 nos
717 2383 744 2409 et
769 2378 897 2410 eosdem
916 2389 1117 2411 successores
1135 2390 1195 2412 uo-
1214 2360 1216 2408 l
1279 2382 1294 2418 ξ
1313 2382 1342 2413 ll.
1358 2381 1420 2413 Nee
1442 2391 1505 2413 non
1528 2387 1711 2424 praesentes
1733 2381 1865 2419 litteras,
1882 2382 1978 2415 etiam

455 2434 537 2461 stros
566 2434 593 2461 et
625 2429 739 2462 Sedent
772 2431 947 2473 inaestuant
977 2433 1195 2476 provideatur,
1214 2423 1216 2467 l
1234 2444 1270 2465 ex
1291 2444 1328 2466 eo
1350 2434 1435 2477 quod
1457 2444 1582 2472 causae,
1600 2440 1733 2478 propter
1750 2445 1829 2477 quas
1850 2445 1979 2468 emana-

456 2482 576 2515 eisdem
598 2484 786 2516 auctoritate
801 2491 827 2517 et
852 2491 972 2521 tenore,
987 2487 1107 2529 pariter
1121 2498 1195 2530 per·
1215 2469 1216 2537 i
1234 2492 1318 2523 runt,
1343 2493 1370 2519 et
1394 2487 1454 2519 alia
1475 2487 1652 2530 praemissa
1678 2497 1786 2520 coram
1808 2487 1979 2521 Ordinario

457 2542 553 2579 petuo
573 2546 784 2571 reservamus,
809 2538 1026 2575 concedimus,
1053 2546 1081 2572 et
1116 2540 1195 2572 assi-
1215 2549 1216 2564 1
1235 2540 1293 2573 loci
1316 2540 1479 2573 verificam
1499 2546 1527 2573 et
1557 2541 1744 2584 purificata,
1769 2551 1805 2574 ac
1826 2541 1978 2575 interesse

457 2600 607 2629 emamus:
632 2590 840 2623 decernentes
870 2593 977 2634 quoad
1004 2594 1195 2626 reservatio—
1215 2583 1216 2588 ¹
1234 2594 1341 2626 forsan
1362 2594 1516 2627 habentes
1533 2595 1573 2627 ad
1594 2595 1625 2627 id
1646 2594 1748 2627 vocati
1763 2604 1827 2627 non
1846 2595 1974 2635 fuerint,

459 2654 531 2676 nem
553 2643 820 2687 iurispatronatus
840 2650 867 2677 et
890 2647 1114 2688 praesentandi
1142 2647 1196 2679 bu⁴
1234 2648 1280 2680 vel
1313 2659 1348 2681 ex
1370 2647 1480 2690 quavis
1507 2648 1568 2680 alia
1589 2659 1684 2681 eausa
1712 2654 1742 2681 et
1772 2659 1978 2691 quocumque
2102 2665 2113 2679 ν.

459 2697 597 2730 iusmodi
618 2697 736 2730 Didaco
757 2703 786 2730 et
807 2698 946 2731 Ioannae
966 2709 1001 2731 ae
1022 2710 1080 2742 pro
1114 2705 1196 2732 tem·
1214 2709 1218 2742 t
1233 2705 1399 2744 praetextu
1417 2701 1456 2733 de
1476 2701 1692 2744 subreptionis
1713 2702 1760 2734 vel
1778 2700 1976 2744 obreptionis

2021 2385 2140 2406 Clausulam
