2226 3070
217 254 270 281 An.
283 252 312 280 C.
331 253 399 280 1590

243 1602 340 1622 etnusutu
350 1602 400 1622 sub-

218 1637 252 1653 atn
267 1636 288 1653 οι
317 1634 400 1653 derre-

221 1670 253 1683 um
273 1665 360 1684 tntum

271 2303 404 2324 fluecutores

222 2336 315 2361 deputat.

457 240 521 276 176

414 311 496 337 strae
510 305 637 339 defectu
652 305 770 345 notari,
781 305 978 349 impugnari,
994 303 1161 336 invalidari

413 359 521 392 autad
543 358 697 392 terminos
718 359 798 392 iuris
818 357 943 397 reduci,
975 368 1031 390 scu
1056 356 1088 389 in
1114 356 1163 389 ius

413 412 460 445 vcl
482 412 732 445 controversiam
755 411 908 451 revocari,
933 416 988 443 aut
1013 410 1164 443 adversus

414 476 467 498 eas
487 465 718 509 quodcumque
735 465 814 497 iuris
827 469 882 497 aut
894 463 966 496 sacti
978 464 1025 497 rel
1044 463 1162 507 gratiae

414 518 593 551 remedium
616 518 795 562 impetrari,
824 517 995 560 minusque
1016 517 1075 550 snb
1095 516 1163 560 qui-

413 572 520 604 busvis
532 571 687 604 similium
701 571 748 603 vel
764 570 970 603 dissimilium
986 570 1162 613 gratiarum

415 625 682 663 revocationibus,
703 624 981 668 suspensionibus,
997 624 1163 658 limitatio-

413 679 506 711 nibns
540 684 571 711 et
603 678 672 711 aliis
700 678 872 711 contrariis
899 678 1164 722 dispositionibus

414 732 645 775 comprehendi
665 742 771 775 posse;
806 731 861 765 scd
891 742 1018 775 semper
1038 731 1077 764 ab
1102 731 1165 764 illis

413 791 572 829 exceptas,
598 792 629 818 et
647 785 775 829 quoties
795 785 868 818 illae
886 786 1096 825 emanabunt,
1119 791 1165 818 to-

413 839 473 871 ties
502 839 533 871 in
558 839 732 882 pristinum
766 844 797 872 et
821 850 893 872 cum
921 839 952 872 in
984 850 1048 882 quo
1074 845 1164 872 ante-

412 903 511 935 quam
533 893 607 925 illae
625 899 828 934 emanarent,
844 899 946 934 crant,
975 899 1091 926 statum
1113 903 1164 926 re-

412 947 718 990 stitutas‚repositas
735 953 766 980 et
786 947 930 991 plenarie
947 946 1165 990 reintegratas‚

414 1011 450 1032 ac
470 1000 510 1033 de
526 1011 608 1033 novo
620 1011 802 1041 concessas,
825 1001 921 1033 etiam
932 1000 990 1033 sub
1011 1011 1165 1044 quacum-

413 1065 476 1097 que
501 1054 575 1087 data
610 1065 666 1098 per
694 1059 722 1087 te
750 1054 908 1098 eligenda,
932 1054 1116 1098 validasque
1137 1059 1167 1087 et

414 1107 564 1140 efficaces
584 1117 712 1151 semper
737 1108 804 1140 sore
824 1113 853 1140 et
870 1118 949 1147 esse,
970 1107 1098 1151 vimque
1116 1118 1167 1140 va-

416 1160 472 1193 lidi
493 1166 520 1193 et
549 1161 689 1194 efficacis
718 1166 904 1194 contractus
930 1161 1013 1194 inter
1049 1172 1106 1194 uos
1137 1167 1168 1194 et

415 1214 532 1247 Sedent
558 1225 595 1247 ac
615 1215 782 1247 Caineram
816 1214 974 1257 praefatas
995 1226 1030 1247 cx
1052 1225 1117 1248 nna
1138 1220 1168 1248 et

415 1273 445 1299 te
466 1278 503 1300 ex
520 1268 621 1301 altera
641 1268 786 1312 partibus
823 1268 882 1301 rite
904 1274 934 1301 et
973 1274 1058 1302 recte
1084 1268 1167 1308 sacti,

416 1321 486 1354 initi
504 1327 534 1353 et
555 1321 710 1365 stipulati,
743 1332 779 1354 ac
800 1322 895 1355 etiam
918 1322 993 1355 binc
1019 1322 1094 1356 inde
1114 1333 1168 1355 ac-

416 1376 547 1419 ceptati,
570 1376 689 1409 habere
713 1382 743 1409 et
763 1376 924 1417 obtinere,
947 1387 983 1409 ac
1005 1376 1169 1409 inviolabi-

417 1429 489 1462 liter
509 1429 685 1469 observari,
707 1440 901 1474 semperque
923 1430 1043 1463 validas
1069 1436 1097 1463 et
1125 1430 1170 1463 es-

417 1483 533 1516 tieaces
554 1483 702 1517 existere.

460 1537 475 1579 ἓ
495 1536 549 1570 50.
572 1537 690 1580 Sicque
712 1548 770 1581 per
796 1548 1019 1580 quoscumque
1045 1538 1170 1571 indices

416 1596 445 1623 et
465 1591 716 1631 commissarios,
730 1591 825 1624 etiam
839 1592 871 1624 S.
888 1591 924 1624 R.
938 1592 972 1624 E.
990 1592 1170 1625 cardinales

417 1649 446 1676 et
466 1644 695 1684 camerarium,
711 1644 882 1688 dictaeque
903 1644 1055 1678 Gamerae
1075 1656 1169 1689 prae-

417 1698 559 1730 sidentes
579 1704 610 1730 et
630 1697 776 1738 clericos,
802 1709 839 1730 ac
869 1698 1168 1743 PalatiiApostolici

417 1751 580 1784 auditores
598 1752 770 1796 praefatos,
793 1752 918 1785 sublata
940 1753 986 1785 eis
1006 1759 1034 1786 et
1055 1763 1168 1786 eorum

416 1805 548 1838 cuilibet
566 1806 677 1850 quavis
700 1806 794 1839 aliter
815 1806 981 1839 iudicandi
1017 1813 1044 1839 et
1068 1807 1169 1840 inter-

416 1860 564 1904 pretandi
578 1860 728 1893 facultate
739 1866 769 1893 et
789 1861 992 1902 auctoritate,
1010 1861 1041 1893 in
1059 1861 1171 1905 quavis

417 1924 514 1946 causa
534 1920 562 1947 et
598 1914 760 1955 instantia,
788 1926 824 1947 ac
857 1915 979 1959 ubique
1007 1915 1167 1955 locorum,

418 1968 554 2000 iudicari
576 1979 612 2001 ac
626 1968 755 2001 definiri
776 1969 909 2008 debere3
931 1980 967 2001 as:
988 1969 1115 2002 irritum
1141 1975 1169 2002 et

417 2020 511 2054 inane
545 2021 570 2054 si
602 2034 693 2055 secus
726 2034 824 2067 super
857 2023 906 2056 liis
939 2034 957 2056 a
991 2034 1168 2067 quoquam,

417 2076 527 2120 quavis
540 2077 744 2117 auctoritate,
758 2077 898 2110 scienter
909 2077 955 2110 vel
971 2078 1168 2120 ignoranter,

418 2130 590 2173 contigerit
609 2130 771 2171 attentari,
794 2131 987 2164 anctoritate
1009 2137 1037 2165 et
1059 2137 1170 2165 tenore

418 2184 602 2226 praemissis
626 2184 844 2217 decernimus.

464 2237 479 2279 ξ,
499 2237 551 2270 51.
574 2237 732 2276 Quocirca
753 2238 994 2271 venerabilibus
1020 2239 1171 2272 fratribus

419 2290 537 2323 nostris
557 2292 758 2325 Amerinensi
769 2298 799 2326 et
811 2293 1036 2326 Tudertinensi
1049 2293 1172 2337 episco—

420 2344 480 2388 pis,
497 2355 533 2377 ac
549 2344 667 2378 dilecto
687 2345 754 2378 filio
767 2346 883 2379 Curiae
897 2357 1069 2380 causarum
1090 2347 1172 2380 eius-

420 2398 493 2430 dem
511 2398 663 2431 Gamerae
683 2400 826 2441 generali
843 2399 994 2440 auditori,
1020 2411 1078 2444 per
1093 2411 1171 2444 apo-

421 2447 532 2480 stolica
558 2447 678 2492 scripta
706 2449 896 2482 mandamus
921 2456 1081 2493 quatenus
1101 2450 1171 2493 ipsi,

422 2497 469 2529 vel
485 2496 550 2529 duo
570 2503 622 2529 ant
644 2507 730 2530 unns
745 2508 871 2539 eorum,
890 2509 949 2542 per
960 2509 992 2531 se
1011 2499 1059 2532 vel
1073 2499 1171 2531 alium

422 2557 478 2578 seu
496 2546 586 2586 alios,
600 2547 918 2589 praesenteslitteras
938 2553 968 2580 et
989 2548 1019 2580 in
1042 2548 1087 2580 eis
1097 2558 1173 2580 con-

421 2605 508 2632 tenta
532 2611 768 2644 quaecumque,
789 2601 844 2633 ubi
881 2607 909 2634 et
936 2602 1066 2644 qnando
1091 2612 1174 2646 opus

422 2649 530 2689 fuerit,
552 2660 587 2683 ac
607 2649 734 2694 quoties
755 2660 814 2694 pro
841 2656 930 2693 parte
965 2657 1019 2683 tna
1054 2650 1173 2683 suerint

1007 250 1184 275 BULLARIUM
1210 251 1359 288 ROMANUM

1205 303 1363 346 requisiti,
1389 303 1579 336 solemniter
1598 302 1814 346 publicantes;
1832 303 1954 347 tibique

1205 356 1237 388 in
1263 355 1447 399 praemissis
1476 355 1616 388 efficacis
1645 355 1841 389 defensionis
1865 367 1956 400 prae-

1205 409 1286 442 sidio
1306 409 1501 449 assistentes,
1522 408 1640 441 faciant
1657 413 1686 440 te
1706 409 1953 452 approbatione,

1206 462 1463 502 confirmatione,
1484 461 1705 499 concessione,
1727 462 1954 505 assignatione,

1206 516 1391 561 receptione.
1406 543 1413 556 ,
1453 515 1671 556 admissione,
1711 515 1954 558 subrogatione,

1206 570 1448 610 constitutione,
1471 569 1635 610 mandato,
1657 568 1791 612 singulis
1811 569 1957 609 indultis,

1206 624 1380 663 voluntate,
1403 623 1552 663 decretis,
1576 629 1709 664 statuto,
1727 622 1958 667 impartitione,

1207 678 1415 718 remissione,
1454 677 1705 717 condonatione,
1747 676 1957 719 obligatione,

1207 732 1481 776 hypothecatione
1509 731 1646 776 aliisque
1664 731 1850 776 praemissis
1870 731 1959 775 paci-

1207 786 1267 819 fice
1297 785 1360 818 l'rni
1391 792 1422 819 et
1453 786 1607 829 gaudere:
1635 795 1701 818 non
1732 784 1961 828 permittentes

1208 846 1237 873 te
1263 851 1320 884 per
1340 840 1570 882 camerarium,
1593 839 1815 884 praesidentes
1831 850 1870 872 ac
1896 839 1959 872 ele-

1208 895 1292 928 ricos
1316 895 1478 938 praefatos
1513 905 1569 927 sen
1608 904 1832 937 quoscumque
1865 893 1958 934 alios,

1207 948 1319 992 quavis
1343 948 1533 982 auctoritate
1567 948 1749 991 fungentes,
1782 947 1962 990 quomodo-

1208 1001 1283 1034 libet
1311 1007 1424 1034 contra
1445 1008 1590 1034 tenorem
1611 1001 1830 1045 praesentium
1859 1001 1960 1034 mote-

1209 1055 1296 1096 slari,
1314 1055 1511 1099 perturbari,
1532 1054 1705 1099 inquietari
1722 1060 1778 1088 aut
1797 1054 1957 1098 impediri.

1208 1108 1470 1142 Contradictores
1494 1108 1657 1152 quoslibet,
1683 1115 1715 1141 et
1741 1108 1879 1141 rebelles
1904 1118 1963 1152 per

1210 1162 1394 1203 sententias,
1426 1173 1579 1196 censuras
1607 1168 1639 1196 et
1665 1172 1786 1206 poenas
1809 1161 1959 1195 ecclesia-

1210 1216 1315 1257 sticas,
1329 1216 1456 1261 aliaque
1476 1222 1661 1260 opportuna
1681 1216 1762 1249 iuris
1782 1221 1812 1248 et
1827 1215 1900 1248 sacti
1916 1225 1963 1248 rea

1211 1270 1329 1311 media,
1365 1270 1582 1315 appellatione
1613 1269 1803 1314 postposita,
1830 1279 1963 1312 compe-

1210 1323 1349 1365 scendo,
1372 1323 1587 1367 legitimisque
1607 1334 1706 1368 super
1729 1322 1779 1355 his
1807 1322 1964 1355 habendis

1211 1377 1342 1410 serratis
1362 1378 1578 1421 processibus,
1599 1375 1784 1417 sententias,
1809 1386 1964 1409 censuras

1211 1436 1241 1463 et
1266 1441 1388 1474 poenas
1407 1431 1491 1475 ipsas
1512 1431 1606 1464 etiam
1628 1430 1747 1464 iteratis
1772 1429 1894 1462 vicibus
1910 1441 1965 1473 ag-

1211 1484 1387 1527 gravando;
1405 1484 1554 1517 invocato
1571 1484 1667 1517 etiarn
1684 1484 1724 1517 ad
1744 1484 1818 1525 boc,
1840 1484 1866 1516 si
1882 1493 1965 1527 opus

1212 1538 1321 1577 fuerit,
1343 1538 1462 1571 auxilio
1482 1538 1605 1572 brachii
1623 1538 1810 1571 saecularis.
1824 1537 1894 1570 Non
1909 1537 1966 1570 ob-

1212 1591 1372 1624 stantibus
1392 1591 1677 1625 constitutionibus
1697 1596 1728 1623 et
1747 1590 1963 1624 ordinationi-

1212 1644 1273 1677 bus
1291 1645 1489 1689 apostolicis,
1514 1655 1642 1678 necnon
1653 1644 1876 1685 ecclesiarum,
1895 1654 1965 1677 mo-

1212 1698 1440 1739 nasteriorum,
1460 1699 1608 1732 locorum
1630 1703 1660 1731 et
1691 1697 1849 1731 Ordinum
1883 1707 1964 1741 quo-

1213 1762 1446 1796 rumcumque,
1483 1752 1680 1792 iuramento,
1717 1751 1967 1784 confirmatione

1212 1806 1389 1849 apostolica
1409 1807 1458 1839 vel
1474 1807 1586 1850 quavis
1606 1806 1758 1839 firmitate
1778 1805 1840 1838 alia
1869 1805 1965 1838 robo-

1214 1860 1300 1900 ratis,
1327 1860 1452 1893 statutis
1482 1867 1513 1893 et
1539 1859 1846 1899 consuetudinibus,
1868 1858 1966 1903 privi-

1213 1913 1303 1956 legiis
1323 1925 1465 1958 qnoque,
1483 1914 1618 1947 indultis
1636 1920 1664 1947 et
1683 1913 1798 1946 litteris
1810 1912 1966 1957 apostoli-

1213 1967 1271 2007 cis,
1295 1968 1357 2001 illis
1379 1969 1576 2012 illorumque
1597 1967 1821 2012 superioribus
1841 1973 1871 2000 et
1891 1977 1965 2011 per-

1212 2022 1311 2062 sonis,
1330 2022 1502 2067 dictaeque
1529 2023 1682 2057 Gamerae
1703 2021 1829 2055 clericis
1851 2027 1880 2054 et
1900 2021 1966 2055 col-

1213 2075 1352 2118 legi0,ac
1364 2077 1530 2120 quibusvis
1539 2077 1619 2118 aliis,
1631 2077 1690 2110 snb
1702 2077 1965 2121 quibuscumque

1213 2132 1381 2166 tenoribus
1407 2139 1437 2166 et
1466 2133 1591 2174 formis,
1618 2144 1654 2166 ac
1682 2143 1756 2165 cnm
1786 2132 1964 2176 quibusviS,

1214 2187 1309 2220 etiam
1330 2187 1610 2231 derogatoriarum
1631 2186 1857 2230 derogatoriis‚
1880 2186 1966 2219 aliis-

1213 2253 1275 2286 que
1300 2242 1537 2275 efficacioribus
1571 2248 1599 2274 et
1633 2240 1769 2274 insolitis
1798 2240 1964 2281 clausulis,

1214 2296 1479 2338 irritantibusqne
1513 2302 1541 2328 et
1575 2295 1646 2328 aliis
1678 2294 1835 2335 decretis,
1871 2294 1966 2327 etiam

1214 2349 1334 2382 iteratis
1366 2349 1490 2382 vicibus
1524 2348 1698 2388 concessis,
1720 2348 1909 2392 approbatis
1937 2352 1967 2380 et

1215 2403 1392 2443 innovatis;
1426 2403 1546 2447 quibus
1576 2403 1728 2435 omnibus
1759 2407 1790 2435 et
1819 2401 1964 2444 singulis,

1215 2452 1310 2485 etiam
1332 2453 1370 2492 si,
1393 2463 1452 2497 pro
1473 2453 1605 2485 illorum
1636 2451 1808 2485 sufficienti
1834 2451 1968 2493 deroga-

1215 2502 1316 2543 tione,
1339 2503 1377 2535 de
1398 2502 1462 2535 illis
1482 2513 1663 2546 eorumque
1697 2501 1772 2534 totis
1798 2500 1967 2534 tenoribus

1214 2552 1375 2595 specialis,
1398 2551 1563 2596 specifica,
1583 2550 1746 2583 individua
1768 2555 1966 2592 etexpressa,

1215 2612 1251 2633 ac
1272 2601 1311 2634 de
1343 2600 1440 2633 verbo
1470 2600 1509 2632 ad
1531 2600 1676 2639 verbum,
1697 2609 1761 2632 non
1781 2604 1888 2631 autem
1910 2608 1968 2641 per

1216 2650 1377 2683 clausulas
1414 2649 1580 2691 generales
1618 2648 1702 2681 idem
1735 2647 1964 2691 imponantes,

1968 250 2021 278 An.
2039 250 2068 278 C.
2085 250 2153 279 1590
