2226 3070
215 264 268 293 An.
285 264 313 293 C.
332 264 399 293 1588

242 327 399 353 arehiepisco-

217 365 255 387 pus
309 359 400 383 desuper

217 394 341 416 processum
355 388 401 408 tor-

218 422 287 446 mavit,
339 425 400 446 quem

218 452 314 471 Summus
330 450 401 471 Ponu-

217 483 251 503 fex
280 481 402 502 cardinali-

217 512 402 533 busrevidendum

218 544 329 570 commisit,
382 546 404 564 et.

219 578 244 597 dc
282 576 401 602 aliquorum

219 614 245 628 ex
265 607 327 628 dictis
349 606 403 626 San-

219 640 258 660 ctis
278 637 404 664 corporibus

219 670 344 690 inventione
353 669 404 689 satis

220 704 306 724 constit.

263 2199 359 2219 Summus
381 2199 421 2218 ita-

240 2237 280 2258 que
323 2230 421 2251 Pontum

238 2263 318 2289 gratias
332 2265 419 2289 propte-

238 2299 276 2314 rca
323 2295 423 2319 ingentes

239 2326 282 2347 neu
296 2326 394 2350 reddidit,

416 314 608 348 venerabilis
632 314 738 347 fratris
769 313 899 347 Antonii
931 309 1168 354 archiepiscopi

416 368 635 404 Messanensis,
655 367 878 411 compluribus
888 366 1027 408 desuper
1047 363 1168 396 exami-

418 422 501 455 natis
522 421 666 460 testibus,
689 431 723 453 ac
745 430 898 463 processu
920 419 1058 450 formato
1079 422 1109 449 et
1130 415 1168 448 ad

418 485 476 508 1105
498 474 696 513 transmisso,
711 473 742 505 id
754 472 845 505 nobis
862 471 1079 513 significatum
1096 468 1166 501 suit.

418 539 488 568 nos,
512 528 722 566 attendentes,
738 526 823 558 iuxta
841 523 1102 567 antiquissimum
1120 534 1171 556 ca-

420 580 558 613 tholicae
579 584 609 612 ct
628 578 823 622 apostolicae
839 576 1001 610 Ecclesiae
1022 586 1136 616 usum,
1154 586 1171 609 a

419 633 588 678 primaevis
610 631 803 665 christianae
829 629 994 672 religionis
1014 629 1171 674 tempori-

419 688 478 720 bus
518 690 683 729 receptum
701 711 708 725 ‚
748 689 997 727 sanctorumque
1039 683 1172 716 Patrum

419 740 606 772 unanimem
620 737 866 771 consensionem
879 743 909 770 et
920 747 1085 770 sacrorum
1098 747 1174 770 con-

419 792 581 833 ciliorum,
605 802 642 824 30
671 790 843 824 novissime
873 790 1076 823 oecumenici
1103 790 1173 823 Tri-

420 844 544 878 dentini
565 845 715 884 decreta,
738 844 907 877 beatorum
942 843 1115 887 Martyrum
1145 849 1175 876 et

420 898 558 931 aliorum
576 908 649 930 011111
662 897 789 930 Christo
806 897 838 930 in
854 897 953 930 coelis
969 897 1174 939 regnantium

421 956 529 984 sancta
559 961 708 994 corpora,
723 961 781 995 per
796 961 879 994 quae
896 951 998 983 multa
1018 949 1177 983 beneficia

421 1016 439 1038 a
473 1004 537 1037 Deo
572 1004 764 1037 mortalibus
784 1009 999 1047 praestantur,
1033 1012 1177 1046 congruo

423 1058 555 1102 quidem
580 1058 704 1090 honore
724 1058 906 1090 veneranda
927 1067 1008 1097 esse,
1031 1057 1085 1090 sed
1107 1068 1177 1090 03111

425 1111 639 1145 adhibendam
661 1111 847 1144 cautionem
868 1111 901 1143 10
915 1121 1080 1143 sacrarum
1102 1111 1178 1143 reli-

425 1165 576 1208 quiarum
597 1164 813 1204 veneratione,
829 1169 864 1197 ut
876 1163 980 1196 omnis
993 1164 1179 1208 superstitio

423 1219 566 1259 tollatur,
586 1228 645 1251 nec
670 1228 767 1251 novas
792 1217 949 1260 reliquias
977 1217 1181 1260 recipiendas

423 1283 504 1311 csse,
531 1271 592 1304 nisi
606 1270 695 1314 prius
713 1272 752 1303 ab
770 1271 924 1314 episcopo
942 1270 1129 1313 recognitae
1151 1277 1181 1303 et

423 1325 620 1368 approbatae
656 1324 789 1363 suci-uir,
817 1322 1075 1365 recognitionem
1109 1334 1181 1366 pro-

424 1388 532 1411 cessus
563 1377 748 1410 huiusmodi
774 1376 1012 1409 venerabilibus
1028 1377 1182 1409 fratribus

426 1432 542 1465 nostris
557 1431 590 1464 S.
613 1431 649 1464 R.
667 1431 700 1463 E.
724 1430 955 1470 cardinalibus,
971 1441 1069 1474 super
1082 1430 1181 1463 inter-

428 1485 607 1529 pretatione
647 1491 677 1518 et
711 1484 901 1517 executione
940 1483 1016 1517 dicti
1054 1484 1183 1517 concilii

426 1538 603 1571 Tridentini
617 1538 790 1582 deputatis,
806 1537 957 1571 duximus
975 1537 1183 1570 committen-

427 1593 512 1633 (13111;
527 1592 593 1635 qui,
617 1591 686 1635 ipso
712 1601 865 1635 processu
886 1591 1069 1634 diligenter,
1089 1596 1186 1635 prout

428 1646 475 1679 rei
513 1645 651 1688 gravitas
681 1644 877 1688 postulabat,
913 1644 1117 1678 considerato
1156 1650 1186 1677 et

431 1699 609 1741 recognito,
632 1708 759 1731 necnon
771 1703 882 1731 vocato
895 1703 926 1730 ct
943 1697 1054 1730 audito
1072 1697 1185 1731 eodem

430 1752 570 1785 Antonio
591 1751 851 1795 archiepiscopo,
879 1750 935 1794 qui
956 1756 986 1783 et
1006 1761 1113 1784 sacras
1134 1762 1185 1784 re-

431 1805 548 1849 liquias
572 1810 603 1838 et
623 1805 685 1838 alia
706 1805 877 1847 complura
897 1804 1098 1847 antiquitatis
1117 1815 1186 1837 mo-

430 1863 587 1892 numenta
608 1858 640 1891 10
653 1869 690 1891 ca
712 1857 1008 1900 ecclesiainspexit,
1024 1863 1054 1890 et
1071 1858 1188 1890 deinde

432 1912 471 1945 ad
496 1922 553 1944 nos
574 1915 604 1944 et
624 1911 792 1943 beatorum
815 1910 1044 1953 Apostolorum
1077 1910 1189 1943 limina

434 1965 590 1997 visitanda
611 1965 642 1997 in
664 1964 781 1997 Urbem
803 1964 901 2003 venit,
925 1975 999 1997 cum
1021 1964 1113 1997 nobis
1138 1974 1188 1996 rc-

434 2018 581 2051 tulisscnt
607 2018 681 2051 satis
701 2023 849 2051 constare
881 2018 920 2050 (10
951 2017 1135 2061 aliquorum
1154 2028 1190 2050 ex

435 2072 528 2105 dictis
549 2071 666 2104 sanctis
686 2071 881 2115 corporibus
901 2070 1098 2103 inventione.

481 2126 495 2168 g
520 2125 551 2157 4.
574 2125 636 2157 Nos
657 2125 800 2168 prinuim
817 2124 947 2167 quidem
960 2124 1107 2166 ingentes
1126 2124 1190 2156 Deo

437 2178 653 2221 omnipotenti
678 2177 794 2220 gratias
820 2177 964 2219 egimus,
996 2177 1083 2220 quod
1109 2176 1192 2210 inter

438 2237 544 2264 cetera
564 2242 647 2274 (11130
667 2231 716 2263 1115
736 2230 930 2263 calamitosis
946 2236 977 2263 et
997 2230 1192 2263 turbulentis

439 2284 641 2329 temporibus
665 2283 842 2316 christiano
861 2284 982 2327 populo
999 2283 1030 2315 111
1051 2282 1193 2316 dieslar-

439 2338 525 2381 gitur
551 2337 693 2381 plurima
718 2342 747 2369 et
780 2336 916 2369 maxima
942 2336 1112 2376 beneficia,
1132 2336 1192 2369 hoc

441 2403 572 2435 quoque
591 2391 708 2433 insigni
731 2401 879 2431 munere,
907 2391 997 2433 quasi
1028 2390 1193 2434 pretiosis-

441 2441 522 2475 simo
544 2441 694 2473 thesauro
715 2439 852 2479 (1010010,
867 2438 1014 2483 dignatus
1032 2439 1072 2472 sit
1091 2439 1194 2472 dicto-

441 2501 514 2523 rum
535 2489 656 2522 Placidi
686 2494 718 2521 et
741 2489 905 2521 sociorum
927 2494 1105 2532 martyrum
1126 2498 1194 2521 me-

442 2549 578 2572 moriam
600 2548 767 2570 renovare.

486 2588 501 2631 {
518 2587 549 2620 5.
569 2587 661 2620 Nunc
680 2592 802 2626 autem,
822 2590 857 2618 ut
875 2597 933 2629 pro
955 2591 1065 2618 nostro
1090 2591 1196 2629 pasto-

442 2637 500 2672 rali
514 2635 631 2677 officio,
648 2640 805 2680 quantum
817 2635 850 2669 in
861 2634 955 2670 nobis
975 2640 1033 2677 est,
1044 2645 1196 2668 curemus

1014 257 1194 283 BULLAmtJu
1213 256 1365 281 ROMANUM

1210 319 1251 342 110
1267 309 1460 342 invictorum
1477 308 1652 352 Martyrum
1667 316 1816 351 corpora,
1835 307 1963 340 divinae

1211 372 1285 405 erga
1321 372 1380 394 nos
1420 361 1561 394 caritatis
1594 361 1729 404 pignora
1741 386 1748 400 ,
1784 371 1867 404 quae
1896 360 1964 393 viva

1212 415 1357 448 membra
1369 415 1499 448 suerunt
1512 414 1628 447 Christi
1646 418 1676 447 et
1693 414 1814 457 templa
1825 413 1966 458 Spiritus

1215 733 1388 776 gnissimus
1404 733 1511 767 honor
1521 733 1660 773 debitus,
1681 733 1707 766 si
1725 743 1791 766 non
1811 742 1871 776 pro
1882 732 1970 776 ipso-

1216 797 1288 819 rum
1310 786 1464 829 (lignitate
1489 797 1526 819 ae
1546 786 1682 827 meritis,
1701 787 1813 819 saltem
1833 796 1891 829 pro
1912 795 1971 818 no-

1217 845 1281 873 stra
1306 840 1462 873 tenuitate
1482 840 1656 880 trihuatur3
1688 840 1851 883 simulque
1885 839 1971 873 exci-

1219 898 1325 926 tentur
1345 893 1441 926 iidem
1455 893 1567 926 fideles
1584 893 1623 926 ad
1639 903 1752 926 eorum
1771 892 1903 935 vestigia
1913 903 1972 936 pro

1219 946 1374 989 cuiusque
1395 952 1491 990 captu
1516 946 1743 990 prosequenda
1769 951 1801 979 et
1823 946 1863 979 ad
1883 945 1974 979 invo-

1220 1000 1355 1032 candam
1377 1010 1472 1043 opem
1489 1000 1631 1040 illorum,
1644 1009 1725 1042 quos
1750 1004 1781 1031 et
1795 998 1897 1042 ipsius
1916 998 1975 1032 Ec-

1221 1053 1336 1087 clesiae
1357 1053 1606 1094 amantissimos,
1621 1059 1652 1087 et
1664 1058 1796 1097 propter
1807 1051 1976 1095 religiosae

1221 1107 1303 1141 vitae
1317 1107 1550 1152 professionem
1569 1113 1600 1140 ct
1619 1106 1894 1147 observationem,
1923 1117 1975 1140 ca-

1222 1161 1418 1200 stimoniam,
1430 1160 1633 1194 sanctitatem
1641 1166 1671 1194 et
1683 1164 1882 1194 constantem
1892 1159 1977 1193 chri-

1222 1215 1342 1248 stianae
1367 1215 1441 1248 fidei
1468 1214 1703 1248 confessionem
1725 1214 1878 1258 martyrio
1897 1224 1975 1247 con—

1223 1274 1429 1308 summatam,
1450 1267 1514 1301 Deo
1535 1266 1775 1311 acceptissimos
1790 1277 1859 1300 esse
1879 1266 1976 1300 intel—

1225 1321 1366 1364 ligimus,
1388 1332 1425 1354 30
1449 1320 1603 1364 denique,
1624 1320 1707 1353 utin
1724 1319 1916 1353 001·110111001
1927 1330 1977 1353 ve-

1224 1375 1404 1414 neratione,
1436 1374 1514 1414 Dei,
1541 1373 1596 1416 qui
1625 1384 1658 1406 se
1687 1383 1745 1417 per
1767 1383 1802 1406 05
1822 1373 1918 1406 1)3ν1(1
1946 1372 1978 1406 10

1225 1427 1348 1461 Sanctis
1375 1426 1441 1459 suis
1471 1426 1595 1459 laudari
1622 1426 1791 1470 praecipit,
1820 1426 1980 1460 immensa

1226 1481 1352 1513 bonitas
1372 1479 1574 1523 glorificetur
1585 1485 1616 1512 et
1632 1479 1704 1524 piae
1717 1479 1978 1513 christifidelium

1227 1539 1350 1567 mentes
1370 1533 1410 1566 ad
1428 1543 1541 1566 eorum
1562 1532 1752 1566 memoriam
1773 1532 1979 1565 recolendam

1228 1585 1444 1619 anniversaria
1461 1585 1772 1619 commemoratione
1788 1590 1820 1618 et
1843 1584 1981 1618 celebri-

1228 1646 1291 1673 tate
1324 1639 1573 1679 admoneantur;
1609 1638 1717 1672 habita
1736 1638 1980 1682 praedictorum

1229 1693 1444 1727 cardinalium
1465 1693 1632 1733 relatione,
1652 1692 1691 1726 de
1711 1702 1826 1726 eorum
1846 1692 1981 1726 consilio

1229 1752 1259 1780 01.
1279 1757 1422 1787 assensu,
1445 1746 1636 1779 auctoritate
1656 1746 1845 1790 apostolica,
1868 1750 1982 1779 tenore

1230 1799 1461 1845 praesentium,
1489 1799 1708 1844 praecipimus
1728 1804 1763 1832 ut
1788 1799 1981 1832 eorumdem

1231 1858 1416 1886 sanctorum
1431 1853 1604 1896 Martyrum
1622 1852 1744 1886 Placidi
1767 1857 1798 1886 01
1817 1851 1982 1885 sociorum

1231 1906 1298 1939 dies
1320 1908 1430 1946 festus,
1449 1917 1513 1949 11110
1529 1906 1602 1950 ipsi,
1615 1906 1701 1939 bono
1714 1911 1745 1940 et
1759 1905 1902 1948 legitimo
1916 1915 1983 1939 cer-

1232 1960 1351 1992 tamine
1372 1970 1430 2004 pro
1444 1960 1559 1993 Christi
1580 1959 1682 2002 gloria
1701 1959 1863 2000 absoluto,
1886 1969 1984 1993 cursu

1233 2019 1477 2054 consummato,
1511 2014 1574 2047 side
1609 2019 1756 2053 servata,
1783 2013 1986 2047 nobilissima

1234 2067 1377 2111 martyrii
1399 2077 1520 2100 corona
1554 2067 1709 2107 decorati,
1739 2067 1779 2099 ad
1813 2066 1986 2100 coelestem

1234 2121 1368 2164 patriam
1386 2120 1616 2163 migraverunt,
1636 2119 1791 2152 nimirum
1813 2119 1908 2153 tertio
1928 2129 1987 2153 no-

1235 2185 1290 2207 nas
1305 2173 1457 2214 octobris,
1479 2174 1511 2207 in
1532 2173 1684 2207 omnibus
1708 2172 1876 2207 christiani
1901 2172 1989 2206 orbis

1234 2227 1390 2271 partibus,
1415 2227 1474 2260 sul)
1506 2227 1611 2260 officio
1643 2226 1795 2270 simplici,
1818 2227 1851 2259 in
1876 2226 1989 2260 Messa-

1235 2281 1326 2314 00051
1346 2291 1422 2314 vero
1443 2280 1581 2319 civitate,
1603 2280 1743 2314 dioecesi
1765 2286 1796 2314 01
1808 2279 1986 2324 provincia,

1236 2335 1373 2378 duplici,
1396 2340 1426 2367 et
1449 2340 1619 2378 praeterea
1636 2334 1717 2367 alter
1737 2333 1805 2367 dies
1824 2334 1924 2367 festus
1940 2334 1991 2367 In-

1236 2389 1396 2422 ventionis
1411 2388 1602 2422 eorumdem
1616 2388 1722 2432 pridie
1734 2397 1836 2421 nonas
1846 2387 1988 2431 augusti,

1237 2438 1269 2470 in
1300 2438 1436 2471 ecclesia
1460 2437 1603 2482 praefata
1627 2437 1657 2470 S.
1681 2436 1809 2470 Ioannis
1830 2436 1991 2480 Baptistae

1237 2487 1447 2520 Messanensis
1463 2486 1642 2526 dumtaxat,
1656 2485 1715 2518 sub
1733 2485 1856 2529 duplici
1870 2484 1992 2528 pariter

1238 2536 1357 2576 officio,
1379 2546 1397 2569 a
1422 2535 1547 2569 cunctis
1582 2534 1730 2578 personis
1750 2532 1989 2574 ecclesiasticis,

1237 2584 1458 2618 saecularibus
1487 2594 1524 2617 ac
1539 2583 1730 2627 quorumvis
1754 2582 1911 2616 Ordinum
1940 2591 1991 2614 re-

1237 2633 1416 2677 gularihus,
1438 2632 1477 2666 de
1494 2631 1661 2666 communi
1681 2630 1899 2675 plurimorum
1911 2629 1992 2663 Mar·

1976 253 2030 282 An.
2047 253 2076 281 C.
2092 253 2162 282 1588

2045 318 2070 339 Ει
2089 323 2162 340 eorum

1978 350 2073 377 martyrii

1979 384 2033 401 stum
2054 381 2088 401 die
2104 387 2116 401 v
2143 386 2165 402 o-

1979 411 2059 432 ctobris
2087 411 2164 439 ubique

1980 442 2069 470 singulis
2092 444 2163 468 annis,

1211 468 1329 509 Sancti,
1353 469 1392 501 ab
1414 468 1483 512 ipso
1505 467 1543 500 ad
1563 472 1726 500 aeternam
1746 466 1842 499 vitam
1863 466 1965 499 susei—
1980 478 2001 496 02
2023 474 2165 526 1951101νο0.-

1979 511 2024 526 rnm
2033 510 2096 526 inven
2109 510 2166 526 10111·

1212 521 1308 554 tanda
1328 527 1359 554 et
1378 520 1602 564 glorificanda,
1639 519 1762 553 diutius
1782 519 1968 552 inobscuret
1981 537 2002 557 1„
2018 536 2075 556 diem
2089 535 2166 557 ηοω,

1212 580 1364 615 vetustas,
1400 580 1455 607 aut
1490 584 1527 607 ex
1560 573 1677 607 animis
1708 571 1967 605 christifidelium

1213 627 1320 661 deleat
1344 627 1474 669 oblivio,
1495 627 1550 661 sed
1570 632 1605 660 ut
1625 626 1733 671 potius
1752 626 1799 659 cis
1820 625 1967 659 omnium
1983 628 2089 650 comburi
2105 631 2127 649 ⁸¹
2145 629 2168 649 in

1214 681 1359 723 gentium
1380 686 1412 714 et
1431 680 1636 714 saeculorum
1656 678 1899 723 praedicatione
1919 677 1967 711 di·
1983 659 2169 720 iffinffiiiiiasp

1981 567 2013 587 sla
2042 565 2165 587 1101153000.

1982 598 2017 618 (lie
2039 603 2059 618 iv
2084 597 2167 623 augusti
