2226 3070
190 242 243 270 An.
260 242 289 268 C.
308 242 374 270 1588

225 571 370 591 Successori—

188 603 226 622 ltus
250 606 371 622 contrave-

188 633 296 654 mentibus
310 633 372 653 indi-

185 666 215 685 cit
231 670 320 691 poenas.

219 2050 305 2070 Sanctio
318 2054 373 2076 poo-

195 2081 258 2101 natus.

217 2306 288 2332 Papae
305 2305 376 2325 subsc.

197 2340 217 2358 et
227 2338 376 2357 iuramentum

438 233 448 250 Ι

388 298 573 337 praesentes
593 298 719 325 nostras
739 292 872 327 litteras,
891 291 921 323 in
939 289 1089 323 omnibus
1111 295 1138 321 et

387 357 444 390 per
464 346 584 383 omnia,
614 346 753 389 penitus,
787 344 920 377 omnino
951 349 981 376 et
1007 342 1140 375 inviola—

387 400 493 433 biliter
511 399 672 432 observari
686 405 716 432 et
726 400 833 432 locum
846 399 965 431 babere
977 396 1138 435 volumus,

387 453 607 497 praecipimus
627 458 658 485 et
678 452 881 485 mandamus.

431 507 445 549 g*
467 506 497 539 6.
521 505 553 539 Si
574 506 646 550 quis
667 510 773 537 autem
795 505 928 537 sortasse
953 506 1140 534 nostrorum

386 569 642 598 snccesssorum,
665 558 696 590 id
714 557 800 600 quod
818 555 951 588 minime
963 554 1139 595 credimus,

387 613 464 646 lmic
495 618 623 646 nostrae
653 609 876 644 constitutioni
916 608 1048 642 omnino
1087 613 1142 641 aut

386 667 495 709 aliqua
515 677 553 699 ex
570 670 660 709 parte
680 664 837 706 derogare
866 668 922 696 aut
941 667 1054 695 contra
1077 667 1140 694 sta-

388 718 633 757 tuerevoluerit‚
646 722 702 750 aut
713 717 940 760 depromptam
953 714 1139 759 pecuniam,

387 779 418 805 ut
446 783 544 815 supra
564 771 725 804 sancitum
747 775 804 811 est,
827 770 858 802 in
877 769 962 803 idem
979 768 1141 802 aerarium

386 837 450 859 non
467 824 658 863 restituerit,
672 823 886 856 admonemus
896 828 966 867 post
984 823 1143 865 derogan-

386 879 424 911 tis
444 885 499 912 aut
516 883 629 911 contra
646 877 816 911 statuentis
831 882 1009 919 contraque
1025 875 1143 908 sacien-

387 932 424 965 tis
444 932 583 972 obitum,
597 931 737 964 liberum
751 941 818 964 esse
836 929 1090 969 suecessoribus,
1106 939 1143 962 ea

386 985 598 1028 derogatione
611 990 642 1018 et
661 984 831 1028 quibusvis
854 983 935 1024 aliis,
957 994 1040 1026 quae
1063 992 1142 1015 con-

386 1046 433 1072 tra
454 1044 572 1072 statuta
592 1043 678 1078 suut,
699 1048 763 1071 non
776 1037 990 1077 obstantibus,
1004 1047 1064 1081 pro
1084 1046 1141 1080 pe-

386 1093 483 1127 cunia
495 1102 608 1126 eontra
621 1092 719 1125 huius
728 1091 967 1125 constitutionis
980 1090 1141 1135 praescri-

387 1153 479 1191 ptum
493 1151 620 1191 sumpta
634 1156 671 1179 ac
687 1146 856 1189 depromta
871 1145 1096 1188 recuperanda
1117 1144 1142 1184 1,

387 1207 450 1233 tam
468 1200 621 1234 advorsus
638 1199 816 1233 cardinales
831 1199 916 1232 idem
938 1198 1143 1232 consentien-

388 1260 432 1287 tes
468 1259 524 1287 aut
548 1263 773 1297 quoscumque
811 1262 925 1285 eorum
964 1251 1120 1285 haeredes
1133 1279 1140 1293 ,

388 1307 508 1351 quibus
518 1307 558 1339 ad
579 1306 649 1350 ipso
669 1305 826 1339 Pontifice
847 1311 902 1338 aut
922 1305 1144 1338 cardinalilnis

388 1361 473 1394 bona
489 1360 601 1404 quovis
626 1359 721 1392 titulo
736 1359 784 1391 vel
805 1358 917 1402 quavis
933 1358 1060 1390 ratione
1085 1359 1143 1390 ob-

388 1414 545 1454 venerint,
568 1424 662 1456 agere
674 1418 705 1445 et
716 1412 953 1455 possessionem
968 1411 1141 1451 bonorum,

389 1475 471 1507 quae
487 1464 526 1496 ad
552 1464 638 1507 ipsos
660 1467 808 1506 posteros
827 1460 1048 1505 pervenerint,
1075 1459 1143 1492 adi·

390 1513 468 1555 pisci
494 1512 705 1555 retinerique,
736 1511 841 1543 donec
865 1509 1023 1553 quicquid
1046 1520 1144 1553 pecu-

390 1561 451 1594 niae
465 1562 697 1604 depromptum
710 1565 768 1600 est,
784 1559 815 1592 id
828 1569 925 1592 omne
937 1558 969 1590 in
981 1558 1145 1591 aerarium

389 1611 550 1644 reseratur
566 1616 597 1643 et
614 1608 815 1649 restituatur,
838 1618 940 1651 eaque
958 1607 1026 1650 ipsa
1046 1607 1143 1647 bona,

389 1659 482 1704 siquo
503 1658 614 1699 modo,
631 1664 667 1690 ut
686 1667 784 1700 supra
800 1656 923 1689 dictum
936 1661 992 1695 est,
1014 1667 1031 1688 a
1043 1657 1145 1689 forma

390 1720 448 1753 per
458 1719 516 1742 nos
532 1708 706 1741 constituta
722 1706 830 1739 recedi
841 1705 1145 1748 contigerit‚lmius-

390 1757 477 1791 modi
498 1756 688 1800 obligationi
721 1761 818 1798 atque
839 1754 930 1787 oneri
952 1754 1090 1787 obnoxia
1117 1760 1146 1787 et

390 1807 517 1840 addicta
537 1816 606 1840 esse
625 1806 788 1845 volumus,
819 1804 955 1846 singulis
982 1814 1066 1846 quae
1097 1803 1147 1836 liis

390 1856 509 1889 nostris
530 1855 645 1888 litteris
665 1853 826 1887 adversari
847 1858 978 1897 possent
994 1853 1043 1885 vel
1069 1862 1149 1896 quo-

390 1904 556 1947 quomodo
572 1903 698 1943 obesse,
720 1901 850 1946 penitus
872 1900 1004 1934 remotis
1023 1912 1061 1934 ac
1082 1912 1147 1935 non

391 1952 606 1985 obstantibus.

436 2001 451 2044 ξ
476 2001 507 2034 7.
534 1999 619 2033 Nulli
637 2009 713 2043 ergo
734 1999 868 2032 omnino
889 1998 1144 2039 bominum,etc.

436 2050 549 2083 Datum
576 2050 696 2082 Romae
716 2049 803 2092 apud
825 2048 978 2081 Sanctum
1001 2048 1146 2088 Petrum,

393 2110 478 2132 anno
503 2098 740 2132 Incarnationis
769 2098 953 2131 dominicae
975 2097 1148 2130 millesimo

392 2147 653 2191 quingentesimo
665 2147 886 2190 octuagesimo
899 2153 1024 2188 octavo,
1035 2147 1148 2191 quinto

394 2199 546 2231 kalendas
575 2197 663 2238 maii,
693 2198 899 2242 pontificatus
929 2198 1030 2231 nostri
1064 2208 1148 2232 anno

392 2253 522 2293 quarto.

391 2300 413 2339 †
433 2298 498 2341 Ego
515 2297 638 2336 Simus,
657 2297 837 2331 catholicae
850 2296 1012 2331 Ecclesiae
1022 2297 1148 2342 episco-

438 2358 498 2391 pus
519 2347 685 2391 promitto,
706 2357 805 2380 voveo
831 2352 861 2379 et
885 2347 969 2380 iuro.

436 2395 624 2439 Sequuntur
643 2396 863 2429 cardinalium
886 2396 1146 2439 subscriptiones.

424 2453 486 2484 Dat.
500 2454 547 2484 die
563 2453 601 2483 ⁶27
617 2453 731 2494 aprilis.
750 2454 837 2491 1588,
857 2453 963 2493 pontis.
982 2463 1059 2484 anno
1078 2463 1117 2484 1v.

432 2543 440 2569 t
464 2541 547 2570 Cher.
575 2541 651 2569 addit
671 2544 728 2568 tam
752 2541 884 2569 adversus
909 2541 1049 2577 Pontificis
1070 2542 1150 2570 dero·

394 2586 482 2621 quillis
503 2588 526 2613 et
550 2588 646 2613 contra
664 2587 789 2621 sarientis
802 2589 923 2621 posteros
933 2594 979 2614 seu
994 2587 1150 2615 carnion-tos

395 2637 485 2658 omnes
500 2638 583 2667 quam
598 2633 650 2659 etc.
667 2632 705 2664 (R.
727 2631 776 2666 T.).

433 245 453 265 ιι
982 237 1164 263 BULLARIUM
1184 236 1336 262 ROMANUM

1497 287 1624 321 CXXVI.

1182 371 1355 404 Reuocatio
1380 371 1590 404 licentiarum
1619 382 1677 415 per
1698 372 1866 406 ministros
1885 384 1938 416 ye-

1227 425 1352 457 ncrales
1386 429 1443 458 aut
1467 425 1548 457 alios
1578 425 1758 468 superiores
1786 436 1939 468 quorum-

1227 488 1360 521 cumque
1380 479 1657 511 monasteriormn
1684 477 1819 511 Ordinis
1842 479 1941 512 Here-

1227 533 1386 565 milurum
1401 532 1436 565 S.
1458 531 1640 576 Auqustz'nz'
1650 532 1686 565 in
1697 533 1806 575 reynis
1817 532 1941 575 Hispa-

1228 585 1374 625 niarum,
1399 586 1649 630 quibuscumque
1673 585 1834 628 fratribus
1862 585 1943 619 dicti

1229 637 1364 671 Ordinis
1384 638 1572 683 possidendi
1591 639 1715 672 reditus
1733 649 1770 672 ccc
1787 639 1943 683 pecunias

1224 702 1321 734 penes
1354 702 1386 724 sc
1416 692 1582 725 retinendi
1615 702 1849 732 concessarum,
1870 703 1943 725 cum

1224 745 1448 788 prohibitione
1468 749 1502 778 nt
1520 746 1557 778 in
1572 750 1739 788 posterum
1752 745 1831 779 tales
1844 745 1942 779 licen-

1230 799 1294 831 tiae
1310 798 1529 831 conceduntur
1549 797 1575 831 1.

1201 897 1298 925 Sixtus
1316 896 1387 932 Papa
1406 896 1425 924 V
1444 897 1478 924 ad
1494 897 1658 932 perpetuam
1681 897 1724 925 rei
1742 897 1914 926 memoriam.

1229 985 1290 1019 Pro
1310 991 1460 1029 suscepto
1482 995 1619 1018 munere
1639 986 1809 1029 pastoralis
1829 986 1940 1027 officii,

1185 1039 1265 1072 illud
1286 1044 1416 1082 praeter
1436 1044 1544 1072 cetera
1564 1039 1733 1072 studemus
1753 1050 1832 1073 cura
1851 1044 1883 1073 et
1897 1040 1944 1073 di-

1185 1092 1317 1135 ligentia
1337 1092 1478 1133 efficere,
1501 1098 1537 1125 ut
1556 1092 1701 1135 religiosi
1722 1093 1755 1125 in
1779 1093 1887 1127 officio
1913 1098 1946 1127 et

1186 1146 1334 1179 indebita
1350 1145 1556 1179 observantia
1573 1145 1733 1188 regularis
1751 1146 1944 1190 disciplinae

1186 1200 1437 1240 contineantur,
1469 1210 1506 1232 ac
1536 1199 1624 1243 pravi
1653 1199 1787 1240 abusus,
1818 1200 1874 1244 qui
1906 1211 1942 1234 ex

1185 1253 1286 1286 nimia
1319 1253 1523 1296 indulgentia
1561 1253 1769 1297 superiorum
1808 1263 1943 1288 suorum

1186 1311 1241 1339 aut
1260 1306 1339 1339 alias
1360 1306 1575 1351 irrepserunt,
1593 1306 1752 1340 demedio
1772 1307 1941 1341 tollantur.

1230 1361 1245 1403 ᾗ
1270 1360 1300 1392 Ἰ.
1323 1360 1433 1404 Nuper
1449 1360 1612 1404 siquidem
1633 1360 1674 1392 ad
1696 1371 1793 1394 aures
1816 1366 1945 1394 nostras

1950 233 2003 262 An.
2021 233 2051 262 C.
2070 233 2137 262 ¹588

1982 989 2114 1012 Prooemtum.

1984 1372 2068 1394 Causae
2079 1378 2145 1394 revo-

1958 1404 2050 1425 cationis
2066 1409 2090 1424 uc
2107 1408 2143 1424 re-

1187 1413 1335 1457 pervenit
1369 1414 1546 1447 nonnullos
1581 1414 1696 1447 fratres
1725 1413 1855 1448 Ordinis
1883 1414 2067 1462 Ηθ-ψωμ,Β
2091 1440 2143 1462 m„

1188 1467 1377 1500 remitarum
1407 1467 1439 1500 S.
1462 1467 1632 1511 Augustini
1653 1468 1686 1501 in
1706 1467 1841 1501 diversis
1866 1479 1944 1513 pro·
1958 1465 2076 1486 ¹¹¹b³⁸⁵⁰¹¹⁵⁸·

1187 1521 1300 1554 vinciis
1326 1532 1503 1564 regnorum
1531 1521 1762 1566 Hispaniarum
1792 1521 1942 1566 reperiri,

1188 1575 1243 1619 qui
1257 1575 1379 1608 reditus
1395 1575 1617 1620 pecuniasque
1634 1576 1813 1619 possident,
1832 1586 1869 1609 ac
1886 1586 1944 1620 pe-

1188 1639 1246 1662 nes
1273 1639 1306 1661 se
1340 1629 1481 1662 retinere
1510 1634 1541 1663 et
1560 1630 1594 1662 in
1614 1629 1751 1674 propria
1772 1629 1946 1663 commoda

1189 1688 1389 1724 convertere,
1412 1683 1551 1717 famulos
1570 1683 1671 1717 laicos
1691 1683 1777 1716 intra
1805 1683 1946 1717 claustra

1189 1737 1363 1769 domorum
1391 1736 1592 1779 regularium
1623 1736 1776 1778 retinere,
1806 1736 1946 1781 illosque

1190 1790 1268 1822 dum
1289 1790 1436 1834 equitant
1455 1800 1566 1824 secum
1592 1790 1765 1831 adducere,
1794 1789 1944 1823 habitum

1190 1843 1375 1886 regularem
1396 1848 1484 1877 extra
1504 1844 1575 1877 loca
1599 1843 1649 1877 sui
1674 1843 1803 1877 Ordinis
1832 1844 1947 1877 subtus

1190 1902 1328 1939 gestare,
1348 1896 1380 1930 in
1401 1898 1570 1931 communi
1599 1908 1673 1931 cum
1695 1896 1766 1930 aliis
1791 1896 1947 1931 fratribus

1190 1960 1255 1983 non
1286 1950 1403 1991 vivere,
1430 1951 1623 1995 diversaque
1653 1951 1718 1984 alia
1741 1950 1948 1985 committere

1190 2014 1296 2048 posse.
1319 2005 1363 2037 Ac
1383 2005 1527 2048 denique
1547 2015 1580 2039 se
1599 2005 1632 2038 in
1647 2005 1717 2039 foro
1728 2003 1948 2039 conscientiae

1191 2057 1230 2090 ab
1251 2057 1437 2092 obedientia
1457 2069 1591 2092 suorum
1612 2058 1820 2103 superiorum
1839 2069 1947 2092 exem-

1192 2116 1262 2155 ptos
1295 2121 1377 2152 esse,
1405 2122 1442 2145 ac
1469 2112 1647 2156 praemissa
1676 2118 1707 2145 et
1732 2112 1860 2145 occulta
1884 2111 1948 2145 alia

1192 2175 1274 2208 quae
1295 2164 1397 2208 ipsius
1416 2165 1545 2199 Ordinis
1569 2165 1774 2209 regularibus
1793 2164 1948 2199 institutis

1192 2219 1415 2259 adversantur,
1437 2219 1482 2252 eis
1513 2219 1612 2253 licere
1638 2223 1860 2263 praesumunt,
1887 2218 1947 2252 sub

1193 2277 1361 2316 praetextu
1385 2273 1473 2316 quod
1491 2273 1555 2306 sint
1582 2273 1731 2316 graduati
1757 2273 1790 2306 in
1818 2273 1946 2308 theolo-
1969 2305 1977 2310 .

1191 2326 1243 2369 gia
1271 2326 1320 2359 vel
1348 2326 1470 2370 publici
1500 2328 1711 2371 professores,
1733 2332 1790 2360 aut
1818 2337 1856 2360 ex
1876 2337 1947 2371 per-

1192 2381 1346 2414 missione
1366 2381 1507 2414 ministri
1535 2381 1697 2424 generalis
1722 2391 1778 2415 seu
1806 2380 1946 2415 aliorum

1192 2434 1268 2467 dieti
1289 2433 1419 2468 Ordinis
1430 2433 1650 2479 superiorum,
1669 2434 1703 2467 in
1721 2434 1897 2468 maximum
1915 2445 1948 2468 a·

1192 2488 1356 2521 nimarum
1377 2487 1564 2533 periculum
1585 2493 1616 2521 et
1631 2487 1821 2522 scandalum
1842 2487 1947 2533 pluri-

1191 2552 1332 2575 morum:

1228 2632 1238 2659 1
1257 2630 1300 2659 Ex
1315 2630 1426 2671 Regest.
1443 2629 1472 2659 in
1488 2629 1594 2659 secret.
1611 2629 1756 2663 Brevium.
