2226 3070
53 324 104 350 An.
123 322 151 350 C.
170 323 237 351 1590

294 373 309 415 ξ
329 371 362 404 3.
384 371 507 404 ltlcirco
523 378 662 405 mentem
677 376 706 405 et
722 371 932 405 intentionem
948 383 1003 404 no-

78 436 156 457 ctus-as
179 437 235 462 ipsus
251 431 348 458 stram
371 425 558 458 huiusmodi
588 436 737 469 expresse
766 425 943 466 declarare,
972 434 999 459 et

52 468 236 525 iffsssstz'i'ffssiffl'li'ffi‘.
251 478 402 511 omnibus
422 478 461 511 ad
481 489 563 522 quos
582 478 722 522 pertinet
742 484 1003 523 ets-pectat,pc1·-

53 530 156 565 ffl‘ffl‘?
175 531 236 550 W·
253 531 422 574 tinereque
448 538 478 565 et
510 537 657 576 spectare
674 532 803 575 poterit,
826 538 934 565 notam
958 533 1002 565 sa-

53 566 236 588 canterartuu1,ap=

53 593 181 619 venationes
198 600 236 614 au·
253 596 326 619 cere
345 586 500 625 volentes,
520 585 748 629 dictarumque
766 586 946 618 litterarum
969 598 1001 619 c-

52 627 107 676 iiissa
125 630 236 676 “uffiffi
252 638 404 672 rectionis
420 644 451 672 et
470 638 691 672 concessionis
711 638 787 671 dieti
809 639 903 671 officii
926 645 954 672 et
969 652 1002 672 a·

53 691 236 739 ξζᾞζᾛᾱῖζξζξζ
251 693 369 726 liorum
391 692 644 736 praemissorum
666 698 806 733 tenores,
829 693 1004 736 praesenti-

52 749 76 769 ··‹¹
98 750 164 776 ipsum
186 755 235 775 ⁵¹³0-
252 747 312 779 bus
323 757 382 790 pro
403 746 561 790 expressis
576 746 744 785 habentes,
768 746 938 790 ipsumque
953 747 1003 779 Al-

53 784 110 802 “m
127 781 229 802 'mmm'
252 800 413 844 phonsum
426 811 443 832 a
457 799 625 843 quibusvis
646 799 1001 839 excommunicatiouis,

251 853 471 897 suspensionis
492 860 523 886 et
542 853 718 892 interdicti,
741 853 877 897 aliisque
899 855 1003 887 cecle-

251 906 386 940 siastieis
397 907 576 949 sententiis,
591 907 737 941 censuris
754 914 784 941 et
801 908 913 951 poenis
934 907 1004 940 iure

251 960 300 993 vel
319 960 360 993 ab
379 960 523 1001 homine,
539 961 649 1005 quavis
669 961 840 994 occasione
860 962 907 994 vel
930 973 1004 994 vau-

251 1025 285 1047 sa
305 1013 389 1055 latis,
412 1015 436 1047 si
459 1015 578 1058 quibus
602 1015 845 1058 quomodolibet
867 1014 1003 1048 innoda-

253 1074 302 1101 tus
323 1068 438 1108 existit,
459 1069 497 1101 ad
512 1068 661 1102 effectum
678 1069 896 1112 praesentium
911 1069 1004 1101 dum-

251 1127 336 1155 taxat
351 1123 631 1166 consequendum,
655 1122 770 1155 harum
792 1123 875 1156 serie
896 1123 1002 1156 absol-

251 1181 359 1209 ventes
373 1182 400 1210 et
420 1176 603 1210 absolutum
625 1178 693 1210 fore
714 1182 893 1217 censentes,
915 1183 1001 1210 motu

252 1229 396 1274 proprio,
411 1241 476 1263 non
497 1231 536 1263 ad
556 1230 658 1274 ipsius
676 1231 833 1275 Alphonsi
849 1242 906 1265 seu
923 1232 1002 1265 alte-

251 1283 318 1316 rius
337 1294 397 1327 pro
417 1294 455 1317 eo
482 1294 581 1328 super
604 1284 667 1317 hoc
688 1285 786 1330 nobis⁴
800 1285 925 1318 oblatae
946 1296 1003 1329 pe-

251 1336 374 1370 titionis
393 1337 591 1378 instantiam,
614 1338 667 1371 sed
690 1350 726 1371 ex
755 1344 843 1371 certa
865 1339 1004 1382 scientia

250 1397 279 1424 et
300 1391 532 1425 deliberatione
553 1392 681 1432 nostris,
702 1404 739 1426 ac
756 1393 1003 1437 deapostolicae

250 1445 415 1489 potestatis
435 1446 650 1490 plenitudine,
673 1447 789 1480 harum
808 1448 902 1488 serie,
917 1448 1004 1481 volu-

250 1509 332 1539 mus,
367 1499 573 1534 decernimus
604 1506 631 1534 et
663 1501 853 1534 mandamus
887 1512 924 1534 ac
951 1513 1003 1535 ex-

251 1563 359 1596 presse
379 1553 583 1587 declaramus
593 1565 816 1598 quascumquc
829 1556 1003 1588 confirma-

253 1605 356 1639 tiones
376 1606 408 1639 in
430 1606 546 1650 prima,
574 1613 604 1641 et
624 1608 848 1652 deputationes
873 1620 1003 1642 eorum-

251 1659 324 1692 dem
345 1659 492 1694 iudicum
512 1661 546 1693 in
566 1662 708 1695 secunda
723 1662 925 1696 instantiisin
942 1663 1004 1696 eis-

251 1713 323 1746 dem
345 1714 451 1747 causis
472 1714 505 1747 in
525 1715 693 1759 quibusvis
708 1716 787 1749 locis
808 1721 839 1749 et
859 1716 1004 1760 partibus

250 1766 328 1800 dicti
352 1767 460 1801 Status
494 1768 721 1811 eligendorum
749 1775 776 1802 et
799 1770 1003 1814 deputando-

250 1831 334 1861 rum,
354 1832 482 1855 necnon
502 1833 674 1856 causarum
696 1824 952 1867 appellationum
974 1831 1005 1859 et

248 1881 443 1905 recursuum
468 1872 552 1905 infra
571 1883 733 1906 summam
759 1879 925 1907 scutorum
947 1876 1004 1910 de-

249 1931 320 1953 cem
351 1921 670 1963 committendarum,
707 1928 738 1955 et
771 1925 1004 1960 contraventio-

249 1980 340 2011 num,
362 1970 650 2004 bannimeutorum
663 1976 693 2004 et
710 1972 892 2006 litterarum
914 1986 1005 2019 prae-

249 2019 408 2054 dictarum
434 2032 451 2054 a
475 2021 654 2064 quibusvis,
687 2028 722 2055 ut
746 2023 941 2066 praefertur,
970 2037 1004 2059 e-

250 2074 466 2110 manatarum‚
497 2081 535 2103 ac
559 2070 689 2103 illarum
724 2081 789 2104 non
821 2073 1001 2118 paritionis‚

249 2123 314 2151 tarn
335 2118 488 2160 civiliter,
516 2131 613 2163 quam
633 2120 847 2155 criminaliter
863 2134 1002 2166 quomo-

249 2167 434 2211 documque
466 2174 496 2202 et
525 2170 808 2214 qualitercumque
841 2178 1002 2208 motarum

249 2227 307 2250 seu
336 2218 583 2259 movendarum,
610 2219 650 2252 ad
670 2219 777 2263 ipsum
800 2221 1001 2265 Alplionsum

251 2271 282 2299 et
304 2277 508 2301 successores
534 2269 716 2312 praedictos
743 2270 908 2305 dumtaxat.
935 2275 1002 2317 pri-

250 2316 350 2350 vative
371 2317 409 2350 ad
433 2328 659 2364 quoscumque
685 2319 781 2359 alios,
803 2321 914 2363 quavis
945 2333 1002 2356 au-

250 2365 410 2407 ctoritate,
434 2367 590 2410 dignitate
613 2373 643 2401 et
670 2369 915 2412 praeeminentia
936 2373 1002 2405 suf-

250 2415 365 2457 fultos,
400 2422 546 2460 spectare
572 2423 604 2450 et
635 2417 821 2461 pertinere,
861 2421 1001 2454 nemini-

249 2476 313 2508 que
333 2466 425 2498 alteri
456 2466 553 2499 licere
575 2466 607 2499 in
625 2467 670 2499 eis
695 2467 809 2510 quovis
835 2475 1001 2512 praetextu

249 2519 303 2546 aut
336 2515 448 2558 quavis
481 2515 651 2549 occasione
679 2516 727 2549 vel
758 2528 855 2550 causa
887 2529 919 2551 se
950 2519 1000 2552 in-

249 2573 362 2606 gerere
395 2569 450 2596 aut
490 2563 723 2605 intromittere;
753 2566 865 2610 illique
899 2568 1001 2601 sacul-

249 2617 346 2645 tatem
368 2614 575 2647 concedimus
596 2625 708 2648 omncs
720 2621 750 2649 ct
769 2616 912 2660 singulas
929 2628 1002 2651 cau-

249 2672 298 2694 sas
319 2661 436 2695 dietam
458 2674 618 2698 summam
639 2665 750 2698 decem
772 2673 939 2699 scutorum
952 2678 1002 2701 ex-

250 2711 412 2753 cedentes,
445 2713 589 2758 aliasque
624 2715 807 2758 praedictas
833 2726 947 2750 causas
967 2727 1000 2750 e-

912 319 1015 342 Slfx'Tt's
1039 319 1057 341 V
1082 319 1128 341 ΙΨ.

1686 308 1749 343 229

1045 372 1121 404 tiam
1144 371 1226 404 iuter
1246 371 1462 414 appellator‹.·s
1478 376 1507 403 ct
1523 370 1746 404 universitates
1758 383 1795 404 ae

1045 426 1125 458 alios
1145 436 1162 458 a
1182 425 1314 457 Camera
1336 424 1385 457 ius
1405 424 1568 464 habentes,
1590 430 1747 458 vertentes
1767 432 1797 458 ct

1045 490 1126 521 quae
1155 490 1214 523 pro
1242 485 1388 522 tempore
1408 484 1531 511 vertere
1554 479 1737 521 contigerit,
1760 490 1798 512 ac

1046 532 1345 565 contraventionum
1358 537 1388 565 et
1399 542 1464 565 non
1479 531 1648 575 paritionis
1667 532 1796 576 praedi-

1046 592 1168 618 ctarum
1180 597 1288 619 coram
1302 596 1507 630 quocumque
1517 591 1571 618 aut
1584 585 1797 629 quibuscum-

1046 650 1108 681 que
1131 639 1235 672 iudice
1255 652 1312 673 seu
1338 639 1511 680 iudicibus,
1535 639 1721 673 ordinariiis
1740 651 1797 674 seu

1045 692 1212 735 delegatis,
1240 693 1336 726 etiam
1358 694 1465 737 vigore
1481 693 1630 737 specialis
1650 694 1797 738 rescripti

1047 746 1079 778 in
1093 746 1257 788 signatura
1271 754 1381 780 nostra
1392 747 1530 780 iustitiae
1539 753 1594 780 aut
1604 747 1692 789 alibi,
1707 759 1798 792 prae-

1047 806 1192 843 terquam
1206 800 1237 833 in
1250 806 1358 833 nostra
1379 800 1542 844 signatura
1563 801 1682 845 gratiae
1699 813 1797 835 manu

1046 858 1155 886 nostra
1182 857 1313 897 propria
1338 854 1368 886 in
1394 856 1538 887 l'uturum
1573 855 1797 889 tantummodo

1046 905 1205 948 signandi,
1222 917 1309 940 nunc
1321 912 1349 939 et
1364 918 1423 950 pro
1439 914 1584 951 tempore
1597 908 1796 942 introductas

1046 965 1076 992 et
1095 959 1349 993 introducendas
1374 960 1563 994 auctoritate
1588 972 1645 994 sua
1665 962 1795 996 ordina-

1048 1013 1103 1053 ria,
1129 1013 1237 1057 vigore
1262 1014 1494 1057 praesentium,
1521 1015 1560 1047 ab
1586 1014 1648 1047 illis
1669 1026 1796 1049 reassu-

1047 1067 1167 1108 mendi,
1191 1073 1221 1101 et
1241 1068 1362 1101 eisdem
1393 1067 1553 1101 iudicibus
1586 1079 1624 1102 ac
1652 1069 1797 1113 partibus

1048 1121 1140 1154 toties
1160 1121 1287 1165 quoties
1307 1132 1388 1165 opus
1407 1122 1513 1162 suerit,
1535 1122 1630 1155 ctiam
1649 1123 1708 1156 sub
1722 1135 1798 1168 poe-

1046 1175 1094 1208 nis
1124 1175 1309 1219 pccunariis
1343 1181 1373 1209 et
1402 1176 1548 1209 censuris
1573 1177 1799 1212 ecclesiasticis

1046 1228 1225 1270 inhibendi,
1248 1235 1280 1263 et
1299 1229 1471 1271 censendi;
1494 1236 1524 1264 et
1544 1241 1665 1275 poenas
1684 1231 1797 1265 huius-

1048 1283 1133 1316 modi
1159 1294 1224 1317 non
1250 1289 1401 1327 parentes
1421 1290 1452 1317 ct
1474 1284 1696 1319 inobedientes
1716 1285 1797 1320 inci-

1047 1337 1130 1370 disse
1151 1344 1180 1370 ct
1201 1337 1390 1379 incurrisse,
1412 1343 1534 1371 servata
1547 1339 1651 1372 forma
1667 1340 1798 1373 concilii

1046 1391 1237 1431 Tridentini,
1260 1392 1458 1432 declarandi,
1476 1393 1682 1435 aggravandi,
1704 1404 1798 1437 reag-

1046 1446 1210 1487 gravandi,
1241 1457 1277 1479 ac
1312 1446 1482 1479 brachium
1515 1447 1680 1481 saeculare
1706 1448 1797 1482 invo-

1047 1499 1154 1539 candi,
1188 1505 1218 1532 et
1247 1500 1433 1533 mandatum
1460 1501 1662 1534 executivum
1684 1501 1798 1535 decer-

1047 1553 1143 1585 nendi
1170 1560 1199 1586 et
1233 1554 1407 1594 relaxandi,
1439 1566 1475 1587 ac
1508 1555 1621 1598 exequi
1646 1555 1796 1597 faciendi,

1046 1616 1174 1640 necnon
1204 1618 1445 1652 quemcumsptc
1481 1609 1645 1642 notarium
1676 1609 1798 1651 adscri-

1046 1660 1143 1693 bendi
1166 1661 1197 1693 in
1218 1661 1338 1694 eisdem
1364 1662 1469 1695 causis
1489 1662 1654 1707 Alpbonso
1675 1669 1706 1697 et
1725 1675 1798 1698 suc-

1047 1714 1229 1747 cessoribus
1249 1715 1423 1759 praedictis
1442 1722 1570 1759 gratum
1587 1717 1722 1752 arbitrio
1742 1729 1801 1752 suo

1046 1768 1235 1812 deputandi.

1091 1822 1105 1865 ξ
1130 1822 1162 1855 li.
1189 1823 1404 1857 Decernentes
1434 1830 1602 1868 praeterea
1632 1835 1670 1859 ac
1689 1826 1798 1859 volen-
1814 1841 1994 1863 amoveret-on-

1047 1882 1092 1909 tes
1109 1888 1145 1909 ae
1164 1877 1352 1910 mandantes
1374 1878 1630 1912 iurisdictionem
1649 1885 1679 1912 et
1697 1879 1798 1913 facul·
1814 1873 1996 1931 ssssssgffiss‘ffl‘

1047 1935 1143 1963 tatem
1161 1942 1218 1974 per
1240 1936 1424 1974 praesentes
1445 1932 1565 1965 eisdem
1583 1933 1748 1976 Alphonso
1770 1940 1800 1967 et

1047 1985 1300 2025 successoribus,
1328 1991 1362 2018 ut
1382 1986 1585 2029 praefertur,
1612 1997 1797 2021 concessam

1047 2039 1213 2082 perpetuis
1240 2038 1356 2072 suturis
1387 2040 1589 2083 temporibus
1615 2040 1744 2081 durare,
1768 2048 1799 2075 et

1046 2092 1247 2136 Alphonsum
1277 2104 1313 2126 ac
1335 2104 1538 2127 successores
1558 2095 1739 2138 praedictos
1759 2096 1798 2128 il-

1047 2146 1092 2178 las
1113 2157 1261 2180 exercere
1287 2158 1380 2191 posse
1397 2153 1427 2180 ct
1446 2147 1576 2189 debere,
1590 2154 1653 2181 tam
1679 2149 1799 2183 duran-

1046 2199 1131 2232 tibus
1152 2201 1308 2234 moderno
1333 2207 1364 2234 et
1383 2201 1454 2233 aliis
1475 2202 1748 2246 quibuscumque,
1772 2204 1797 2237 si

1046 2265 1126 2297 quos
1146 2260 1256 2298 postea
1276 2255 1346 2288 fieri
1363 2255 1547 2299 contigerit,
1569 2257 1753 2301 appaltibus
1768 2264 1799 2292 ct,

1046 2308 1312 2342 concessionibus
1338 2309 1532 2343 damnorum
1559 2311 1709 2345 datorum
1735 2312 1797 2345 hu-

1046 2363 1300 2406 iusmodi‚qua1u
1322 2363 1385 2397 illis
1408 2364 1506 2397 finitis
1527 2371 1557 2398 et
1585 2366 1796 2407 cessantibus;

1046 2427 1172 2450 necnon
1194 2417 1288 2450 etiam
1310 2417 1334 2450 si
1360 2418 1428 2462 ipsa
1458 2418 1565 2452 officia
1586 2430 1642 2453 seu
1670 2421 1796 2454 emolu-

1045 2475 1152 2503 menta
1173 2470 1367 2505 damnorum
1388 2472 1538 2506 datorum
1559 2484 1615 2507 seu
1633 2484 1746 2507 eorum
1768 2486 1798 2507 a·

1045 2519 1131 2562 liqna
1162 2521 1451 2554 communitatibus
1476 2528 1507 2555 et
1536 2523 1797 2558 universitatibus

1045 2569 1222 2609 civitatum,
1245 2574 1406 2603 terrarum
1421 2576 1452 2603 et
1466 2571 1613 2604 locorum
1634 2572 1710 2605 dicti
1726 2573 1795 2607 Sta-

1046 2622 1107 2658 tus,
1119 2629 1176 2661 per
1193 2630 1251 2651 uos
1269 2625 1299 2652 et
1310 2630 1512 2653 successores
1528 2627 1664 2661 nostros,
1678 2622 1797 2655 autSc-

1044 2667 1116 2700 dem
1138 2673 1168 2701 et
1187 2668 1353 2703 Cameram
1373 2670 1603 2714 Apostolieam,
1625 2682 1682 2704 seu
1702 2681 1797 2714 quos-

1044 2727 1182 2761 cumque
1203 2718 1334 2762 legatos‚
1359 2719 1549 2763 vicelegatos
1578 2725 1609 2753 et
1636 2719 1796 2763 guberna-

1810 316 1851 344 An
1879 318 1906 344 (ἶ.
1930 317 1995 345 1590
