2226 3070
248 275 296 300 An.
315 273 343 300 C.
366 272 431 300 ¹592
478 262 542 296 562

277 1604 434 1624 (tuntraventto-

249 1638 295 1652 116111
304 1633 362 1651 certo
373 1631 433 1650 modo

249 1658 336 1683 probari
363 1658 434 1678 decer·

279 2610 371 2640 Dgrogat
388 2616 436 2631 con-

253 2639 330 2657 trariis.

448 321 591 355 eiusdem
602 320 739 361 Ordinis,
754 331 793 353 ne
804 320 937 364 posthac
955 319 1085 362 aliquod
1100 329 1191 362 prae-

448 374 619 408 missorum
640 374 789 417 cuiquam
811 373 850 406 ad
871 372 1052 405 instantiam
1075 382 1192 404 561116-

448 428 652 471 quisitionem
674 427 720 460 vel
752 426 1054 469 contemplationem
1082 435 1192 468 perso-

448 491 562 513 narum
603 480 749 523 superius
781 488 1002 522 expressarum
1035 488 1190 521 quarum-

449 544 598 577 cumque,
622 533 732 576 quovis
764 533 860 565 modo
892 532 1084 567 concedere:
1116 531 1192 563 reli-

448 587 543 628 giosis
565 597 638 619 vero
656 597 691 619 ac
722 586 870 618 Fratribus
898 585 1040 618 eiusdem
1067 584 1193 618 Ordinis

449 640 720 683 quibuscumque,
746 650 809 672 non
831 639 936 671 solum
957 639 987 671 iu
1009 638 1193 682 praemissis

448 693 598 725 omnibus
637 692 849 724 saecularium
883 693 1024 724 favorem
1061 692 1193 723 minime

448 745 633 789 procurari,
657 746 712 778 sed
745 756 803 778 uec
835 745 930 778 etiam
960 751 1073 789 sponte
1103 745 1192 778 obla-

448 805 514 831 tum
536 805 587 831 aut
611 799 649 831 ab
677 798 722 831 eis
742 798 874 844 minime
906 804 1113 842 procuratum
1143 810 1193 831 16-

448 852 564 894 cipere:
585 857 615 883 et
635 851 791 891 similiter,
814 863 854 885 ne
875 852 914 884 ad
939 852 1024 884 hunc
1045 852 1193 885 effectum

449 915 583 937 munera
597 905 704 948 aliqua
716 905 934 937 saecularibus
949 905 1134 949 impendere
1146 906 1193 938 vel

448 957 598 990 exhibere
629 959 765 991 audeant
803 959 849 991 vel
882 965 1108 1002 praesumant,
1136 970 1193 992 au-

448 1012 592 1044 ctoritate
639 1012 813 1055 apostolica
828 1040 835 1049 ,
880 1019 989 1045 1611016
1037 1023 1190 1056 praesen-

449 1065 539 1103 tium,
566 1065 596 1097 in
623 1066 738 1098 virtute
765 1071 892 1099 sanctae
924 1066 1136 1104 obedieutiae,
1158 1077 1193 1098 ac

448 1119 506 1151 sub
547 1120 667 1152 eisdem
707 1120 819 1163 poenis
858 1120 889 1152 in
919 1120 1010 1153 dictis
1049 1120 1193 1162 Gregorii

450 1173 560 1205 litteris
603 1173 760 1206 contentis
799 1174 1035 1217 praecipimus,
1074 1174 1193 1207 eisdem

449 1226 636 1259 auctoritate
676 1232 706 1259 et
742 1232 851 1259 tenore
895 1232 1080 1265 statuentes,
1107 1228 1193 1270 quod

449 1289 561 1311 omncs
573 1285 603 1312 et
616 1280 732 1322 singuli
754 1280 784 1312 in
804 1280 988 1323 praemissis
1006 1281 1195 1324 delinquen-

450 1338 506 1369 tes,
529 1333 617 1365 nulla
638 1334 699 1365 alia
719 1333 896 1366 monitione
921 1335 1144 1377 praecedente,
1165 1340 1196 1367 etv

450 1385 569 1428 absque
591 1397 743 1430 processu
773 1387 910 1430 desuper
929 1387 1097 1424 habendo,
1122 1398 1194 1420 sen-

450 1439 563 1472 tentias
575 1446 605 1472 et
616 1450 736 1483 poenas
754 1441 944 1484 praemissas
963 1441 1192 1474 irremissibili—

451 1498 497 1525 ter
517 1504 554 1526 60
575 1494 643 1537 ipso
664 1494 839 1527 incurrant.

494 1547 509 1589 Ξ
530 1546 559 1579 3.
577 1546 732 1590 Quodque
751 1548 791 1580 ad
812 1548 882 1580 illos
895 1548 1067 1581 sententias
1079 1555 1196 1592 611106-

450 1610 506 1633 nas
545 1600 728 1634 huiusmodi
768 1601 995 1634 damnabiliter
1024 1602 1195 1635 incurrisse

450 1654 590 1695 legitime
610 1655 831 1697 probandum,
860 1661 887 1687 et
910 1655 1042 1688 omnino
1064 1656 1195 1689 convin-

450 1707 598 1747 cendum,
613 1708 699 1740 solae
713 1708 963 1751 praemissarum
983 1719 1194 1752 personarum

449 1759 634 1800 instantiae,
658 1761 780 1793 favores
800 1766 828 1794 et
850 1772 980 1805 preces,
1005 1762 1100 1794 etiam
1122 1773 1194 1795 016-

450 1819 542 1846 tenus
574 1820 761 1857 porrectae,
792 1815 942 1857 plenam,
967 1815 1141 1848 indubiam
1165 1822 1195 1849 et

450 1866 673 1907 sufficientem,
706 1867 737 1899 in
770 1867 888 1900 iudicio
917 1874 945 1900 et
974 1874 1072 1907 extra,
1096 1869 1193 1902 fidem

450 1920 584 1959 saciant,
612 1932 670 1953 1166
701 1922 740 1953 ad
771 1922 803 1954 id
834 1922 1033 1965 probationis
1063 1921 1208 1956 alterius‘

449 1973 681 2006 adminiculum
695 1974 888 2017 requiratur.
899 1974 1013 2018 Sicque
1033 1976 1072 2008 ab
1091 1976 1195 2008 omni-

449 2026 508 2059 bus
529 2027 671 2060 eiusdem
692 2026 818 2060 Ordinis
846 2028 1082 2071 superioribus,
1104 2040 1195 2072 praess

450 2079 521 2112 latis
543 2086 571 2113 et
592 2081 737 2124 personis
758 2091 795 2114 ac
823 2081 891 2114 aliis
917 2081 1087 2122 iudicibus,
1109 2083 1196 2115 ordi-

450 2133 547 2166 nariis
567 2139 596 2165 et
618 2133 787 2176 delegatis,
809 2135 933 2167 sublata
960 2134 1004 2167 eis
1032 2141 1060 2168 et
1082 2146 1194 2168 eorum

451 2185 581 2219 cuilibet
601 2187 710 2229 quavis
731 2187 824 2220 aliter
844 2187 1005 2221 iudicandi
1037 2194 1068 2221 et
1096 2189 1194 2222 111161-

451 2239 598 2281 pretandi
619 2240 778 2280 facultate,
795 2240 916 2283 ubique
936 2240 1071 2274 iudicari
1093 2248 1123 2275 61
1136 2242 1213 2275 (111-1

451 2291 537 2324 finiri
563 2303 598 2326 ac
630 2294 834 2337 interpretari
856 2295 988 2335 debere,
1013 2306 1048 2328 ac
1070 2295 1194 2328 irritum

452 2350 481 2377 et
500 2345 594 2379 inane
616 2346 641 2379 si
665 2357 755 2380 secus
775 2358 873 2391 super
898 2347 947 2380 his
968 2359 985 2380 a
1006 2358 1191 2391 quoquam,

452 2399 561 2442 quavis
589 2400 787 2438 auctoritate,
811 2401 948 2434 scienter
975 2402 1021 2434 vel
1043 2402 1195 2444 ignoran-

452 2459 510 2493 ter,
534 2454 701 2496 contigerit
720 2455 879 2492 attentari,
900 2461 1056 2498 perpetuo
1078 2456 1192 2489 decer-

452 2505 558 2539 nimus
579 2512 608 2539 et
628 2507 807 2540 statuimus.

496 2561 512 2601 Ξ
533 2560 564 2592 4.
588 2561 657 2593 Non
683 2561 882 2595 obstantibus
914 2562 1213 2595 constitutionibus}

452 2618 481 2645 61
502 2613 758 2647 ordinationibus
771 2615 964 2658 apostolicis,
981 2615 1119 2659 dictique
1133 2615 1192 2649 Or-

453 2665 535 2700 dinis
555 2667 679 2701 statutis
709 2673 739 2701 et
769 2668 1076 2711 consuetudinibus,
1100 2670 1213 2709 61111111,

1029 270 1212 295 BULLARIUM
1231 270 1385 294 ROMANUM

1225 318 1420 356 iuramento,
1445 317 1689 350 confirmatione
1721 317 1896 360 apostolica
1922 317 1969 350 vel

1226 372 1334 415 quavis
1355 371 1505 404 firmitate
1523 371 1585 403 alia
1605 371 1779 411 roboratis;
1802 381 1839 404 ac
1859 372 1966 404 omni-

1225 426 1284 458 bus
1304 425 1376 465 illis,
1400 435 1482 468 quae
1509 424 1613 457 dictus
1640 424 1814 466 Gregorius
1834 425 1970 468 praede-

1226 489 1332 512 cessor
1368 479 1399 510 in
1435 478 1585 521 praefatis
1621 478 1733 510 litteris
1771 477 1870 510 voluit
1906 488 1971 511 non

1226 532 1368 569 obstare,
1403 531 1600 574 caeterisque
1631 531 1801 563 contrariis
1833 531 1968 574 quibus-

1227 595 1376 628 cumque.

1272 639 1287 679 Ξ
1306 636 1336 669 5,
1361 637 1514 669 Volumus
1536 643 1642 669 autem
1660 642 1692 669 ut
1714 642 1899 680 praesentes
1919 637 1971 669 lit·
1988 648 2171 701 pugifficribgtiissg·

1227 696 1313 723 161116
1334 690 1364 722 111
1387 690 1648 733 quibuscumque
1662 689 1824 733 Capitulis,
1841 695 1904 722 tam
1919 699 1973 732 ge·
1988 703 2072 728 gisum
2087 702 2152 723 iubet.

1228 744 1390 777 neralibus
1414 755 1510 787 quam
1543 744 1810 787 provincialibus,
1839 749 1867 777 et
1898 753 1974 776 con-

1228 798 1384 835 ventibus,
1407 803 1439 830 ut
1460 798 1498 830 ad
1520 798 1721 840 singulorum
1753 797 1897 830 notitiam
1928 797 1974 829 fa-

1229 852 1320 885 cilius
1341 852 1520 890 deveniant,
1537 852 1752 896 publicentur,
1774 858 1803 884 et
1822 852 1903 884 inter
1913 856 1975 884 sta-

1228 911 1294 937 tuta
1309 911 1336 937 61
1356 905 1577 938 ordinationes
1599 905 1697 948 ipsius
1712 904 1840 938 Ordinis
1859 915 1974 948 perpe-

1230 964 1282 990 tuo
1308 958 1507 991 observanda
1534 958 1775 996 describantur,
1799 967 1976 1000 carumque

1228 1011 1392 1055 exemplis,
1417 1011 1511 1044 etiam
1531 1011 1706 1054 impressis,
1719 1021 1821 1043 manu
1839 1015 1976 1043 secreta-

1228 1065 1265 1097 rii
1287 1071 1315 1097 et
1337 1065 1441 1107 sigillo
1459 1064 1601 1106 magistri
1623 1064 1782 1106 generalis
1806 1064 1854 1096 vel
1878 1074 1976 1096 manu

1228 1119 1362 1151 alicuius
1383 1118 1498 1151 notarii
1520 1118 1639 1162 publici
1669 1125 1699 1151 61
1719 1118 1824 1160 sigillo
1844 1117 1976 1150 alterius

1228 1182 1384 1215 personae
1403 1172 1433 1204 in
1455 1171 1609 1214 dignitate
1627 1171 1841 1204 ecclesiastica
1855 1171 1975 1203 consti-

1228 1230 1314 1257 tutae
1335 1225 1486 1262 munitis.
1510 1225 1622 1257 eadem
1644 1224 1744 1265 tides,
1767 1234 1850 1267 quae
1881 1234 1975 1267 prae-

1228 1278 1370 1311 sentibus
1408 1278 1636 1315 adhiberetur,
1671 1278 1792 1321 ubique
1830 1277 1975 1311 adhiberi

1229 1331 1353 1364 debean

1273 1385 1385 1417 Datum
1398 1386 1518 1418 Romae
1537 1386 1621 1429 apud
1639 1386 1669 1419 S.
1684 1386 1826 1425 Petrum,
1841 1385 1900 1418 sub
1921 1395 1976 1417 an-

1229 1438 1306 1470 nulo
1332 1438 1525 1476 Piscatoris,
1550 1439 1601 1471 die
1625 1449 1704 1472 xxm
1732 1439 1818 1472 maiii
1838 1448 1972 1478 nnxcn,

1229 1491 1433 1535 pontificatus
1454 1493 1553 1525 nostri
1574 1503 1658 1525 anno
1677 1503 1698 1526 1.

1265 1554 1322 1580 Dat.
1341 1554 1384 1581 die
1399 1554 1434 1582 ‘23
1448 1555 1512 1582 maii
1534 1554 1608 1588 1592,
1626 1558 1699 1590 pont.
1717 1563 1762 1581 an.
1780 1561 1797 1581 1.

1562 1717 1639 1750 xxl.

1228 1813 1369 1846 Indictio
1391 1814 1589 1846 visitationis
1603 1814 1750 1846 omnium
1769 1813 1975 1846 ecclesiarum

1298 1871 1325 1899 et
1347 1867 1486 1899 Iocorum
1506 1867 1637 1910 piorum
1663 1867 1771 1899 almae
1798 1867 1902 1900 Urbis.

1260 1957 1393 1984 Clemens
1410 1957 1578 1991 episcopus,
1594 1964 1699 1984 servus
1716 1964 1870 1984 servorum
1881 1957 1943 1985 Dei.

1370 2010 1495 2037 Dilectis
1511 2010 1582 2037 filiis
1597 2010 1737 2038 universo
1753 2011 1833 2038 clero

1442 2066 1472 2091 et
1489 2065 1598 2097 populo
1620 2065 1760 2099 Romano,

1273 2118 1402 2145 salutem
1419 2120 1450 2145 et
1466 2118 1662 2151 apostolicam
1682 2118 1932 2147 benedictionem.

1273 2189 1497 2232 Speculatores
1531 2190 1645 2222 domus
1674 2190 1789 2229 Israel,
1818 2201 1900 2234 quae
1929 2196 1976 2224 est

1228 2243 1368 2276 Ecclesia
1398 2243 1453 2276 Dei
1482 2243 1636 2283 viventis,
1665 2243 1804 2276 mirabili
1825 2243 1974 2277 Eiusdem

1229 2297 1429 2340 providentia
1450 2297 1628 2337 constituti,
1652 2297 1711 2336 Qui
1743 2297 1775 2329 in
1794 2297 1975 2330 humilitate

1211 2374 1213 2380 .
1229 2357 1338 2383 nostra
1352 2351 1520 2384 ostendere
1538 2351 1687 2392 dignatus
1708 2356 1755 2384 est
1774 2351 1898 2384 divitias
1917 2351 1975 2383 bo-

1229 2403 1338 2436 nitatis
1358 2414 1445 2443 suae,
1468 2404 1683 2436 admonemur
1707 2403 1814 2436 debito
1836 2403 1975 2436 creditae

1230 2457 1477 2500 dispensationis
1498 2457 1615 2497 officio,
1639 2463 1669 2490 et
1689 2457 1842 2490 charitate
1862 2456 1974 2490 Christi

1229 2521 1385 2553 urgemur
1406 2517 1440 2544 ut
1460 2511 1674 2544 ministerium
1695 2516 1852 2551 nostrum,
1870 2510 1976 2544 divina

1229 2564 1331 2606 gratia
1342 2564 1508 2603 adiutrice,
1520 2565 1654 2608 implere
1666 2565 1860 2598 studeamus.
1871 2563 1974 2603 Quare

1231 2617 1261 2649 in
1282 2618 1343 2650 hoc
1361 2617 1430 2661 ipso
1450 2618 1646 2661 apostolatus
1665 2618 1767 2651 nostri
1783 2617 1884 2657 initio,
1899 2627 1975 2650 con-

1230 2671 1419 2714 templantes
1441 2681 1477 2704 ex
1497 2671 1557 2704 hac
1587 2671 1718 2704 sublimi
1744 2670 1888 2715 specula,
1909 2680 1974 2703 non

1985 268 2034 295 An.
2052 268 2081 296 C.
2103 269 2170 296 1592

2012 2194 2145 2215 Prooemium
2154 2195 2175 2213 61

1990 2227 2067 2242 causac
2075 2221 2174 2241 1111111511]-

1990 2248 2096 2269 dictionis.
