2226 3070
60 285 109 311 An.
132 282 163 310 C.
181 281 247 309 1591

111 713 161 734 Acta
177 712 243 733 Seba-

59 739 122 760 suani
130 742 151 760 et
158 739 243 759 Heni-ici

60 772 133 792 regum
165 765 244 787 descri-

59 793 144 814 huntur.

862 280 1040 306 GREGORIUS
1060 281 1113 305 XIV
1130 281 1168 305 1⁸1³
1174 297 1180 304 .

257 329 378 364 stianus
395 340 450 363 rex
470 339 507 363 ae
526 328 639 363 similis
657 329 832 363 memoriae
848 330 1003 364 Henricus

257 383 290 416 in
303 383 475 427 praedictis
487 383 595 426 regnis
606 383 811 417 immediatus
824 395 999 424 successor,

258 436 499 470 considerantes
518 437 674 470 nonnulla
694 448 730 470 ex
750 437 921 481 praedictis
941 443 1003 471 sta-

258 490 343 531 tutis,
367 491 625 524 ordinationibus
643 496 673 523 et
690 491 914 524 stabilimentis
927 502 1003 524 eon-

257 543 392 577 firmatis
420 549 450 577 et
479 543 665 588 approbatis
700 544 789 576 nullo
821 544 918 577 modo
950 549 1004 577 aut

259 607 331 630 cum
367 596 553 630 difficultate
595 597 758 630 observari
798 602 829 630 et
872 597 1003 630 retineri

258 661 362 694 posse,
378 650 442 683 sive
462 656 498 683 ut
517 661 554 683 ea
571 650 819 683 observarentur
836 656 865 683 et
888 651 1004 684 retine-

259 709 371 737 rentur
387 704 477 737 nullo
498 704 596 737 modo
615 704 798 745 convenire,
820 710 884 737 tam
909 705 1005 738 Seba-

258 757 378 790 stianus
399 767 496 801 quam
528 757 683 790 Henricus
715 768 805 800 reges
836 758 1001 801 praedicti,

259 811 503 856 quampluribus
520 811 682 855 personis,
699 816 764 844 tam
788 811 820 844 in
843 812 934 845 dictis
955 823 1005 845 re-

258 865 328 908 gnis
349 875 445 908 quam
467 870 554 898 extra
574 865 638 906 illa,
663 866 849 899 earumdem
870 865 1003 898 militia-

259 929 331 952 rum
348 918 486 960 habitus,
503 924 534 952 et
553 919 717 952 nonnullis
737 920 960 959 commendas,
977 925 1007 952 et

259 972 328 1005 aliis
349 972 444 1005 etiam
465 983 562 1016 super
584 973 771 1005 earumdem
801 974 1006 1006 commenda-

258 1037 331 1060 rum
353 1026 508 1060 fructibus
521 1053 528 1067 ,
552 1026 730 1059 redditibus
750 1032 781 1060 et
799 1027 1007 1070 proventibus

258 1080 429 1124 pensiones
447 1079 675 1121 exhibuissent,
700 1080 862 1113 dedissent
881 1086 911 1113 et
931 1080 1007 1113 assi-

258 1139 422 1177 gnassent,
444 1134 587 1178 aliosque
618 1139 706 1167 actus
727 1139 757 1167 et
776 1140 879 1176 gesta,
904 1135 1007 1167 forma

258 1188 418 1221 dictorum
440 1193 652 1227 statutorum,
676 1188 784 1220 forsan
811 1187 1002 1229 iuratorum,

258 1252 325 1275 non
345 1246 480 1281 servata,
502 1246 532 1274 et
552 1246 664 1274 contra
684 1241 738 1274 illa
759 1240 865 1281 etiam,
885 1241 1006 1285 absque

259 1305 298 1328 eo
318 1294 406 1338 quod
428 1294 460 1327 in
480 1294 666 1328 huiusmodi
692 1294 859 1327 habituum
878 1295 1003 1328 exhibi-

259 1348 410 1388 tionibus,
432 1348 698 1382 commendarum
718 1347 955 1391 provisionibus
976 1354 1006 1382 et

258 1402 452 1446 pensionum
476 1401 761 1444 assignationibuS,
786 1401 921 1446 aliisque
953 1413 1006 1444 ge—

258 1455 314 1490 stis
331 1456 430 1489 ullam
450 1455 591 1489 facerent
611 1455 820 1496 mentionem,
845 1456 931 1500 quod
963 1456 1007 1488 vi—

260 1521 337 1553 gore
359 1510 517 1543 dictarum
539 1510 725 1543 facultatum
747 1509 808 1542 sibi
838 1520 896 1554 per
914 1521 1007 1554 prae-

261 1564 363 1598 dictos
388 1564 556 1608 pontifices
576 1575 812 1605 concessarum,
844 1569 875 1597 et
895 1570 1007 1598 contra

261 1618 396 1651 sormam
423 1617 583 1650 dictorum
613 1623 806 1651 statutorum
835 1617 1007 1651 confirma-

262 1677 368 1704 torum
399 1671 631 1714 operabantur,
664 1677 693 1704 et
726 1671 847 1716 absque
876 1671 1005 1704 illorum

262 1725 431 1762 sufficienti
445 1725 665 1767 derogatione.
682 1725 719 1758 Et
736 1725 943 1768 postmodum
959 1731 1002 1765 tu,

262 1779 317 1823 qui
348 1778 519 1823 praedictis
553 1779 682 1821 regibus
712 1778 743 1811 in
776 1779 868 1812 dictis
899 1779 1006 1821 regnis

261 1843 425 1867 successor
444 1832 603 1872 extiteras,
627 1833 666 1865 de
687 1832 778 1865 dictis
798 1833 933 1874 statutis,
955 1844 1007 1867 or-

262 1886 480 1920 dinationibus
509 1891 540 1918 et
568 1885 792 1919 stabilimentis
825 1897 862 1919 ac
894 1897 1005 1920 eorum

262 1941 562 1976 confirmationibus
583 1947 611 1974 et
634 1941 920 1984 approbationibus
941 1953 1006 1976 non

260 1995 356 2039 plene
382 1995 588 2034 informatus,
622 1995 862 2038 praedictorum
893 2006 1006 2038 regum

261 2048 401 2091 vestigiis
422 2048 631 2088 inhaerendo,
664 2048 860 2092 illorumque
880 2060 956 2082 usus
977 2056 1007 2082 et

262 2103 509 2137 consuetudines
523 2103 554 2136 in
568 2103 628 2136 hac
640 2109 730 2147 parte
744 2105 919 2147 sequendo,
937 2105 1007 2148 plu-

261 2169 312 2191 res
332 2168 462 2202 quoque
482 2158 638 2191 dictarum
657 2158 843 2191 militiarum
865 2158 1002 2199 habitus,

262 2212 470 2246 commendas
501 2217 531 2244 et
560 2211 730 2255 pensiones
759 2212 1006 2256 quamplurimis

262 2265 407 2310 personis
427 2264 634 2305 exhibuisses,
658 2265 846 2298 contulisses
868 2270 898 2299 et
923 2265 1002 2299 assi-

262 2330 402 2363 gnasses,
423 2319 568 2362 aliosque
596 2324 684 2352 actus
713 2325 743 2352 et.
763 2325 851 2361 gesta
879 2319 1006 2353 fecisses

262 2373 411 2407 similiter
424 2378 535 2406 contra
549 2383 585 2405 ac
605 2378 733 2416 praeter
751 2373 888 2406 sormam
907 2373 1007 2406 dicto-

262 2438 334 2461 rum
346 2432 549 2466 statutorum‚
564 2427 670 2459 forsan
682 2427 871 2467 iuratorum,
886 2427 1006 2471 absque

263 2482 393 2515 illorum
406 2481 502 2524 plena
515 2480 737 2522 derogatione,
752 2481 904 2525 nullaque
916 2492 1007 2525 prae-

264 2535 360 2568 missa
377 2534 551 2574 mentione,
570 2545 637 2567 esse
658 2540 730 2567 tuae
752 2534 946 2575 intentionis,
964 2535 1007 2567 vi-

264 2599 341 2632 gore
361 2587 599 2632 praedictarum
621 2587 818 2627 facultatum,
835 2588 948 2621 eadem
963 2588 1007 2620 sa-

264 2652 336 2676 cere
364 2647 395 2675 et
414 2641 556 2686 operari;
576 2651 613 2674 ac
639 2647 811 2684 propterea
831 2641 1006 2674 admodum

265 2696 427 2730 dubitares
446 2696 484 2730 de
504 2695 667 2729 validitate
684 2694 844 2729 dictorum
861 2701 1004 2737 actuum,

1686 270 1745 303 461

1039 335 1101 363 tam
1115 340 1133 362 a
1144 328 1331 363 Sebastiano
1349 333 1380 361 et
1389 327 1528 361 Henrico
1540 328 1668 369 regibus
1683 339 1778 372 quam

1037 395 1055 416 a
1077 389 1105 416 te
1119 389 1294 425 gestorum,
1309 383 1428 426 illaque
1445 382 1550 415 minus
1568 382 1661 414 firma
1682 388 1713 415 et
1728 394 1779 415 va—

1037 436 1101 469 lida
1121 436 1216 469 fuisse
1237 441 1267 469 et
1278 435 1416 469 extitisse
1430 446 1466 468 ex
1485 446 1522 468 eo
1544 436 1630 479 quod
1644 435 1674 467 in
1690 446 1780 478 prae-

1037 490 1129 524 dictis
1149 490 1284 527 statutis,
1308 490 1414 523 forsan
1431 489 1542 522 iuratis
1556 494 1583 522 et
1606 489 1780 522 confirma-

1039 543 1087 583 tis,
1111 544 1199 576 adest
1220 544 1385 577 decretum
1408 543 1536 576 irritans
1561 548 1590 576 et
1611 543 1780 576 annullans

1037 597 1146 630 omnia
1163 603 1191 630 et
1206 607 1429 640 quaecumque
1442 602 1554 629 contra
1572 596 1701 629 illorum
1717 597 1781 629 sor-

1039 661 1123 682 mam
1145 656 1233 692 gesta
1261 656 1289 683 et
1321 656 1483 683 attentata.
1515 650 1553 683 Et
1580 650 1668 689 ideo,
1701 650 1783 683 sicut

1039 704 1151 737 eadem
1180 703 1334 748 expositio
1366 703 1591 746 subiungebat,
1626 704 1652 737 si
1682 714 1778 747 prae-

1040 757 1123 790 dicta
1143 757 1252 790 omnia
1272 768 1365 790 suum
1398 758 1530 801 plenum
1560 763 1590 790 et
1620 757 1781 791 omnimo-

1040 811 1115 844 dum
1138 822 1201 843 non
1222 810 1414 843 sortirentur
1436 811 1600 852 effectum,
1624 811 1782 844 maximae
1813 809 1821 817 “

1040 865 1153 898 exinde
1182 865 1344 898 orirentur
1371 864 1573 897 difficultates
1600 865 1633 897 in
1658 866 1779 898 multo-

1040 931 1111 952 rum
1141 919 1299 952 nobilium
1320 924 1352 951 et
1383 930 1594 963 personarum
1614 919 1779 964 principa-

1041 972 1119 1005 lium
1140 972 1386 1016 praeiudicium,
1410 972 1510 1004 immo
1531 978 1559 1005 et
1581 983 1639 1016 pro
1670 973 1780 1006 conei-

1041 1026 1155 1059 liandis
1186 1026 1243 1058 tibi
1273 1026 1387 1059 animis
1418 1026 1578 1059 dictorum
1610 1026 1779 1066 nobilium,

1040 1080 1167 1124 illisque
1187 1086 1217 1113 et
1234 1080 1314 1119 aliis,
1332 1080 1448 1124 quibus
1461 1080 1645 1113 huiusmodi
1663 1081 1783 1123 gratiae

1040 1134 1138 1167 sactae
1158 1134 1296 1173 luerunt,
1312 1134 1343 1166 in
1361 1134 1466 1167 officio
1485 1134 1697 1173 continendis,
1714 1135 1784 1178 plu-

1040 1187 1157 1220 rimum
1177 1188 1350 1232 expediret,
1366 1188 1530 1232 praedicta
1549 1187 1658 1221 omnia
1676 1188 1780 1220 adim-

1040 1241 1128 1285 plere
1148 1247 1179 1275 et
1198 1241 1392 1281 substinere;
1414 1241 1518 1275 eidem
1537 1241 1622 1274 Sixto
1642 1242 1780 1285 praede-

1040 1295 1157 1329 cessori
1175 1295 1340 1328 humiliter
1359 1295 1532 1339 supplicari
1552 1295 1650 1329 fecisti
1668 1301 1703 1328 ut
1720 1301 1783 1328 tarn

1039 1350 1217 1384 Sebastiam
1238 1356 1269 1383 et
1288 1350 1427 1389 Henrici,
1455 1361 1567 1392 regum
1596 1350 1780 1393 praedicto-

1040 1415 1123 1445 rum,
1144 1415 1240 1447 quam
1262 1410 1335 1436 tuae
1355 1409 1383 1436 et
1402 1414 1613 1447 personarum
1632 1403 1784 1437 interesse

1040 1457 1227 1490 habentium
1246 1457 1459 1490 conscientiae
1472 1456 1695 1500 tranquillitati
1709 1468 1784 1490 con-

1040 1511 1155 1550 sulere,
1179 1511 1306 1554 aliaque
1339 1510 1370 1543 in
1391 1510 1574 1554 praemissis
1602 1516 1785 1554 opportune

1040 1564 1209 1608 providere
1234 1565 1273 1597 de
1302 1564 1498 1606 benignitate
1529 1564 1705 1608 apostolica
1730 1564 1782 1597 di-

1040 1623 1204 1660 gnaretur.

1086 1673 1102 1714 ξ
1124 1671 1153 1704 02.
1178 1672 1330 1715 Idemque
1360 1672 1597 1715 praedecessor,
1621 1671 1683 1705 tuis
1704 1683 1781 1716 sup-

1040 1725 1267 1769 plicationibus
1285 1726 1317 1758 in
1338 1737 1374 1759 ea
1391 1732 1481 1770 parte
1499 1727 1680 1767 inclinatus,
1695 1738 1786 1761 veros

1041 1779 1228 1812 militiarum
1260 1780 1498 1824 praedictarum
1533 1781 1782 1823 institutionum,

1041 1833 1234 1877 illarumque
1255 1834 1531 1875 constitutionum,
1549 1841 1742 1869 statutorum
1757 1841 1788 1869 et

1041 1886 1266 1921 definitionum
1280 1899 1407 1922 necnon
1421 1900 1700 1933 quarumcumque
1711 1890 1787 1923 alia-

1040 1952 1112 1974 rum
1134 1941 1271 1985 desuper
1300 1942 1517 1975 confectarum
1539 1943 1718 1976 litterarum
1740 1950 1786 1977 te-

1041 2006 1135 2028 nores
1166 2006 1225 2039 pro
1256 1996 1412 2039 expressis
1430 1996 1575 2037 babens,
1603 1997 1787 2041 supradicta

1041 2049 1160 2089 omnia,
1184 2055 1248 2082 tam
1280 2060 1337 2093 per
1368 2049 1470 2082 dictos
1499 2050 1723 2083 Sebastianum
1756 2057 1787 2084 et

1040 2103 1212 2136 Henricum
1236 2113 1336 2146 reges,
1358 2114 1455 2147 quam
1483 2114 1501 2136 a
1522 2109 1550 2136 te
1580 2104 1663 2137 circa
1686 2116 1782 2148 prae-

1041 2157 1136 2190 missa
1157 2162 1269 2190 contra
1290 2162 1342 2190 aut
1371 2162 1498 2200 praeter
1524 2157 1681 2190 dictarum
1703 2158 1786 2191 mili-

1040 2209 1156 2243 tiarum
1175 2215 1302 2249 statuta,
1323 2210 1553 2251 ordinationes,
1568 2210 1783 2251 definitiones,

1040 2263 1267 2304 stabilimenta,
1291 2274 1379 2303 usus,
1401 2263 1648 2297 consuetudines
1669 2270 1700 2297 et
1728 2276 1786 2298 na-

1040 2323 1126 2350 turas
1140 2318 1232 2355 facta.
1257 2323 1344 2359 gesta
1365 2323 1395 2350 et.
1415 2323 1583 2361 exequuta,
1608 2319 1786 2362 apostolica

1040 2370 1240 2409 auctoritate,
1274 2382 1332 2414 per
1361 2382 1433 2404 suas
1468 2371 1589 2404 litteras
1628 2372 1659 2404 in
1689 2372 1785 2405 simili

1041 2426 1144 2459 forma
1164 2425 1268 2458 brevis
1294 2426 1497 2459 confirmavit
1525 2432 1556 2460 et
1584 2427 1782 2471 approbavit,

1041 2485 1071 2513 ot
1090 2484 1247 2523 quatenus
1268 2490 1348 2523 opus
1367 2485 1458 2520 esset,
1482 2480 1641 2521 validavit,
1660 2491 1786 2514 omnes-

1040 2544 1103 2578 que
1125 2539 1155 2566 et
1174 2533 1317 2575 singulos
1340 2539 1402 2566 tam
1435 2533 1512 2567 iuris
1533 2545 1629 2578 quam
1652 2535 1724 2567 sacti
1756 2540 1786 2567 et

1040 2587 1279 2620 solemnitatum
1300 2598 1336 2620 ac
1354 2598 1418 2621 non
1431 2593 1572 2622 servatae
1591 2589 1714 2621 formae
1732 2589 1786 2621 de-

1040 2642 1150 2681 sectus,
1182 2641 1207 2674 si
1236 2641 1290 2685 qui
1320 2641 1557 2675 intervenerant
1588 2642 1621 2674 in
1656 2642 1781 2682 iisdem,

1040 2695 1208 2740 supplevit,
1228 2695 1346 2740 illaque
1366 2695 1476 2730 onmia
1496 2701 1526 2730 et
1546 2695 1673 2739 singula
1692 2696 1786 2730 firma

1797 280 1844 306 An.
1867 280 1972 308 C.1591

1819 1682 1848 1702 Ea
1864 1682 1934 1701 onmia
1949 1688 1985 1701 va-

1800 1709 1902 1729 lidavvmi
1915 1708 1985 1729 Sixtus

1802 1736 1859 1761 Papa
1876 1735 1900 1756 V.
