2226 3070
256 270 303 296 An.
321 269 348 296 e.
373 269 434 296 ¹591
484 260 547 293 44ss

277 2567 373 2586 tllausula
390 2567 436 2587 suli-

255 2594 307 2617 lata,
324 2596 358 2613 (Ἰν.

453 318 599 362 quintum
629 323 660 351 et
687 318 764 351 alios
792 328 1010 361 quoscumque
1031 317 1191 349 Romanos

453 371 622 405 Pontifices
642 372 902 415 praedecessores
931 374 1056 402 nostros
1076 380 1112 403 ac
1134 379 1190 401 nos

453 431 483 459 et
502 426 615 459 Sedent
628 426 784 460 eamdem,
809 424 903 456 etiam
924 433 980 466 per
1000 422 1082 455 viam
1104 433 1190 455 com-

453 479 678 512 municationis
691 479 737 510 vel
752 476 943 509 extensionis
956 482 1008 509 aut
1027 476 1103 509 alias
1115 487 1190 509 eon-

452 544 549 570 cessa,
574 531 707 565 decretis
733 531 874 563 eiusdem
900 529 1029 563 Coneilii
1059 529 1189 562 mininie

453 586 622 623 contraria,
647 597 682 617 ac
710 584 826 628 quibus
852 584 995 626 singulae
1016 594 1190 626 congrega-

452 641 553 673 tiones
570 639 750 683 praedictae
771 649 946 681 earumque
972 637 1186 678 monasteria,

452 694 565 726 domus
585 699 613 725 et
635 693 705 725 loca
721 703 757 725 ac
777 691 968 735 superiores,
986 692 1106 727 fratres,
1124 701 1191 723 mo-

451 747 543 780 naehi
565 752 593 779 et
613 757 769 790 personae
801 745 1005 782 huiusmodi,
1030 746 1068 777 de
1100 745 1186 783 iure,

451 812 519 839 usu,
544 799 773 833 consuetudine
795 799 841 832 vel
856 798 1020 843 privilegio
1042 803 1095 831 aut
1116 808 1191 832 con-

450 853 591 886 cessione
618 852 791 896 apostolica
820 853 867 884 vel
896 852 956 885 alia
988 863 1191 895 quacumque

450 906 637 939 auctoritate
662 912 715 939 aut
735 906 812 939 alias
830 906 1071 949 quomodolibet
1095 911 1190 938 utun-

450 965 519 999 tur,
547 960 714 998 fruuntur,
738 959 906 1002 potiuntur
927 965 955 992 et
978 959 1129 1001 gaudent,
1154 969 1190 991 ac

451 1013 505 1050 uti,
530 1013 602 1051 frui,
623 1012 719 1056 potiri
740 1019 769 1046 et
791 1013 929 1055 gaudere
951 1018 1081 1056 possunt
1095 1018 1123 1045 et
1136 1023 1191 1056 po-

451 1072 554 1099 terunt
576 1066 819 1109 quomodolibet
836 1066 867 1099 in
881 1067 1033 1103 futurum,
1048 1066 1087 1099 ad
1101 1076 1191 1109 prae-

450 1120 566 1153 dictam
584 1120 817 1153 Cruciserorum
836 1119 1116 1162 congregationem
1131 1119 1192 1163 (ita

451 1180 484 1207 ut
504 1174 557 1207 illa
578 1174 709 1218 eiusque
726 1181 790 1207 tam
811 1175 951 1207 virorum
965 1185 1060 1218 quam
1077 1174 1190 1206 mulie-

451 1238 522 1260 rum
555 1227 770 1265 monasteria,
799 1227 990 1271 hospitalia,
1019 1232 1192 1260 conventus

450 1292 504 1313 seu
516 1281 688 1322 regulares,
706 1281 830 1317 doinus,
848 1281 1041 1323 illorumque
1055 1280 1187 1324 priores,

450 1335 649 1378 superiores,
680 1334 851 1374 officiales,
891 1335 1020 1374 fratres,
1056 1334 1191 1367 ministri

451 1394 479 1421 et
501 1388 580 1421 aliae
602 1399 769 1432 personae,
793 1399 877 1421 nunc
899 1394 927 1421 et
959 1399 1017 1432 pro
1048 1394 1191 1432 tempore

451 1442 635 1479 existentes,
660 1441 841 1485 praemissis
862 1441 1011 1474 omnibus
1032 1447 1062 1474 et
1082 1442 1191 1483 singu-

452 1495 508 1534 tis,
532 1506 632 1539 aeque
663 1507 698 1529 ac
728 1496 942 1540 parisormiter
971 1502 999 1528 et
1030 1496 1096 1529 sine
1128 1496 1191 1528 ulla

450 1560 580 1593 prorsus
615 1549 792 1582 differentia
822 1549 885 1587 uti,
920 1549 1002 1589 frui,
1036 1549 1131 1593 potiri
1163 1555 1192 1582 et

451 1604 590 1643 gaudere
611 1603 710 1636 libere
732 1610 759 1636 et
782 1604 866 1637 licite
887 1604 1019 1648 possint,
1036 1615 1071 1637 ac
1093 1603 1117 1636 si
1139 1603 1209 1635 illa*

451 1658 552 1691 dictae
573 1658 807 1691 Cruciserorum
829 1658 1068 1700 congregationi
1090 1657 1190 1690 illius-

451 1723 513 1755 que
534 1712 754 1749 monasteriis,
777 1712 1005 1755 hospitalibus,
1030 1711 1192 1744 conventi-

450 1766 509 1798 bus
529 1771 557 1797 et
579 1765 726 1798 domibus
747 1765 946 1807 regularibus
959 1792 966 1803 ,
990 1775 1026 1797 ac
1045 1764 1200 1808 superio-⁴

451 1819 549 1857 ribus,
570 1818 769 1858 officialibus,
795 1818 964 1856 fratribus,
989 1817 1140 1850 ministris
1161 1823 1189 1850 et

451 1873 520 1906 aliis
554 1873 697 1916 personis
734 1871 922 1915 praedictis,
951 1871 1130 1915 specialiter
1161 1878 1189 1904 et

453 1937 598 1970 expresse
626 1937 662 1958 ac
687 1925 915 1969 principaliter,
939 1935 1003 1957 non
1024 1930 1129 1957 autem
1151 1926 1208 1976 ad,

451 1980 558 2019 instar,
575 1990 735 2017 concessa,
753 1989 788 2011 ac
801 1978 1020 2021 praesentibus
1041 1978 1078 2010 de
1093 1978 1189 2011 verbo

450 2034 488 2066 ad
510 2034 641 2066 verbum
660 2033 776 2072 inserta
797 2033 931 2074 fussent)
953 2032 1139 2064 auctoritate
1161 2038 1189 2065 et

450 2094 559 2120 tenore
580 2086 766 2130 praedietis,
790 2092 945 2130 perpetuo
971 2086 1186 2126 extendimus3

451 2140 566 2182 illaque
588 2139 695 2172 onmia
708 2145 736 2172 et
750 2139 873 2181 singula
888 2139 989 2171 dictae
1007 2138 1186 2172 Crucit'ero-

450 2204 520 2225 rum
542 2192 781 2234 congregationi
802 2192 950 2235 illiusque
972 2192 1186 2232 1‘nonasteriis‚

452 2247 671 2289 hospitalibus,
696 2246 903 2279 comentibus
929 2258 964 2279 ae
991 2246 1208 2289 regularibus*

451 2299 608 2336 domibus,
624 2311 747 2332 necnon
770 2299 940 2343 prioribus,
957 2300 1186 2343 superiorilms,

452 2353 660 2391 officialibus,
685 2354 851 2393 tratribus,
877 2354 1028 2387 ministris
1060 2359 1089 2386 et
1118 2365 1190 2397 per-

452 2407 537 2440 sonis
566 2407 733 2450 praedictis
763 2407 1019 2451 quibuscumque
1045 2419 1190 2440 connun-

455 2460 609 2493 nicamus.

497 2514 511 2557 ξ
530 2513 560 2545 4.
585 2514 793 2546 Decernentes
815 2514 858 2547 sic
880 2520 910 2547 et
930 2525 993 2547 non
1025 2515 1116 2547 aliter
1135 2513 1208 2558 per*

453 2578 672 2610 quoscun‘tque
703 2566 841 2607 iudices,
866 2568 975 2611 quavis
1005 2568 1208 2601 auctoritatet

454 2622 635 2663 fungentes,
659 2620 752 2653 ctiam
774 2632 941 2653 causarum
971 2622 1080 2655 Palatii
1109 2624 1192 2666 Apo-

453 2674 555 2707 stolici
586 2674 767 2714 auditores,
795 2675 919 2707 sublata
950 2675 993 2708 eis
1024 2681 1054 2709 et
1079 2686 1191 2709 eorum

1032 268 1214 292 BULLARIUM
1230 268 1383 292 ROMANUM

1225 315 1354 349 cuilibet
1380 315 1489 359 quavis
1517 315 1608 348 aliter
1634 314 1794 348 iudicandi
1815 321 1845 348 et
1864 316 1959 348 inter-

1225 369 1367 413 pretandi
1390 370 1536 402 t'acultate
1556 375 1584 402 et
1606 369 1802 408 auctoritate,
1826 369 1959 402 iudicari

1224 429 1254 456 et.
1284 423 1413 456 dissiniri
1450 424 1582 461 debere,
1614 423 1737 456 irritum
1774 433 1901 466 quoque
1931 429 1961 456 et

1226 477 1318 509 inane
1344 476 1494 520 quicquid
1524 487 1614 509 secus
1649 487 1744 520 super
1770 476 1818 508 his
1844 486 1862 508 a
1882 486 1960 519 quo-

1224 541 1340 574 quam,
1373 530 1482 574 quavis
1513 530 1720 567 auctoritate,
1749 529 1884 562 scienter
1913 529 1959 562 vel

1224 584 1419 626 ignoranter,
1444 583 1612 626 contigerit
1632 583 1789 616 attentari.

1270 637 1336 679 gb.
1360 637 1517 676 Quocirca
1547 637 1662 670 dilecto
1702 636 1768 669 silio
1805 637 1960 670 moderno

1225 696 1254 724 et
1268 702 1325 735 pro
1339 697 1482 735 tempore
1500 690 1643 724 existenti
1665 690 1766 723 dictae
1786 690 1961 723 Crucifero-

1224 755 1295 776 rum
1317 744 1571 786 congregationis
1592 743 1764 787 protectori
1784 754 1841 788 per
1869 754 1961 787 prae-

1224 803 1328 831 sentes
1349 798 1578 831 committimus
1605 803 1635 831 et
1664 798 1854 831 mandamus
1885 808 1962 841 qua-

1225 857 1315 884 tenus
1335 862 1392 895 per
1408 862 1440 884 se
1460 852 1508 884 vel
1529 851 1626 885 alium
1639 863 1693 884 seu
1707 851 1796 891 alios,
1812 862 1962 895 praesen-

1225 910 1270 937 tes
1292 904 1410 937 litteras
1423 904 1494 937 etin
1507 905 1551 937 eis
1563 910 1710 938 contenta
1726 915 1959 948 quaecumque,

1224 958 1278 990 ubi
1299 963 1327 990 et
1349 958 1477 1001 quando
1498 969 1579 1002 opus
1592 958 1696 995 suerit,
1710 958 1963 1002 solemniterpu-

1225 1011 1386 1051 blicando‚
1402 1022 1438 1044 ac
1452 1011 1554 1044 dictae
1574 1011 1810 1045 Cruciserorum
1831 1022 1964 1054 congre-

1225 1064 1359 1105 gationis
1384 1064 1533 1097 fratribus
1554 1064 1585 1097 in
1616 1064 1799 1108 praemissis
1828 1064 1964 1098 efficacis

1225 1118 1417 1152 defensionis
1447 1119 1606 1162 piaesidio
1637 1118 1827 1159 assistendo,
1850 1119 1960 1161 saciat,

1225 1173 1413 1206 auctoritate
1434 1179 1552 1211 nostra,
1585 1179 1767 1217 praesentes
1797 1179 1827 1207 et
1856 1173 1889 1206 in
1920 1174 1964 1207 eis

1226 1232 1373 1260 contenta
1394 1227 1578 1260 huiusmodi
1599 1227 1734 1260 tirmiter
1745 1228 1965 1269 observari,ac

1225 1280 1377 1323 singulos,
1403 1292 1482 1324 quos
1503 1281 1588 1325 ipsae
1608 1281 1732 1314 litterae
1753 1288 1961 1323 concernunt,

1227 1333 1286 1366 illis
1307 1334 1439 1377 pacifice
1460 1334 1520 1366 frui
1541 1335 1733 1377 etgaudere.
1748 1335 1817 1368 Non
1832 1336 1964 1379 permit-

1226 1392 1325 1420 tentes
1357 1398 1410 1420 eos
1438 1388 1486 1420 vel
1516 1399 1627 1421 eorum
1659 1389 1797 1432 aliquem
1830 1390 1966 1433 desuper

1226 1446 1336 1474 eontra
1364 1442 1579 1485 praesentium
1614 1448 1757 1475 tenorem
1786 1453 1843 1486 per
1872 1454 1967 1487 quos-

1227 1505 1375 1538 cumque,
1400 1495 1494 1528 etiam
1510 1495 1655 1528 locorum
1676 1496 1870 1535 Ordinarios,
1887 1507 1966 1540 quo-

1227 1549 1402 1582 modolibet
1424 1549 1563 1582 indebite
1584 1550 1761 1590 molestari,
1785 1550 1965 1594 perturbari

1226 1603 1273 1635 vel
1301 1603 1460 1646 impediri.
1482 1603 1737 1636 Contradictores
1758 1603 1917 1647 quoslibet
1936 1610 1967 1638 et

1226 1656 1360 1689 rebelles
1382 1668 1417 1690 ac
1438 1656 1620 1700 praemissis
1640 1668 1704 1690 non
1734 1663 1880 1700 parentes
1909 1669 1966 1702 per

1225 1710 1396 1743 sententias
1422 1722 1458 1743 ac
1490 1721 1639 1743 censuras
1660 1711 1904 1752 ecclesiasticas,
1929 1722 1965 1745 ac

1226 1764 1320 1796 etiam
1343 1764 1543 1807 pecuniarias
1564 1775 1684 1808 poenas
1702 1764 1826 1808 aliaque
1847 1775 1966 1809 oppor-

1227 1823 1300 1850 tuna
1322 1817 1397 1850 iuris
1427 1823 1457 1850 et
1487 1818 1559 1850 facti
1586 1818 1738 1857 remedia,
1763 1829 1965 1862 quacumque

1225 1871 1439 1914 appellatione
1460 1871 1633 1915 posposita,
1656 1872 1901 1915 compescendo,
1919 1872 1966 1904 in-

1225 1930 1335 1956 vocato
1356 1924 1450 1957 etiam
1472 1925 1510 1957 ad
1531 1924 1602 1963 boc,
1619 1924 1643 1957 si
1657 1935 1737 1968 opus
1756 1925 1861 1965 suerit,
1878 1925 1965 1958 auxi-

1225 1977 1266 2010 lio
1287 1977 1409 2010 brachii
1430 1978 1612 2011 saecularis.

1268 2033 1282 2075 ξ
1303 2032 1332 2064 o.
1348 2033 1416 2065 Non
1437 2032 1635 2065 obstantibus
1656 2032 1818 2076 quibusvis
1838 2038 1965 2076 aposto-

1225 2085 1303 2123 licis,
1327 2097 1363 2118 ac
1384 2086 1414 2118 in
1437 2085 1695 2129 provincialibus,
1717 2086 1922 2130 synodalibus
1935 2091 1965 2119 et

1224 2140 1426 2180 generalibus
1441 2140 1582 2172 conciliis
1597 2139 1688 2173 editis
1704 2140 1905 2182 generalibus
1916 2140 1964 2173 vel

1224 2193 1414 2237 specialibus
1439 2193 1718 2227 constitutionibus
1740 2199 1770 2227 et
1789 2194 1966 2227 ordinatio-

1224 2247 1332 2285 nibus,
1356 2258 1481 2280 necnon
1497 2247 1744 2280 Mendicantium
1757 2252 1786 2280 et.
1798 2258 1862 2280 non
1878 2248 1964 2280 Men-

1224 2300 1398 2333 dicantium
1437 2300 1613 2337 Ordinum,
1656 2301 1961 2343 congregationum,

1226 2354 1491 2387 monasteriorum
1514 2360 1543 2387 et
1564 2354 1760 2396 regularium
1780 2355 1961 2394 domorum,

1225 2408 1319 2441 etiam
1334 2408 1525 2448 iuramento,
1536 2408 1779 2441 confirmatione
1791 2408 1966 2451 apostolica

1225 2462 1271 2495 vel
1293 2462 1402 2505 quavis
1422 2462 1571 2495 firmitate
1592 2462 1653 2494 alia
1672 2462 1830 2495 roboratis
1840 2462 1963 2495 statutis

1225 2520 1252 2547 ct
1284 2515 1583 2553 consuetudinibus,
1613 2515 1786 2558 privilegiis
1813 2525 1961 2559 quoque,

1226 2568 1355 2601 indultis
1375 2574 1404 2601 et
1425 2568 1536 2601 litteris
1557 2568 1748 2612 apostolicis,
1766 2567 1827 2601 illis
1839 2578 1965 2601 eorum-

1225 2633 1287 2665 que
1307 2622 1472 2655 tenoribus
1493 2628 1520 2655 et
1544 2623 1664 2659 formis,
1689 2634 1725 2655 ac
1739 2633 1811 2655 cum
1834 2621 1966 2665 quibus-

1225 2670 1280 2716 vis,
1306 2676 1401 2709 etiam
1426 2675 1704 2718 derogatoriarum
1732 2675 1961 2718 derogatoriis,

1970 265 2018 292 An.
2036 265 2063 293 C.
2084 265 2149 293 1591

2003 647 2158 672 Exequutorum

1975 673 2093 699 deputatio.

1997 2038 2107 2060 Ctawutae
2116 2043 2164 2057 con-

1980 2066 2092 2095 trariorum
2104 2064 2164 2084 (lei-0-

1980 2095 2085 2119 gammae.
