2226 3070
75 323 126 351 An.
144 323 174 351 C.
192 321 260 350 1590

923 318 1026 343 SlXTUS
1051 318 1069 342 V
1093 318 1140 342 PP.

273 372 340 405 sine
378 383 441 415 qua
474 371 663 404 monasterii
703 380 860 415 personae
904 371 1025 414 absque

272 436 371 468 opera
398 430 632 463 externorum,
663 435 746 467 quae
777 425 822 456 ιϊΙ
852 435 888 455 ex
915 435 1025 457 neees—

272 479 365 511 sitate
414 479 463 511 vel
502 489 538 510 ex
571 477 753 510 imminenti
795 477 939 520 periculo
978 477 1023 509 vel

273 531 453 575 provisione
474 531 543 564 fieri
565 535 705 573 oportet,
727 530 841 573 exequi
865 541 929 562 non
951 541 1024 572 pes-

271 591 358 626 sunt,
382 590 417 617 ut
437 590 511 617 sunt
530 584 624 624 fabri,
647 583 787 626 operarii
808 595 864 615 seu
886 583 1024 616 ministri

272 639 311 671 ad
331 649 431 682 opera
447 638 604 678 facienda,
623 637 753 677 medici,
768 636 912 679 chirurgi
933 647 970 669 ac
990 648 1024 669 a-

272 691 305 724 lii
323 691 524 724 huiusmodi.

314 744 394 783 Quia
415 754 490 777 vero
526 742 669 786 religiosi
698 742 921 785 spectaculum
950 741 1024 774 laeti

271 803 346 831 sunt
363 798 439 838 Deo,
463 797 585 839 angelis
606 802 636 829 et
655 795 843 828 hominibus
868 796 915 837 (ut
939 796 1023 838 Apo-

270 852 371 884 stolus
391 851 447 893 ait)
468 851 614 894 nihilque
635 850 793 893 populum
812 849 912 891 magis
925 848 1025 882 offen-

270 905 315 937 dit
334 915 431 947 quam
453 904 555 937 facilis
572 914 721 937 accessus
741 903 781 935 ad
802 902 971 941 moniales,
995 908 1025 935 et

269 969 307 991 ee
328 958 468 1001 amplius
489 958 653 1001 ingressus
668 957 699 989 in
713 956 921 995 monasteria,
935 956 1024 988 nulla

269 1018 404 1055 cogente
425 1012 626 1048 necessitate:
643 1011 715 1044 ideo
727 1010 919 1043 mandamus
934 1020 1025 1053 prae-

270 1066 365 1109 cipue
383 1065 492 1099 curari
519 1071 553 1098 ut
585 1064 727 1107 religiosi
759 1064 798 1096 ad
828 1063 1025 1096 monasteria

269 1119 429 1152 dictarum
448 1118 638 1152 monialium
653 1118 839 1150 nullatenus
856 1116 1022 1156 accedant;

270 1174 335 1206 imo
356 1172 476 1206 vicario
503 1173 601 1205 etiam
629 1176 660 1204 et
680 1170 904 1204 commissario
929 1180 1024 1212 gene-

270 1226 392 1259 ralibus
410 1226 637 1259 interdicimus
656 1235 696 1258 ne
708 1224 820 1257 eadem
833 1223 1023 1257 monialium

270 1279 465 1312 monasteria
486 1278 721 1322 ingrediantur,
747 1277 807 1310 nisi
841 1287 900 1321 pro
928 1276 1025 1310 rebus

269 1333 349 1366 adeo
379 1332 583 1372 necessariis,
610 1337 645 1365 ut
674 1331 839 1364 mediante
863 1330 1024 1364 locutorio

269 1398 325 1420 seu
346 1387 490 1420 cratibus
509 1386 634 1427 ferreis,
655 1385 711 1418 illa
731 1384 814 1418 effici
831 1389 885 1417 aut
898 1389 1023 1427 pertra-

269 1440 347 1474 ctari
368 1445 541 1484 nequeant.
564 1440 608 1472 Ac
628 1444 801 1483 propterea
821 1438 1025 1471 declaramus

270 1494 488 1534 hortationes,
522 1492 761 1526 admonitiones
792 1502 829 1525 ac
857 1501 1024 1524 sermones

270 1547 455 1591 spirituales
471 1546 531 1579 sub
542 1545 729 1579 huiusmodi
740 1544 939 1579 necessitatis
950 1555 1024 1577 eau-

270 1601 312 1634 sis
327 1600 463 1633 minime
481 1600 653 1633 contineri.
668 1599 774 1638 Quare
790 1599 843 1631 illa
855 1598 941 1642 apud
953 1609 1024 1631 cra-

270 1660 315 1687 tes
333 1665 390 1687 seu
401 1653 562 1688 locutoria
573 1658 783 1697 peragantur,
797 1658 828 1685 et
848 1651 1023 1685 correctio-

270 1719 325 1741 nes
345 1708 517 1751 culparum
539 1707 571 1739 in
590 1706 771 1740 visitatione
783 1705 963 1746 faciendae,
976 1706 1023 1738 vel

270 1762 300 1795 in
312 1761 483 1795 locutoriis
491 1761 569 1794 fiant
581 1761 629 1793 vel
644 1759 755 1804 peragi
768 1759 974 1792 mandentur:
994 1764 1024 1792 et

269 1815 400 1859 quando
421 1825 458 1848 cx
479 1815 563 1848 iusta
584 1825 680 1847 causa
700 1813 830 1856 urgebit
849 1812 1024 1846 necessitas

269 1868 471 1912 ingrediendi
482 1869 666 1901 clausuram
682 1866 881 1907 monasterii,
899 1877 937 1900 eo
947 1877 1023 1899 casu

269 1922 407 1955 vicarius
427 1932 481 1955 seu
508 1920 751 1955 commissarius
771 1921 952 1963 generales,
976 1932 1024 1953 as-

269 1981 399 2019 sumpto
429 1986 505 2009 sene
530 1981 560 2008 et
590 1975 693 2019 probo
721 1975 823 2015 socie,
851 1974 905 2017 qui
926 1975 965 2007 ab
986 1985 1024 2008 eo

270 2040 328 2073 per
343 2034 447 2062 totum
459 2033 588 2073 tempus
599 2039 663 2072 quo
676 2028 708 2061 in
721 2028 918 2061 monasterio
936 2038 1023 2061 man-

269 2082 346 2115 serit
375 2082 510 2116 minime
544 2083 747 2125 seiungatur,
773 2081 947 2115 visitationi
974 2081 1024 2114 in-

269 2137 413 2177 cumbat,
453 2147 513 2169 nec
542 2146 741 2179 quemquam
772 2135 924 2176 omnino,
960 2136 1025 2168 sive

270 2191 353 2223 intra
373 2190 438 2223 sive
458 2195 545 2223 extra
567 2189 813 2230 monasterium,
836 2189 1026 2232 apudlocu-

270 2244 388 2277 torium
402 2243 512 2277 cibum
526 2253 655 2276 sumere
675 2242 854 2286 permittat,
875 2253 936 2276 nec
957 2243 1026 2287 ipse

269 2303 386 2330 sumat.

313 2351 347 2384 In
372 2350 585 2384 electionibus
609 2349 707 2383 etiam
727 2355 799 2383 vota
824 2349 857 2383 in
886 2349 957 2393 ipso
977 2350 1025 2384 lo-

270 2404 397 2438 cutorio
417 2404 482 2436 sive
501 2409 575 2436 ante
595 2408 698 2436 crates
718 2403 851 2443 ferreas,
874 2402 959 2436 iuxta
979 2403 1027 2447 ip-

270 2458 334 2491 sius
359 2456 489 2490 concilii
510 2457 640 2489 decreta
660 2455 881 2499 accipiantur3
896 2460 1026 2499 totaque

270 2506 385 2539 electio
401 2516 475 2539 cum
493 2504 764 2549 praecedentibus
781 2510 809 2537 et
827 2504 1027 2548 subsequen-

271 2556 355 2589 tibus
369 2555 408 2587 ad
429 2566 499 2587 eam
513 2555 545 2587 in
559 2554 722 2587 locutorio
738 2554 861 2596 absque
879 2553 1026 2596 ingressu

271 2605 303 2637 in
329 2603 562 2637 monasterium
581 2603 715 2636 omnino
736 2602 802 2635 fiat.

314 2653 508 2687 Confessarii
538 2663 671 2697 quoque
695 2653 786 2686 nullo
815 2663 891 2685 casu
912 2662 1026 2685 mona-

271 2704 366 2738 steria
390 2703 641 2747 ingrediantur,
671 2702 733 2739 nisi
765 2701 937 2737 occasione
969 2712 1028 2736 au-

1714 307 1771 339 *21'1

1066 369 1175 403 diendi
1195 367 1413 402 consessiones
1435 367 1653 407 infirmarum,
1681 379 1763 410 quae
1784 369 1821 400 ad

1067 422 1197 455 solitum
1233 422 1340 454 locum
1376 419 1587 453 consessionis
1621 421 1729 454 venire
1760 432 1824 454 non

1068 482 1214 518 possunt,
1237 475 1365 517 hocque
1385 484 1422 506 ex
1448 473 1585 506 consilio
1612 474 1740 513 medici,
1768 475 1822 518 qui

1069 535 1202 562 testatus
1222 529 1320 562 suerit
1337 528 1425 572 quod
1446 527 1619 560 necessitas
1641 533 1765 569 urgeat,
1787 540 1823 561 ac

1068 582 1130 615 illis
1144 588 1347 615 sacramenta
1364 581 1590 614 Sanctissimae
1604 581 1825 615 Eucharistiae

1066 647 1104 668 ac
1138 636 1307 669 Extremae
1345 634 1512 668 Unctionis
1554 634 1822 671 administrandi:

1067 689 1155 731 quod
1184 689 1208 721 si
1230 695 1302 732 post
1327 688 1518 721 eorumdem
1545 693 1823 722 sacramentorum

1067 742 1308 785 receptionem,
1338 742 1450 774 eadem
1482 741 1610 774 infirma
1645 740 1753 783 aliquo
1782 747 1825 774 te-

1067 801 1184 827 neatur
1213 796 1381 838 scrupulo,
1410 795 1511 838 possit
1544 795 1760 828 confessarius
1784 795 1823 827 ad

1067 848 1213 881 eamdem
1233 848 1511 882 reconciliandam
1528 848 1666 891 ingredi,
1686 859 1823 884 necnon

1068 901 1138 934 eius
1163 912 1200 934 ex
1221 901 1282 934 liae
1303 902 1366 934 vita
1392 901 1563 934 transitum
1588 902 1755 935 adiuvare.

1111 956 1190 988 Item
1221 966 1366 999 quoque,
1400 955 1425 988 si
1458 966 1541 999 quae
1569 966 1604 988 ex
1627 956 1824 989 monialibus

1066 1010 1221 1043 diuturno
1248 1010 1363 1043 morbo
1388 1009 1517 1042 detenta
1547 1009 1665 1048 suerit,
1697 1020 1733 1041 ex
1759 1021 1824 1052 que

1066 1063 1105 1095 ad
1126 1063 1324 1096 locutorium
1341 1063 1390 1096 vel
1412 1062 1625 1095 consessionis
1645 1063 1753 1095 locum
1775 1073 1824 1095 ac-

1066 1116 1181 1150 cedere
1206 1127 1272 1149 non
1297 1116 1409 1160 possit,
1446 1115 1541 1148 liceat
1567 1115 1776 1155 confessario,
1799 1116 1823 1148 si

1067 1169 1264 1212 requiratur,
1278 1169 1476 1213 quandoque
1488 1168 1527 1202 ad
1539 1169 1641 1212 ipsam
1657 1169 1824 1207 accedere,

1065 1223 1162 1256 etiam
1188 1223 1303 1256 mortis
1327 1223 1474 1266 periculo
1496 1231 1562 1255 non
1588 1222 1746 1255 instante:
1775 1233 1826 1254 ve-

1066 1287 1139 1308 rum
1157 1287 1222 1309 non
1239 1276 1333 1309 aliter
1351 1275 1567 1318 ingrediatur,
1590 1274 1650 1309 nisi
1667 1280 1753 1308 cotta
1767 1286 1824 1308 seu

1065 1329 1305 1374 superpelliceo
1324 1335 1355 1363 et
1375 1329 1457 1362 stola
1477 1328 1622 1368 indutus,
1644 1339 1682 1362 ae
1702 1340 1719 1361 a
1742 1329 1824 1362 dua-

1065 1385 1124 1417 bus
1150 1383 1349 1417 monialibus
1374 1382 1537 1426 deputatis
1568 1393 1698 1427 semper
1722 1382 1824 1416 comi-

1066 1443 1160 1477 tatus,
1192 1443 1228 1470 ut
1259 1448 1358 1481 supra
1382 1436 1597 1480 praemissum
1628 1441 1692 1477 est,
1726 1442 1824 1480 atque

1065 1491 1163 1525 etiam
1184 1490 1266 1524 infra
1286 1491 1428 1524 dicetur.

1109 1545 1137 1577 Is
1154 1555 1228 1578 vero
1250 1544 1478 1584 confessarius,
1507 1543 1562 1587 qui
1583 1543 1621 1577 iis
1649 1544 1689 1577 de
1717 1543 1824 1577 causis

1066 1599 1250 1632 clausuram
1276 1596 1488 1641 ingredietur,
1510 1602 1597 1630 recta
1627 1596 1677 1630 via
1698 1602 1822 1640 pergat,

1065 1664 1102 1685 ac
1123 1651 1240 1684 deinde
1265 1651 1464 1694 egrediatur,
1484 1661 1544 1684 nec
1569 1650 1689 1683 alicubi
1709 1650 1824 1683 immo-

1066 1711 1167 1739 retur:
1195 1706 1281 1748 quod
1304 1705 1407 1738 eidem
1429 1703 1602 1748 priorissae
1623 1714 1680 1736 seu
1700 1703 1823 1747 praesi—

1065 1759 1152 1793 denti
1173 1765 1209 1792 ut
1229 1764 1320 1792 curet
1338 1764 1369 1792 et
1389 1762 1492 1791 servet
1507 1757 1599 1791 enixe
1617 1757 1821 1797 mandamus-3

1065 1813 1256 1847 monialium
1273 1822 1406 1856 quoque
1421 1822 1504 1855 quae
1523 1811 1756 1844 confessarium
1774 1821 1825 1844 eo-

1064 1868 1269 1901 mitabuntur
1284 1866 1500 1901 conscientias
1517 1875 1702 1905 oneramus,
1723 1869 1758 1898 ut
1774 1875 1824 1898 re-

1065 1927 1115 1955 cta
1134 1922 1182 1955 via
1203 1932 1277 1954 cum
1299 1931 1337 1954 eo
1357 1925 1506 1965 pergant,
1542 1919 1700 1962 nulleque
1725 1918 1824 1951 modo

1065 1986 1139 2009 cum
1160 1975 1217 2008 illo
1238 1975 1465 2007 immorentur.

1108 2029 1322 2062 Prohibemus
1338 2027 1434 2060 etiam
1447 2037 1488 2060 ne
1499 2036 1640 2066 sorores
1654 2026 1824 2059 illarumve

1065 2083 1239 2127 priorissae
1254 2083 1303 2115 vel
1324 2081 1507 2125 praefectae
1522 2080 1590 2113 ullo
1606 2080 1704 2112 modo
1724 2080 1764 2113 ad
1778 2080 1825 2112 lo-

1065 2137 1234 2181 quendum
1260 2136 1382 2178 absque
1406 2133 1540 2167 licentia
1561 2133 1722 2176 generalis
1741 2133 1824 2166 vica-

1067 2190 1105 2223 rii
1126 2190 1176 2222 vel
1197 2187 1424 2227 commissarii,
1447 2197 1484 2220 ex
1501 2197 1599 2220 eausa
1619 2187 1701 2219 iusta
1723 2192 1755 2220 et
1776 2197 1824 2219 ra-

1067 2242 1212 2276 tionabili
1234 2247 1359 2275 tantum
1380 2246 1411 2274 et
1430 2240 1464 2273 in
1484 2240 1615 2284 scriptis
1638 2240 1823 2274 coneeden-

1066 2298 1118 2338 da,
1132 2297 1180 2330 vel
1196 2296 1228 2329 in
1245 2294 1398 2329 eausibus
1415 2294 1454 2327 ab
1472 2293 1522 2327 his
1539 2293 1825 2328 constitutionibus

1067 2355 1095 2384 et
1112 2348 1254 2393 generali
1271 2348 1416 2392 capitulo
1431 2347 1610 2392 permissis,
1630 2347 1663 2380 in
1678 2357 1737 2380 sua
1753 2357 1824 2380 mo-

1066 2403 1210 2437 nasteria
1238 2402 1277 2435 ad
1297 2400 1469 2441 locutoria,
1502 2406 1613 2434 ternos
1640 2405 1694 2434 aut
1722 2404 1826 2433 crates

1067 2466 1293 2501 quoscumque
1317 2454 1431 2489 fratres
1460 2458 1491 2487 et
1523 2453 1693 2496 religiosos
1728 2453 1823 2486 etiam

1067 2505 1116 2538 sui
1142 2504 1269 2538 Ordinis
1288 2509 1319 2537 et
1353 2503 1615 2545 congregationis
1638 2501 1822 2541 admittant,

1067 2564 1123 2587 seu
1154 2554 1264 2587 venire
1283 2553 1460 2596 patiantur,
1481 2553 1541 2585 sub
1566 2561 1672 2595 poena
1701 2550 1826 2594 gravio-

1068 2602 1111 2635 ris
1130 2603 1245 2646 culpae
1266 2602 1298 2635 in
1319 2612 1417 2645 quam
1438 2601 1508 2645 ipso
1529 2601 1613 2633 sacto
1642 2600 1821 2632 incurrant.

1067 2651 1130 2695 Ipsi
1151 2661 1226 2684 vero
1251 2651 1366 2684 fratres
1391 2656 1446 2683 aut
1466 2649 1622 2692 religiosi,
1645 2648 1699 2691 qui
1721 2648 1759 2680 ad
1787 2658 1824 2679 ea

1068 2700 1322 2735 aliteraceedere
1332 2697 1611 2745 praesumpserint
1621 2702 1677 2731 aut
1687 2706 1824 2741 quomo-

1838 315 1889 342 An.
1909 315 1937 341 C.
1958 315 2024 342 ibuit
