2226 3070
181 300 233 328 An.
249 298 279 327 C.
300 300 365 328 1587

208 360 233 381 Et
249 360 273 381 zb
283 361 358 381 ordina

182 394 213 413 tio
229 393 274 418 ipso
299 392 366 412 Toru-

183 424 240 444 tensi
273 423 366 444 couterri

183 458 330 475 vniicessent.

217 1968 380 1988 Dintrlbutiones

197 2005 280 2025 quoque
290 1999 382 2025 applied⁵

198 2032 267 2051 verat.

225 2224 277 2244 Aliis
293 2223 385 2246 nonnul-

199 2255 224 2275 lis
234 2256 296 2276 editis
306 2256 384 2276 decre-

199 2287 234 2313 its,
261 2292 314 2312 quae
349 2286 382 2307 liic

164 2340 167 2343 ¹
198 2320 350 2338 recensentur.

382 353 422 386 ab
444 354 498 387 illa
523 354 688 398 primaeva
720 355 885 387 erectione
914 358 1075 392 vacantes,
1096 352 1134 384 ab

382 407 548 441 ordinario
566 407 744 446 Terulensi,
760 407 919 450 personis,
934 416 1017 449 quae
1033 416 1134 438 unum

383 472 419 494 ex
440 461 644 505 simplicibus
663 460 833 493 beneficiis
853 458 1082 492 ecelesiasticis
1103 458 1135 490 in

383 514 496 547 eadem
521 513 657 547 ecelesia
672 512 838 545 Terulensi
858 512 1062 552 obtinebant,
1079 522 1135 544 seu

383 567 455 599 aliis
481 567 620 607 clericis,
649 566 704 609 qui
726 566 842 598 vellent
869 565 901 597 in
933 565 1008 605 illis,
1032 565 1137 598 donee

384 620 570 663 praedictae
601 618 814 663 applicationi
840 618 931 652 loeus
960 618 1063 651 factus
1092 619 1138 651 fo-

385 679 445 711 ret,
473 672 542 704 sinc
573 672 645 704 aliis
678 671 849 711 fructibus,
873 672 1086 715 proventibus
1107 677 1136 703 et

385 725 545 757 reditibus
585 725 746 758 deservire
763 752 771 763 ,
807 725 948 757 conferri
994 730 1135 768 possent.

385 778 544 821 Quodque
565 779 747 811 beneficiati
767 778 935 822 praedicti„
951 779 1055 812 donec
1072 788 1140 811 oin-

385 831 535 864 nimodae
569 832 783 876 applicationi
824 832 1013 865 huiusmodi
1050 833 1140 864 locus

387 885 490 917 t'aetus
511 891 605 925 esset,
632 885 789 918 beneficia
810 895 939 929 percos
970 885 1002 917 in
1028 885 1139 917 eadem

387 938 525 971 ecclesia
544 939 711 972 Terulensi
725 939 869 979 obtenta,
892 938 1013 982 absque
1032 939 1142 981 aliqua

387 991 641 1034 dispensatione„
680 993 821 1025 retinere
854 992 954 1025 libere
989 998 1020 1024 et
1054 991 1141 1024 licite

388 1051 522 1087 possent
538 1055 603 1078 una
624 1056 698 1079 cum
721 1045 968 1079 canonicatibus
993 1051 1023 1078 et
1051 1056 1142 1089 prae-

388 1098 514 1138 bendis,
540 1109 577 1131 ac
600 1099 869 1132 archidiaconatu
899 1104 931 1132 et
962 1099 1144 1142 archipres-

388 1151 538 1194 byteratu
556 1152 743 1195 praedictis,
766 1159 798 1185 et
818 1152 949 1192 deinde,
965 1153 1037 1185 loeo
1058 1152 1143 1185 sacto

391 1205 601 1239 omnimodae
627 1206 841 1249 applicationi
870 1205 1072 1245 huiusmodi,
1096 1211 1142 1237 te-

390 1264 548 1292 nerentur
577 1259 738 1293 beneficia
768 1259 936 1303 praedicta
961 1259 1142 1299 deunittere,

391 1312 537 1355 alioquin
558 1318 684 1345 extunc
701 1323 814 1345 vacare
835 1312 1032 1347 decreverat:
1053 1318 1079 1345 et
1098 1312 1145 1344 in-

390 1376 500 1408 super,
526 1371 591 1398 tam
610 1366 762 1409 antiquas
790 1376 888 1409 quam
918 1372 996 1398 tunc
1023 1371 1146 1398 erectas

391 1418 568 1460 dignitates
586 1418 783 1457 obtinentes,
805 1419 913 1452 locum
937 1424 967 1451 et
983 1429 1096 1452 vorem
1114 1418 1146 1451 in

391 1472 537 1515 capitulo
557 1472 724 1505 Terulensi
747 1483 821 1505 ‹Jum
843 1472 1048 1515 11›leniti1dine
1065 1472 1147 1505 iuris

391 1525 543 1558 canonici
565 1526 796 1569 assignaverat,
828 1537 903 1559 cum
922 1537 960 1558 eo
982 1531 1091 1559 tamen
1112 1531 1147 1559 ut

391 1579 538 1612 contenti
571 1585 674 1612 essent
706 1579 866 1612 fructibus
882 1606 890 1619 ‚
922 1579 1081 1612 reditibus
1117 1585 1147 1612 et

393 1632 604 1674 proventibus
632 1632 826 1675 dignitatum
857 1632 1058 1672 huiusmodi,
1088 1643 1148 1665 nee

393 1685 492 1717 ullam
520 1692 646 1729 partem
675 1686 832 1719 haberent
852 1696 887 1718 ex
907 1686 1148 1719 distributioni-

392 1738 453 1771 bus
465 1739 701 1772 canonicorum
711 1739 910 1779 huiusmodi,
926 1739 1020 1772 etiam
1031 1745 1148 1772 statue-

394 1797 442 1824 rat
458 1792 715 1832 etordinaverat,
727 1793 881 1836 quodque
903 1792 1076 1835 dignitates
1087 1793 1147 1826 liu-

395 1844 532 1879 iusniodi
545 1851 650 1879 essent
664 1846 925 1890 incompatibiles
933 1856 1006 1878 cum
1018 1847 1148 1879 canoni-

395 1899 522 1932 catibus
538 1905 567 1932 et
585 1900 778 1943 praebendis
795 1899 902 1932 dictae
922 1900 1078 1933 eeclesiae
1092 1900 1150 1933 Te-

396 1952 474 1992 rul.,
488 1952 527 1985 de
539 1952 661 1996 quibus
681 1953 896 1997 imposterum
910 1953 1147 1997 p1·ovideretur;

396 2011 426 2038 et
448 2006 536 2049 quod
552 2006 646 2040 tertia
658 2016 732 2050 pars
749 2007 927 2047 fruetuum,
944 2007 1150 2040 redituumet

396 2065 613 2103 proventuum
626 2059 821 2103 dignitatum
835 2060 1054 2103 praefatarum
1074 2071 1150 2093 con-

396 2117 576 2146 verteretur
594 2113 627 2146 in
638 2113 767 2146 easdem
784 2113 1032 2147 distributiones
1043 2114 1151 2157 quoti-

397 2166 520 2204 dianas,
544 2166 715 2209 dignitates
728 2167 856 2200 easdem
869 2167 1094 2200 obtinentibus
1103 2178 1151 2200 as-

397 2218 582 2261 signandas.
596 2219 635 2253 Et
645 2219 967 2260 similitereanonici,
980 2220 1100 2264 quibus
1111 2220 1150 2253 de

398 2272 643 2307 canonicatibus
662 2279 693 2305 et
709 2273 904 2316 praebendis
921 2273 1027 2307 dictae
1050 2274 1151 2307 eecle-

398 2323 464 2358 siae
481 2324 664 2359 Terulensis
685 2326 923 2369 provideretur,
943 2327 1151 2360 lucrarentur

398 2378 605 2411 medietatem
623 2379 801 2419 fruetuum,
819 2380 985 2413 redituum
1010 2386 1039 2413 ct
1078 2391 1152 2423 pro-

398 2437 553 2464 ventuum
581 2432 686 2465 dictae
708 2443 831 2465 massae
856 2433 1096 2476 applicatorum
1119 2433 1151 2465 in

399 2480 684 2514 distributionibus
704 2482 920 2524 quotidianis,
938 2493 1021 2526 quae
1039 2482 1150 2515 dietim

400 2529 688 2562 intervenientilnis
717 2530 806 2562 horis
832 2530 960 2563 diurnis
981 2530 1102 2573 pariter
1123 2536 1153 2563 et

399 2578 580 2617 nocturnis,
607 2578 694 2611 iuxta
714 2579 881 2622 providam
911 2579 1151 2612 ordinationem

401 2636 458 2668 per
469 2626 673 2658 ordinarium
684 2627 885 2670 praedit-tum
903 2628 1093 2667 taciendam,
1106 2638 1154 2659 as-

400 2675 619 2717 signarentur.
642 2675 769 2717 Reliqui
784 2686 858 2709 vero
879 2676 1012 2713 fructus,
1033 2677 1153 2710 reditus

977 298 1157 323 BULLARIUM
1181 298 1334 323 ROMANUM

1177 358 1207 385 et
1228 357 1416 395 proventuS,
1440 351 1542 394 grossi
1558 354 1750 397 nuncupati,
1773 353 1928 397 praeben-

1178 405 1226 437 dis
1246 405 1333 438 iuxta
1353 405 1591 438 ordinationem
1608 416 1665 449 per
1678 406 1859 450 capitulum
1879 407 1927 439 sa-

1178 458 1325 491 cicndam
1353 458 1614 502 applicarentur:
1633 459 1812 493 decernens
1827 460 1931 503 digni-

1180 517 1292 552 tatum,
1305 511 1555 545 canonicatuum
1575 517 1607 545 et
1627 511 1886 555 praebendarum
1900 518 1929 545 et

1179 564 1317 597 alioruin
1352 564 1587 598 beneficiorum
1618 565 1929 605 ecclesiasticorum,

1180 617 1211 650 in
1224 617 1310 651 dieta
1320 618 1457 651 ecclesia
1467 619 1633 652 Terulensi
1645 624 1718 652 ante
1733 619 1931 652 erectionem

1180 671 1381 714 praedictam
1402 671 1619 709 existentium,
1646 672 1865 711 collationem,
1893 671 1933 704 ad

1180 724 1285 757 solum
1297 725 1487 768 episcopum
1495 725 1703 759 Terulensem
1717 736 1777 769 pro
1787 731 1934 769 tempore

1182 777 1385 814 existentem,
1401 778 1631 812 eisdemmodo
1649 784 1680 812 et
1693 779 1796 812 forma
1814 779 1934 822 quibus

1182 830 1221 863 ad
1271 831 1555 875 arehiepiscopum
1602 832 1935 875 Caesaraugustanum

1182 889 1255 916 ante
1277 884 1474 917 erectionem
1501 885 1689 918 huiusmodi
1723 891 1934 929 spectaverat;

1183 937 1381 979 dignitatum
1396 949 1471 971 vero
1485 944 1516 971 et
1531 939 1783 972 canonicatuum
1800 945 1832 972 et
1845 949 1938 983 prae-

1183 989 1363 1023 bendarum
1398 997 1583 1025 erectorum
1618 992 1807 1026 huiusmodi
1829 992 1868 1025 ad
1887 1002 1938 1026 so-

1184 1043 1251 1077 lum
1274 1044 1465 1088 episcopum
1496 1045 1701 1088 praedictum
1735 1050 1881 1090 spectare
1908 1050 1940 1079 et

1184 1097 1362 1140 pertinere,
1381 1109 1417 1131 ac
1439 1098 1591 1141 dignitas,
1609 1099 1739 1142 quaein
1755 1098 1867 1133 eadem
1885 1109 1938 1132 ec-

1185 1150 1281 1183 clesia
1310 1150 1477 1184 Terulensi
1511 1157 1585 1184 ante
1605 1152 1724 1185 dictam
1742 1152 1938 1185 erectionem

1186 1204 1377 1248 principalis
1398 1204 1554 1245 extiterat,
1572 1205 1650 1238 inibi
1677 1205 1715 1239 de
1738 1211 1846 1239 cetero
1867 1213 1941 1250 post

1185 1258 1406 1299 pontiticalem
1426 1259 1530 1291 maior
1551 1264 1646 1295 essen
1667 1269 1795 1292 necnon
1809 1260 1848 1293 ad
1868 1270 1940 1304 per—

1187 1310 1372 1354 ceptionem
1406 1312 1584 1352 sruetuum,
1618 1312 1783 1346 redituum
1810 1319 1843 1346 et
1867 1324 1941 1357 pro-

1187 1369 1341 1397 ventuum
1372 1365 1478 1398 dictae
1508 1376 1646 1407 massae,
1679 1372 1715 1399 ut
1741 1367 1939 1410 praefertur,

1188 1418 1446 1461 applicatorum,
1492 1425 1617 1452 tantum
1658 1419 1834 1453 canonicos
1871 1420 1943 1464 qui—

1187 1470 1248 1503 bus
1287 1471 1364 1504 dicti
1398 1472 1509 1505 decem
1540 1472 1750 1506 canonicatus
1789 1479 1821 1506 et
1850 1482 1943 1517 prae-

1188 1524 1313 1557 bendae
1341 1532 1419 1559 tune
1449 1526 1546 1560 erecti
1576 1527 1816 1568 conferrentur,
1836 1537 1874 1560 ac
1906 1527 1943 1559 il-

1189 1578 1247 1617 los,
1276 1579 1396 1621 quibus
1421 1580 1460 1612 de
1483 1580 1628 1624 antiquis
1649 1579 1894 1613 canonicatibus
1912 1585 1943 1613 et

1190 1631 1382 1674 praebendis
1400 1633 1578 1676 praedictis
1599 1643 1635 1666 ex
1653 1639 1732 1666 tunc
1759 1633 1943 1677 providere-

1189 1689 1258 1723 tur,
1293 1685 1417 1729 quique
1450 1686 1596 1730 ipsorum
1625 1686 1877 1720 canonicatuum
1913 1691 1940 1719 ct

1190 1739 1449 1781 praebendarum
1465 1740 1674 1783 antiquorum
1697 1740 1867 1781 fructibus,
1893 1752 1944 1774 re-

1190 1790 1311 1824 ditibus
1342 1798 1372 1825 et
1404 1793 1613 1836 proventibus
1640 1804 1677 1826 ac
1702 1793 1942 1827 distributioni-

1190 1845 1249 1878 bus
1271 1845 1303 1878 in
1324 1846 1465 1879 savorem
1486 1847 1589 1880 dietae
1620 1857 1742 1880 massae
1773 1847 1944 1880 renuncia-

1190 1904 1330 1931 rentseu
1341 1900 1505 1939 cederent,
1528 1900 1655 1932 admitti
1677 1900 1843 1933 deberent.
1866 1901 1945 1933 Nec-

1191 1961 1256 1984 non
1274 1952 1574 1985 archidiaconatum
1596 1958 1626 1986 et
1646 1953 1943 1998 archipresbytera-

1192 2010 1258 2037 tum
1279 2004 1467 2038 huiusmodi
1497 2006 1681 2039 obtinentes
1709 2006 1820 2050 aliquo
1847 2007 1945 2040 modo

1192 2058 1261 2091 illas
1293 2058 1458 2102 resignare
1489 2069 1556 2092 non
1580 2065 1722 2103 possent,
1755 2065 1787 2092 et
1811 2059 1945 2092 illorum

1192 2111 1456 2154 resignationem,
1474 2112 1499 2145 si
1520 2113 1590 2145 fieri
1613 2113 1796 2156 eontigerit,
1823 2113 1863 2146 ad
1883 2113 1946 2147 hoc

1192 2170 1226 2198 ut
1247 2166 1434 2209 suppressio
1452 2170 1482 2199 et
1500 2166 1655 2200 extinctio
1667 2166 1856 2200 huiusmodi
1869 2166 1947 2199 effe-

1193 2223 1279 2251 ctum
1301 2219 1507 2260 sortirentur,
1531 2230 1590 2263 pro
1612 2230 1677 2254 non
1699 2220 1782 2253 facta
1809 2219 1944 2261 censeri;

1193 2272 1334 2315 aliasque
1365 2278 1396 2306 et
1425 2273 1519 2306 aliter
1550 2274 1692 2317 desuper
1721 2273 1944 2317 disposuerat,

1193 2332 1292 2369 prout
1311 2325 1343 2359 in
1359 2326 1505 2360 eiusdem
1527 2326 1788 2370 praedecessoris
1807 2326 1949 2371 desuper

1193 2379 1348 2423 expeditis
1378 2379 1492 2413 litteris
1524 2379 1652 2423 plenius
1683 2379 1881 2421 continetur,
1900 2380 1946 2413 ei-

1193 2432 1333 2476 demque
1350 2433 1505 2466 ecelesiae
1525 2433 1706 2472 Terulensi,
1729 2432 1804 2465 sede
1817 2433 1947 2466 archie-

1194 2481 1350 2525 piscopali
1376 2481 1674 2524 Caesaraugustam
1695 2487 1772 2514 tune
1800 2487 1944 2518 vacante,

1193 2530 1232 2563 de
1253 2541 1391 2573 persona
1415 2530 1547 2563 devotae
1583 2530 1669 2563 illius
1698 2536 1866 2563 creaturae
1887 2531 1948 2562 An-

1194 2578 1279 2611 [li-eze
1299 2579 1443 2623 episcopi
1453 2579 1639 2612 Terulensis
1651 2579 1815 2622 provisum
1828 2578 1944 2615 suerat,

1196 2627 1327 2671 ipseque
1352 2628 1508 2665 Andreas,
1536 2627 1729 2671 provisionis
1761 2627 1947 2660 huiusmodi

1194 2676 1314 2719 vigore.
1337 2676 1504 2719 regiminis
1532 2683 1562 2709 et
1591 2675 1878 2709 administrationis
1901 2675 1948 2708 di-

1942 298 1995 327 An.
2013 297 2042 326 C.
2059 298 2128 326 1587
