<?xml version="1.0" encoding="UTF-8"?>
<!DOCTYPE html PUBLIC "-//W3C//DTD XHTML 1.0 Transitional//EN"
    "http://www.w3.org/TR/xhtml1/DTD/xhtml1-transitional.dtd">
<html xmlns="http://www.w3.org/1999/xhtml" xml:lang="en" lang="en">
 <head>
  <title>
</title>
<meta http-equiv="Content-Type" content="text/html;charset=utf-8" />
  <meta name='ocr-system' content='tesseract 3.04.00' />
  <meta name='ocr-capabilities' content='ocr_page ocr_carea ocr_par ocr_line ocrx_word'/>
</head>
<body>
  <div class='ocr_page' id='page_1' title='image "./bullarumdiplomat09cath_0085.png"; bbox 0 0 2226 3070; ppageno 0'>
   <div class='ocr_carea' id='block_1_1' title="bbox 105 261 288 291">
    <p class='ocr_par' dir='ltr' id='par_1_1' title="bbox 105 261 288 291">
     <span class='ocr_line' id='line_1_1' title="bbox 105 261 288 291; baseline 0.005 -1"><span class='ocrx_word' id='word_1_1' title='bbox 105 261 159 291; x_wconf 83' lang='lat' dir='ltr'>An.</span> <span class='ocrx_word' id='word_1_2' title='bbox 177 261 205 291; x_wconf 90' lang='lat' dir='ltr'>C.</span> <span class='ocrx_word' id='word_1_3' title='bbox 219 262 288 291; x_wconf 83' lang='lat'><strong>1589</strong></span> 
     </span>
    </p>
   </div>
   <div class='ocr_carea' id='block_1_2' title="bbox 101 899 287 953">
    <p class='ocr_par' dir='ltr' id='par_1_2' title="bbox 101 899 287 953">
     <span class='ocr_line' id='line_1_2' title="bbox 129 899 287 922; baseline 0 -2"><span class='ocrx_word' id='word_1_4' title='bbox 129 899 204 922; x_wconf 85' lang='lat' dir='ltr'>Litium</span> <span class='ocrx_word' id='word_1_5' title='bbox 219 901 287 921; x_wconf 79' lang='lat' dir='ltr'>extin-</span> 
     </span>
     <span class='ocr_line' id='line_1_3' title="bbox 101 933 152 953; baseline -0.02 0"><span class='ocrx_word' id='word_1_6' title='bbox 101 933 152 953; x_wconf 83' lang='lat' dir='ltr'>ctio.</span> 
     </span>
    </p>
   </div>
   <div class='ocr_carea' id='block_1_3' title="bbox 98 1647 285 1706">
    <p class='ocr_par' dir='ltr' id='par_1_3' title="bbox 98 1647 285 1706">
     <span class='ocr_line' id='line_1_4' title="bbox 125 1647 285 1669; baseline 0 -1"><span class='ocrx_word' id='word_1_7' title='bbox 125 1647 237 1669; x_wconf 70' lang='lat' dir='ltr'><strong>clausulae</strong></span> <span class='ocrx_word' id='word_1_8' title='bbox 250 1648 285 1668; x_wconf 63' lang='lat' dir='ltr'>de&gt;</span> 
     </span>
     <span class='ocr_line' id='line_1_5' title="bbox 98 1680 226 1706; baseline 0 -6"><span class='ocrx_word' id='word_1_9' title='bbox 98 1680 226 1706; x_wconf 62' lang='lat' dir='ltr'>rogatui-iae,</span> 
     </span>
    </p>
   </div>
   <div class='ocr_carea' id='block_1_4' title="bbox 100 1890 283 1945">
    <p class='ocr_par' dir='ltr' id='par_1_4' title="bbox 100 1890 283 1945">
     <span class='ocr_line' id='line_1_6' title="bbox 150 1890 283 1912; baseline 0.008 -2"><span class='ocrx_word' id='word_1_10' title='bbox 150 1890 210 1912; x_wconf 79' lang='lat' dir='ltr'>Fides</span> <span class='ocrx_word' id='word_1_11' title='bbox 223 1894 283 1912; x_wconf 76' lang='lat' dir='ltr'>tran-</span> 
     </span>
     <span class='ocr_line' id='line_1_7' title="bbox 100 1921 229 1945; baseline -0.008 -7"><span class='ocrx_word' id='word_1_12' title='bbox 100 1921 229 1945; x_wconf 60' lang='lat' dir='ltr'>&amp;amplerum</span> 
     </span>
    </p>
   </div>
   <div class='ocr_carea' id='block_1_5' title="bbox 128 2555 260 2576">
    <p class='ocr_par' dir='ltr' id='par_1_5' title="bbox 128 2555 260 2576">
     <span class='ocr_line' id='line_1_8' title="bbox 128 2555 260 2576; baseline 0 0"><span class='ocrx_word' id='word_1_13' title='bbox 128 2555 260 2576; x_wconf 73' lang='lat' dir='ltr'>Prooemium.</span> 
     </span>
    </p>
   </div>
   <div class='ocr_carea' id='block_1_6' title="bbox 965 262 1175 286">
    <p class='ocr_par' dir='ltr' id='par_1_6' title="bbox 965 262 1175 286">
     <span class='ocr_line' id='line_1_9' title="bbox 965 262 1175 286; baseline -0.005 0"><span class='ocrx_word' id='word_1_14' title='bbox 965 262 1069 286; x_wconf 78' lang='lat' dir='ltr'>SIXTUS</span> <span class='ocrx_word' id='word_1_15' title='bbox 1089 263 1107 285; x_wconf 93' lang='lat' dir='ltr'>V</span> <span class='ocrx_word' id='word_1_16' title='bbox 1127 262 1175 285; x_wconf 88' lang='lat' dir='ltr'>PP.</span> 
     </span>
    </p>
   </div>
   <div class='ocr_carea' id='block_1_7' title="bbox 296 314 1057 2125">
    <p class='ocr_par' dir='ltr' id='par_1_7' title="bbox 301 314 1057 824">
     <span class='ocr_line' id='line_1_10' title="bbox 302 314 1056 358; baseline 0 -11"><span class='ocrx_word' id='word_1_17' title='bbox 302 314 357 348; x_wconf 80' lang='lat' dir='ltr'>bet</span> <span class='ocrx_word' id='word_1_18' title='bbox 378 314 571 347; x_wconf 88' lang='lat' dir='ltr'>eorumdem</span> <span class='ocrx_word' id='word_1_19' title='bbox 592 315 704 348; x_wconf 83' lang='lat' dir='ltr'>nuncii</span> <span class='ocrx_word' id='word_1_20' title='bbox 727 325 783 348; x_wconf 88' lang='lat' dir='ltr'>seu</span> <span class='ocrx_word' id='word_1_21' title='bbox 803 315 842 347; x_wconf 89' lang='lat' dir='ltr'>ab</span> <span class='ocrx_word' id='word_1_22' title='bbox 863 325 900 347; x_wconf 86' lang='lat' dir='ltr'>eo</span> <span class='ocrx_word' id='word_1_23' title='bbox 918 315 1056 358; x_wconf 73' lang='lat' dir='ltr'>deputa-</span> 
     </span>
     <span class='ocr_line' id='line_1_11' title="bbox 304 367 1055 401; baseline -0.001 -1"><span class='ocrx_word' id='word_1_24' title='bbox 304 373 411 401; x_wconf 81' lang='lat' dir='ltr'>torum</span> <span class='ocrx_word' id='word_1_25' title='bbox 434 367 729 401; x_wconf 85' lang='lat' dir='ltr'>eonnnissariorum</span> <span class='ocrx_word' id='word_1_26' title='bbox 752 368 784 400; x_wconf 85' lang='lat' dir='ltr'>in</span> <span class='ocrx_word' id='word_1_27' title='bbox 810 368 903 401; x_wconf 86' lang='lat' dir='ltr'>dietis</span> <span class='ocrx_word' id='word_1_28' title='bbox 932 368 1055 400; x_wconf 83' lang='lat' dir='ltr'>beneti—</span> 
     </span>
     <span class='ocr_line' id='line_1_12' title="bbox 302 420 1055 465; baseline 0 -12"><span class='ocrx_word' id='word_1_29' title='bbox 302 420 359 454; x_wconf 85' lang='lat' dir='ltr'>ciis</span> <span class='ocrx_word' id='word_1_30' title='bbox 386 431 610 454; x_wconf 84' lang='lat' dir='ltr'>successorum</span> <span class='ocrx_word' id='word_1_31' title='bbox 641 428 726 454; x_wconf 85' lang='lat' dir='ltr'>ratas</span> <span class='ocrx_word' id='word_1_32' title='bbox 751 427 870 465; x_wconf 87' lang='lat' dir='ltr'>partes,</span> <span class='ocrx_word' id='word_1_33' title='bbox 897 432 932 454; x_wconf 80' lang='lat' dir='ltr'>ex</span> <span class='ocrx_word' id='word_1_34' title='bbox 959 421 1055 453; x_wconf 87' lang='lat' dir='ltr'>modo</span> 
     </span>
     <span class='ocr_line' id='line_1_13' title="bbox 301 473 1054 517; baseline -0.001 -10"><span class='ocrx_word' id='word_1_35' title='bbox 301 480 332 507; x_wconf 85' lang='lat' dir='ltr'>et</span> <span class='ocrx_word' id='word_1_36' title='bbox 350 475 453 507; x_wconf 81' lang='lat' dir='ltr'>forma</span> <span class='ocrx_word' id='word_1_37' title='bbox 475 474 661 517; x_wconf 76' lang='lat' dir='ltr'>praemissis</span> <span class='ocrx_word' id='word_1_38' title='bbox 682 473 819 507; x_wconf 87' lang='lat' dir='ltr'>indictis</span> <span class='ocrx_word' id='word_1_39' title='bbox 829 473 1054 506; x_wconf 83' lang='lat' dir='ltr'>beneficiisre-</span> 
     </span>
     <span class='ocr_line' id='line_1_14' title="bbox 301 527 1055 571; baseline 0 -12"><span class='ocrx_word' id='word_1_40' title='bbox 301 527 441 570; x_wconf 79' lang='lat' dir='ltr'>spective</span> <span class='ocrx_word' id='word_1_41' title='bbox 463 533 640 571; x_wconf 77' lang='lat' dir='ltr'>tangenteS,</span> <span class='ocrx_word' id='word_1_42' title='bbox 661 528 756 560; x_wconf 89' lang='lat' dir='ltr'>etiam</span> <span class='ocrx_word' id='word_1_43' title='bbox 778 527 961 570; x_wconf 85' lang='lat' dir='ltr'>percipere,</span> <span class='ocrx_word' id='word_1_44' title='bbox 989 527 1055 559; x_wconf 82' lang='lat' dir='ltr'>exi-</span> 
     </span>
     <span class='ocr_line' id='line_1_15' title="bbox 301 579 1055 623; baseline -0.003 -11"><span class='ocrx_word' id='word_1_45' title='bbox 301 590 376 621; x_wconf 79' lang='lat' dir='ltr'>gere</span> <span class='ocrx_word' id='word_1_46' title='bbox 397 585 427 613; x_wconf 86' lang='lat' dir='ltr'>et</span> <span class='ocrx_word' id='word_1_47' title='bbox 451 580 555 613; x_wconf 85' lang='lat' dir='ltr'>levare</span> <span class='ocrx_word' id='word_1_48' title='bbox 582 590 675 623; x_wconf 87' lang='lat' dir='ltr'>posse</span> <span class='ocrx_word' id='word_1_49' title='bbox 706 585 737 612; x_wconf 91' lang='lat' dir='ltr'>et</span> <span class='ocrx_word' id='word_1_50' title='bbox 765 580 882 612; x_wconf 84' lang='lat' dir='ltr'>debere</span> <span class='ocrx_word' id='word_1_51' title='bbox 909 579 1055 612; x_wconf 84' lang='lat' dir='ltr'>deelara-</span> 
     </span>
     <span class='ocr_line' id='line_1_16' title="bbox 303 631 1057 675; baseline -0.001 -11"><span class='ocrx_word' id='word_1_52' title='bbox 303 644 384 665; x_wconf 89' lang='lat' dir='ltr'>mus.</span> <span class='ocrx_word' id='word_1_53' title='bbox 408 633 452 665; x_wconf 77' lang='lat' dir='ltr'>Ae</span> <span class='ocrx_word' id='word_1_54' title='bbox 473 633 511 666; x_wconf 89' lang='lat' dir='ltr'>de</span> <span class='ocrx_word' id='word_1_55' title='bbox 532 638 640 666; x_wconf 86' lang='lat' dir='ltr'>cetero</span> <span class='ocrx_word' id='word_1_56' title='bbox 659 631 824 675; x_wconf 82' lang='lat' dir='ltr'>perpetuis</span> <span class='ocrx_word' id='word_1_57' title='bbox 841 632 957 664; x_wconf 86' lang='lat' dir='ltr'>suturis</span> <span class='ocrx_word' id='word_1_58' title='bbox 979 637 1057 664; x_wconf 79' lang='lat' dir='ltr'>teni-</span> 
     </span>
     <span class='ocr_line' id='line_1_17' title="bbox 302 684 1055 730; baseline -0.003 -12"><span class='ocrx_word' id='word_1_59' title='bbox 302 685 435 730; x_wconf 84' lang='lat' dir='ltr'>poribus</span> <span class='ocrx_word' id='word_1_60' title='bbox 455 685 497 718; x_wconf 90' lang='lat' dir='ltr'>ita</span> <span class='ocrx_word' id='word_1_61' title='bbox 518 690 546 718; x_wconf 85' lang='lat' dir='ltr'>et</span> <span class='ocrx_word' id='word_1_62' title='bbox 568 696 632 718; x_wconf 89' lang='lat' dir='ltr'>non</span> <span class='ocrx_word' id='word_1_63' title='bbox 648 685 744 718; x_wconf 87' lang='lat' dir='ltr'>aliter</span> <span class='ocrx_word' id='word_1_64' title='bbox 757 685 788 717; x_wconf 89' lang='lat' dir='ltr'>in</span> <span class='ocrx_word' id='word_1_65' title='bbox 801 684 986 728; x_wconf 84' lang='lat' dir='ltr'>praemissis</span> <span class='ocrx_word' id='word_1_66' title='bbox 998 684 1055 717; x_wconf 89' lang='lat' dir='ltr'>ob-</span> 
     </span>
     <span class='ocr_line' id='line_1_18' title="bbox 301 738 1054 781; baseline 0 -11"><span class='ocrx_word' id='word_1_67' title='bbox 301 738 419 770; x_wconf 82' lang='lat' dir='ltr'>servari</span> <span class='ocrx_word' id='word_1_68' title='bbox 442 739 604 777; x_wconf 82' lang='lat' dir='ltr'>volumus,</span> <span class='ocrx_word' id='word_1_69' title='bbox 624 749 662 771; x_wconf 90' lang='lat' dir='ltr'>ac</span> <span class='ocrx_word' id='word_1_70' title='bbox 683 738 782 771; x_wconf 86' lang='lat' dir='ltr'>etiam</span> <span class='ocrx_word' id='word_1_71' title='bbox 804 743 964 781; x_wconf 83' lang='lat' dir='ltr'>perpetuo</span> <span class='ocrx_word' id='word_1_72' title='bbox 990 744 1054 770; x_wconf 88' lang='lat' dir='ltr'>sta-</span> 
     </span>
     <span class='ocr_line' id='line_1_19' title="bbox 302 790 691 824; baseline 0.003 -1"><span class='ocrx_word' id='word_1_73' title='bbox 302 790 422 823; x_wconf 91' lang='lat' dir='ltr'>tuimus</span> <span class='ocrx_word' id='word_1_74' title='bbox 438 797 469 824; x_wconf 89' lang='lat' dir='ltr'>et</span> <span class='ocrx_word' id='word_1_75' title='bbox 489 791 691 824; x_wconf 78' lang='lat' dir='ltr'>ordinamus.</span> 
     </span>
    </p>

    <p class='ocr_par' dir='ltr' id='par_1_8' title="bbox 296 844 1057 1582">
     <span class='ocr_line' id='line_1_20' title="bbox 345 844 1055 889; baseline 0.001 -13"><span class='ocrx_word' id='word_1_76' title='bbox 345 844 360 887; x_wconf 76' lang='lat'>§</span> <span class='ocrx_word' id='word_1_77' title='bbox 385 844 416 876; x_wconf 70' lang='lat'>2.</span> <span class='ocrx_word' id='word_1_78' title='bbox 444 844 628 889; x_wconf 80' lang='lat' dir='ltr'>Omnesque</span> <span class='ocrx_word' id='word_1_79' title='bbox 649 850 681 878; x_wconf 86' lang='lat' dir='ltr'>et.</span> <span class='ocrx_word' id='word_1_80' title='bbox 706 845 849 887; x_wconf 78' lang='lat' dir='ltr'>singulas</span> <span class='ocrx_word' id='word_1_81' title='bbox 870 844 953 885; x_wconf 86' lang='lat' dir='ltr'>lites,</span> <span class='ocrx_word' id='word_1_82' title='bbox 978 855 1055 877; x_wconf 86' lang='lat' dir='ltr'>eau-</span> 
     </span>
     <span class='ocr_line' id='line_1_21' title="bbox 300 898 1057 942; baseline 0 -13"><span class='ocrx_word' id='word_1_83' title='bbox 300 907 362 937; x_wconf 88' lang='lat' dir='ltr'>sas,</span> <span class='ocrx_word' id='word_1_84' title='bbox 394 898 602 942; x_wconf 69' lang='lat' dir='ltr'>quaestiones</span> <span class='ocrx_word' id='word_1_85' title='bbox 633 904 661 931; x_wconf 88' lang='lat' dir='ltr'>et</span> <span class='ocrx_word' id='word_1_86' title='bbox 692 898 928 931; x_wconf 82' lang='lat' dir='ltr'>controversias</span> <span class='ocrx_word' id='word_1_87' title='bbox 958 908 1057 942; x_wconf 79' lang='lat' dir='ltr'>super</span> 
     </span>
     <span class='ocr_line' id='line_1_22' title="bbox 301 951 1055 995; baseline 0.003 -13"><span class='ocrx_word' id='word_1_88' title='bbox 301 951 656 994; x_wconf 70' lang='lat' dir='ltr'>praemissisl‘ructibus</span> <span class='ocrx_word' id='word_1_89' title='bbox 666 951 1055 995; x_wconf 83' lang='lat' dir='ltr'>etillorumperceptioue</span> 
     </span>
     <span class='ocr_line' id='line_1_23' title="bbox 302 1004 1056 1048; baseline 0 -12"><span class='ocrx_word' id='word_1_90' title='bbox 302 1004 385 1037; x_wconf 86' lang='lat' dir='ltr'>inter</span> <span class='ocrx_word' id='word_1_91' title='bbox 409 1004 515 1048; x_wconf 89' lang='lat' dir='ltr'>ipsum</span> <span class='ocrx_word' id='word_1_92' title='bbox 537 1005 693 1038; x_wconf 84' lang='lat' dir='ltr'>nuncium</span> <span class='ocrx_word' id='word_1_93' title='bbox 716 1015 752 1038; x_wconf 88' lang='lat' dir='ltr'>ex</span> <span class='ocrx_word' id='word_1_94' title='bbox 773 1015 854 1046; x_wconf 88' lang='lat' dir='ltr'>una,</span> <span class='ocrx_word' id='word_1_95' title='bbox 877 1010 909 1038; x_wconf 88' lang='lat' dir='ltr'>et</span> <span class='ocrx_word' id='word_1_96' title='bbox 928 1005 1056 1048; x_wconf 76' lang='lat' dir='ltr'>quosvis</span> 
     </span>
     <span class='ocr_line' id='line_1_24' title="bbox 301 1057 1056 1092; baseline 0.001 -2"><span class='ocrx_word' id='word_1_97' title='bbox 301 1058 405 1091; x_wconf 88' lang='lat' dir='ltr'>cleros</span> <span class='ocrx_word' id='word_1_98' title='bbox 425 1057 489 1091; x_wconf 83' lang='lat' dir='ltr'>sive</span> <span class='ocrx_word' id='word_1_99' title='bbox 510 1059 666 1092; x_wconf 84' lang='lat' dir='ltr'>haeredes</span> <span class='ocrx_word' id='word_1_100' title='bbox 686 1064 716 1091; x_wconf 88' lang='lat' dir='ltr'>ct</span> <span class='ocrx_word' id='word_1_101' title='bbox 737 1069 940 1091; x_wconf 75' lang='lat' dir='ltr'>successores</span> <span class='ocrx_word' id='word_1_102' title='bbox 955 1058 1056 1091; x_wconf 85' lang='lat' dir='ltr'>dieto-</span> 
     </span>
     <span class='ocr_line' id='line_1_25' title="bbox 301 1111 1054 1145; baseline 0.001 -3"><span class='ocrx_word' id='word_1_103' title='bbox 301 1120 373 1143; x_wconf 89' lang='lat' dir='ltr'>rum</span> <span class='ocrx_word' id='word_1_104' title='bbox 400 1111 670 1145; x_wconf 83' lang='lat' dir='ltr'>beneficiatorum</span> <span class='ocrx_word' id='word_1_105' title='bbox 692 1111 922 1144; x_wconf 81' lang='lat' dir='ltr'>defunctorum</span> <span class='ocrx_word' id='word_1_106' title='bbox 944 1122 1054 1144; x_wconf 89' lang='lat' dir='ltr'>coram</span> 
     </span>
     <span class='ocr_line' id='line_1_26' title="bbox 299 1164 1053 1207; baseline 0.001 -11"><span class='ocrx_word' id='word_1_107' title='bbox 299 1164 466 1207; x_wconf 73' lang='lat' dir='ltr'>quibusvis</span> <span class='ocrx_word' id='word_1_108' title='bbox 498 1165 672 1206; x_wconf 85' lang='lat' dir='ltr'>iudicibus,</span> <span class='ocrx_word' id='word_1_109' title='bbox 705 1165 800 1198; x_wconf 87' lang='lat' dir='ltr'>etiam</span> <span class='ocrx_word' id='word_1_110' title='bbox 830 1164 1006 1197; x_wconf 87' lang='lat' dir='ltr'>ordinariis</span> <span class='ocrx_word' id='word_1_111' title='bbox 1026 1170 1053 1197; x_wconf 90' lang='lat' dir='ltr'>et</span> 
     </span>
     <span class='ocr_line' id='line_1_27' title="bbox 300 1217 1054 1261; baseline 0.003 -12"><span class='ocrx_word' id='word_1_112' title='bbox 300 1217 467 1261; x_wconf 81' lang='lat' dir='ltr'>delegatis,</span> <span class='ocrx_word' id='word_1_113' title='bbox 500 1219 658 1252; x_wconf 88' lang='lat' dir='ltr'>hactenus</span> <span class='ocrx_word' id='word_1_114' title='bbox 685 1218 933 1261; x_wconf 80' lang='lat' dir='ltr'>quomodolibet</span> <span class='ocrx_word' id='word_1_115' title='bbox 952 1218 1054 1251; x_wconf 88' lang='lat' dir='ltr'>intro-</span> 
     </span>
     <span class='ocr_line' id='line_1_28' title="bbox 298 1271 1055 1316; baseline 0.001 -13"><span class='ocrx_word' id='word_1_116' title='bbox 298 1271 425 1312; x_wconf 80' lang='lat' dir='ltr'>ductas,</span> <span class='ocrx_word' id='word_1_117' title='bbox 438 1278 466 1306; x_wconf 90' lang='lat' dir='ltr'>et</span> <span class='ocrx_word' id='word_1_118' title='bbox 481 1273 588 1306; x_wconf 85' lang='lat' dir='ltr'>adhuc</span> <span class='ocrx_word' id='word_1_119' title='bbox 601 1273 761 1306; x_wconf 86' lang='lat' dir='ltr'>indecisas</span> <span class='ocrx_word' id='word_1_120' title='bbox 777 1273 967 1316; x_wconf 70' lang='lat' dir='ltr'>pendentes,</span> <span class='ocrx_word' id='word_1_121' title='bbox 980 1283 1055 1315; x_wconf 90' lang='lat' dir='ltr'>par-</span> 
     </span>
     <span class='ocr_line' id='line_1_29' title="bbox 300 1324 1054 1367; baseline 0 -10"><span class='ocrx_word' id='word_1_122' title='bbox 300 1324 384 1357; x_wconf 80' lang='lat' dir='ltr'>tibus</span> <span class='ocrx_word' id='word_1_123' title='bbox 402 1337 438 1358; x_wconf 84' lang='lat' dir='ltr'>ex</span> <span class='ocrx_word' id='word_1_124' title='bbox 460 1326 573 1367; x_wconf 85' lang='lat' dir='ltr'>altera,</span> <span class='ocrx_word' id='word_1_125' title='bbox 597 1326 628 1359; x_wconf 91' lang='lat' dir='ltr'>in</span> <span class='ocrx_word' id='word_1_126' title='bbox 651 1326 771 1360; x_wconf 83' lang='lat' dir='ltr'>eisdem</span> <span class='ocrx_word' id='word_1_127' title='bbox 793 1332 879 1359; x_wconf 84' lang='lat' dir='ltr'>statu</span> <span class='ocrx_word' id='word_1_128' title='bbox 901 1332 930 1359; x_wconf 87' lang='lat' dir='ltr'>et</span> <span class='ocrx_word' id='word_1_129' title='bbox 943 1326 1054 1358; x_wconf 87' lang='lat' dir='ltr'>termi-</span> 
     </span>
     <span class='ocr_line' id='line_1_30' title="bbox 298 1378 1056 1424; baseline 0.001 -14"><span class='ocrx_word' id='word_1_130' title='bbox 298 1378 348 1411; x_wconf 89' lang='lat' dir='ltr'>nis</span> <span class='ocrx_word' id='word_1_131' title='bbox 368 1378 400 1411; x_wconf 94' lang='lat' dir='ltr'>in</span> <span class='ocrx_word' id='word_1_132' title='bbox 421 1380 541 1422; x_wconf 88' lang='lat' dir='ltr'>quibus</span> <span class='ocrx_word' id='word_1_133' title='bbox 561 1380 786 1424; x_wconf 87' lang='lat' dir='ltr'>reperiuntur,</span> <span class='ocrx_word' id='word_1_134' title='bbox 810 1380 849 1412; x_wconf 87' lang='lat' dir='ltr'>ab</span> <span class='ocrx_word' id='word_1_135' title='bbox 871 1379 992 1412; x_wconf 80' lang='lat' dir='ltr'>eisdem</span> <span class='ocrx_word' id='word_1_136' title='bbox 1009 1379 1056 1411; x_wconf 90' lang='lat' dir='ltr'>iu-</span> 
     </span>
     <span class='ocr_line' id='line_1_31' title="bbox 296 1431 1056 1476; baseline 0.003 -13"><span class='ocrx_word' id='word_1_137' title='bbox 296 1431 425 1466; x_wconf 86' lang='lat' dir='ltr'>dicibus</span> <span class='ocrx_word' id='word_1_138' title='bbox 453 1433 492 1465; x_wconf 86' lang='lat' dir='ltr'>ad</span> <span class='ocrx_word' id='word_1_139' title='bbox 518 1443 578 1466; x_wconf 87' lang='lat' dir='ltr'>nos</span> <span class='ocrx_word' id='word_1_140' title='bbox 607 1434 813 1473; x_wconf 86' lang='lat' dir='ltr'>advocanms,</span> <span class='ocrx_word' id='word_1_141' title='bbox 841 1432 977 1475; x_wconf 81' lang='lat' dir='ltr'>illasque</span> <span class='ocrx_word' id='word_1_142' title='bbox 1003 1444 1056 1476; x_wconf 89' lang='lat' dir='ltr'>pe-</span> 
     </span>
     <span class='ocr_line' id='line_1_32' title="bbox 297 1484 1056 1530; baseline 0.001 -13"><span class='ocrx_word' id='word_1_143' title='bbox 297 1484 384 1518; x_wconf 87' lang='lat' dir='ltr'>nitus</span> <span class='ocrx_word' id='word_1_144' title='bbox 404 1486 622 1529; x_wconf 74' lang='lat' dir='ltr'>extinguimus</span> <span class='ocrx_word' id='word_1_145' title='bbox 644 1492 675 1520; x_wconf 82' lang='lat' dir='ltr'>et</span> <span class='ocrx_word' id='word_1_146' title='bbox 700 1487 921 1526; x_wconf 66' lang='lat' dir='ltr'>annullamusg</span> <span class='ocrx_word' id='word_1_147' title='bbox 944 1486 1056 1530; x_wconf 83' lang='lat' dir='ltr'>sicque</span> 
     </span>
     <span class='ocr_line' id='line_1_33' title="bbox 299 1540 830 1582; baseline 0.002 -11"><span class='ocrx_word' id='word_1_148' title='bbox 299 1548 357 1581; x_wconf 84' lang='lat' dir='ltr'>per</span> <span class='ocrx_word' id='word_1_149' title='bbox 377 1549 605 1582; x_wconf 85' lang='lat' dir='ltr'>quoscumque</span> <span class='ocrx_word' id='word_1_150' title='bbox 627 1540 751 1573; x_wconf 87' lang='lat' dir='ltr'>iudices</span> <span class='ocrx_word' id='word_1_151' title='bbox 772 1545 830 1573; x_wconf 78' lang='lat' dir='ltr'>etc.</span> 
     </span>
    </p>

    <p class='ocr_par' dir='ltr' id='par_1_9' title="bbox 296 1587 1056 1877">
     <span class='ocr_line' id='line_1_34' title="bbox 342 1587 1056 1632; baseline 0.001 -12"><span class='ocrx_word' id='word_1_152' title='bbox 342 1587 357 1630; x_wconf 66' lang='grc' dir='ltr'><strong>ἓ</strong></span> <span class='ocrx_word' id='word_1_153' title='bbox 382 1587 414 1621; x_wconf 77' lang='grc'>3.</span> <span class='ocrx_word' id='word_1_154' title='bbox 441 1588 511 1621; x_wconf 88' lang='lat' dir='ltr'>Non</span> <span class='ocrx_word' id='word_1_155' title='bbox 529 1589 732 1622; x_wconf 77' lang='lat' dir='ltr'>obstantibus</span> <span class='ocrx_word' id='word_1_156' title='bbox 752 1589 818 1621; x_wconf 91' lang='lat' dir='ltr'>litis</span> <span class='ocrx_word' id='word_1_157' title='bbox 839 1589 1056 1632; x_wconf 85' lang='lat' dir='ltr'>pendentiact</span> 
     </span>
     <span class='ocr_line' id='line_1_35' title="bbox 298 1635 1054 1682; baseline 0.003 -14"><span class='ocrx_word' id='word_1_158' title='bbox 298 1635 369 1668; x_wconf 86' lang='lat' dir='ltr'>aliis</span> <span class='ocrx_word' id='word_1_159' title='bbox 387 1637 585 1679; x_wconf 78' lang='lat' dir='ltr'>praemissis,</span> <span class='ocrx_word' id='word_1_160' title='bbox 599 1648 637 1670; x_wconf 85' lang='lat' dir='ltr'>ac</span> <span class='ocrx_word' id='word_1_161' title='bbox 657 1644 818 1682; x_wconf 81' lang='lat' dir='ltr'>quatenus</span> <span class='ocrx_word' id='word_1_162' title='bbox 835 1649 918 1681; x_wconf 87' lang='lat' dir='ltr'>opus</span> <span class='ocrx_word' id='word_1_163' title='bbox 930 1638 981 1678; x_wconf 76' lang='lat' dir='ltr'>sit,</span> <span class='ocrx_word' id='word_1_164' title='bbox 996 1649 1054 1671; x_wconf 86' lang='lat' dir='ltr'>no-</span> 
     </span>
     <span class='ocr_line' id='line_1_36' title="bbox 297 1687 1055 1731; baseline 0 -13"><span class='ocrx_word' id='word_1_165' title='bbox 297 1691 363 1718; x_wconf 85' lang='lat' dir='ltr'>stra</span> <span class='ocrx_word' id='word_1_166' title='bbox 383 1687 421 1719; x_wconf 88' lang='lat' dir='ltr'>de</span> <span class='ocrx_word' id='word_1_167' title='bbox 442 1697 507 1719; x_wconf 89' lang='lat' dir='ltr'>non</span> <span class='ocrx_word' id='word_1_168' title='bbox 523 1688 668 1720; x_wconf 83' lang='lat' dir='ltr'>tollendo</span> <span class='ocrx_word' id='word_1_169' title='bbox 681 1688 751 1720; x_wconf 88' lang='lat' dir='ltr'>iure</span> <span class='ocrx_word' id='word_1_170' title='bbox 765 1688 924 1731; x_wconf 85' lang='lat' dir='ltr'>quaesite;</span> <span class='ocrx_word' id='word_1_171' title='bbox 941 1693 972 1720; x_wconf 89' lang='lat' dir='ltr'>et</span> <span class='ocrx_word' id='word_1_172' title='bbox 985 1687 1055 1730; x_wconf 85' lang='lat' dir='ltr'>qui-</span> 
     </span>
     <span class='ocr_line' id='line_1_37' title="bbox 297 1735 1055 1770; baseline 0.003 -3"><span class='ocrx_word' id='word_1_173' title='bbox 297 1735 404 1768; x_wconf 75' lang='lat' dir='ltr'>busvis</span> <span class='ocrx_word' id='word_1_174' title='bbox 424 1736 495 1769; x_wconf 89' lang='lat' dir='ltr'>aliis</span> <span class='ocrx_word' id='word_1_175' title='bbox 513 1737 800 1770; x_wconf 80' lang='lat' dir='ltr'>constitutionibus</span> <span class='ocrx_word' id='word_1_176' title='bbox 821 1743 851 1769; x_wconf 88' lang='lat' dir='ltr'>et</span> <span class='ocrx_word' id='word_1_177' title='bbox 877 1737 1055 1770; x_wconf 88' lang='lat' dir='ltr'>ordinatio-</span> 
     </span>
     <span class='ocr_line' id='line_1_38' title="bbox 297 1784 1055 1829; baseline 0.001 -12"><span class='ocrx_word' id='word_1_178' title='bbox 297 1784 394 1818; x_wconf 84' lang='lat' dir='ltr'>nibus</span> <span class='ocrx_word' id='word_1_179' title='bbox 409 1786 595 1829; x_wconf 85' lang='lat' dir='ltr'>apostolicis</span> <span class='ocrx_word' id='word_1_180' title='bbox 610 1786 792 1829; x_wconf 81' lang='lat' dir='ltr'>ceterisque</span> <span class='ocrx_word' id='word_1_181' title='bbox 805 1786 1055 1829; x_wconf 77' lang='lat' dir='ltr'>contrariisqui-</span> 
     </span>
     <span class='ocr_line' id='line_1_39' title="bbox 296 1834 514 1877; baseline 0.009 -12"><span class='ocrx_word' id='word_1_182' title='bbox 296 1834 514 1877; x_wconf 87' lang='lat' dir='ltr'>buscumque.</span> 
     </span>
    </p>

    <p class='ocr_par' dir='ltr' id='par_1_10' title="bbox 340 1883 703 1917">
     <span class='ocr_line' id='line_1_40' title="bbox 340 1883 703 1917; baseline 0.003 -2"><span class='ocrx_word' id='word_1_183' title='bbox 340 1883 498 1916; x_wconf 85' lang='lat' dir='ltr'>Volumus</span> <span class='ocrx_word' id='word_1_184' title='bbox 518 1888 626 1917; x_wconf 89' lang='lat' dir='ltr'>autem</span> <span class='ocrx_word' id='word_1_185' title='bbox 647 1888 703 1916; x_wconf 82' lang='lat' dir='ltr'>etc.</span> 
     </span>
    </p>

    <p class='ocr_par' dir='ltr' id='par_1_11' title="bbox 297 1933 1054 2074">
     <span class='ocr_line' id='line_1_41' title="bbox 341 1933 1054 1976; baseline 0.001 -11"><span class='ocrx_word' id='word_1_186' title='bbox 341 1933 454 1966; x_wconf 89' lang='lat' dir='ltr'>Datum</span> <span class='ocrx_word' id='word_1_187' title='bbox 476 1933 596 1966; x_wconf 80' lang='lat' dir='ltr'>Romae</span> <span class='ocrx_word' id='word_1_188' title='bbox 618 1933 703 1976; x_wconf 91' lang='lat' dir='ltr'>apud</span> <span class='ocrx_word' id='word_1_189' title='bbox 717 1933 749 1966; x_wconf 81' lang='lat' dir='ltr'>S.</span> <span class='ocrx_word' id='word_1_190' title='bbox 765 1933 911 1971; x_wconf 87' lang='lat' dir='ltr'>Petrum,</span> <span class='ocrx_word' id='word_1_191' title='bbox 925 1934 985 1966; x_wconf 87' lang='lat' dir='ltr'>sub</span> <span class='ocrx_word' id='word_1_192' title='bbox 997 1944 1054 1966; x_wconf 90' lang='lat' dir='ltr'>an-</span> 
     </span>
     <span class='ocr_line' id='line_1_42' title="bbox 297 1982 1054 2023; baseline 0.001 -9"><span class='ocrx_word' id='word_1_193' title='bbox 297 1983 375 2015; x_wconf 92' lang='lat' dir='ltr'>nulo</span> <span class='ocrx_word' id='word_1_194' title='bbox 397 1983 581 2023; x_wconf 73' lang='lat' dir='ltr'>piscatoris,</span> <span class='ocrx_word' id='word_1_195' title='bbox 610 1982 660 2016; x_wconf 88' lang='lat' dir='ltr'>die</span> <span class='ocrx_word' id='word_1_196' title='bbox 686 1993 694 2015; x_wconf 93' lang='lat'><em>1</em></span> <span class='ocrx_word' id='word_1_197' title='bbox 726 1982 863 2015; x_wconf 87' lang='lat' dir='ltr'>ianuarii</span> <span class='ocrx_word' id='word_1_198' title='bbox 884 1992 1054 2023; x_wconf 75' lang='lat' dir='ltr'>MDLxxxix,</span> 
     </span>
     <span class='ocr_line' id='line_1_43' title="bbox 298 2031 796 2074; baseline 0.002 -11"><span class='ocrx_word' id='word_1_199' title='bbox 298 2031 505 2074; x_wconf 83' lang='lat' dir='ltr'>pontificatus</span> <span class='ocrx_word' id='word_1_200' title='bbox 525 2031 627 2065; x_wconf 90' lang='lat' dir='ltr'>nostri</span> <span class='ocrx_word' id='word_1_201' title='bbox 648 2042 734 2064; x_wconf 90' lang='lat' dir='ltr'>anno</span> <span class='ocrx_word' id='word_1_202' title='bbox 754 2042 796 2065; x_wconf 73' lang='grc' dir='ltr'>ιν.</span> 
     </span>
    </p>

    <p class='ocr_par' dir='ltr' id='par_1_12' title="bbox 338 2083 1012 2125">
     <span class='ocr_line' id='line_1_44' title="bbox 338 2083 1012 2125; baseline 0.004 -13"><span class='ocrx_word' id='word_1_203' title='bbox 338 2083 399 2114; x_wconf 78' lang='lat' dir='ltr'>nat.</span> <span class='ocrx_word' id='word_1_204' title='bbox 419 2085 493 2115; x_wconf 73' lang='lat' dir='ltr'>diei</span> <span class='ocrx_word' id='word_1_205' title='bbox 520 2085 638 2115; x_wconf 85' lang='lat' dir='ltr'>ianuar.</span> <span class='ocrx_word' id='word_1_206' title='bbox 657 2085 749 2119; x_wconf 71' lang='lat'>1589,</span> <span class='ocrx_word' id='word_1_207' title='bbox 773 2085 880 2125; x_wconf 83' lang='lat' dir='ltr'>pontis.</span> <span class='ocrx_word' id='word_1_208' title='bbox 905 2095 951 2115; x_wconf 87' lang='lat' dir='ltr'>an.</span> <span class='ocrx_word' id='word_1_209' title='bbox 973 2094 1012 2116; x_wconf 85' lang='grc' dir='ltr'>ιν.</span> 
     </span>
    </p>
   </div>
   <div class='ocr_carea' id='block_1_8' title="bbox 618 2197 705 2231">
    <p class='ocr_par' dir='ltr' id='par_1_13' title="bbox 618 2197 705 2231">
     <span class='ocr_line' id='line_1_45' title="bbox 618 2197 705 2231; baseline -0.011 0"><span class='ocrx_word' id='word_1_210' title='bbox 618 2197 705 2231; x_wconf 81' lang='lat' dir='ltr'>CXL.</span> 
     </span>
    </p>
   </div>
   <div class='ocr_carea' id='block_1_9' title="bbox 300 2261 1055 2403">
    <p class='ocr_par' dir='ltr' id='par_1_14' title="bbox 300 2261 1055 2403">
     <span class='ocr_line' id='line_1_46' title="bbox 300 2261 1055 2306; baseline 0.001 -11"><span class='ocrx_word' id='word_1_211' title='bbox 300 2261 423 2296; x_wconf 77' lang='lat' dir='ltr'>Contra</span> <span class='ocrx_word' id='word_1_212' title='bbox 443 2263 571 2296; x_wconf 73' lang='lat' dir='ltr'>clericos</span> <span class='ocrx_word' id='word_1_213' title='bbox 596 2263 681 2296; x_wconf 77' lang='lat' dir='ltr'>male</span> <span class='ocrx_word' id='word_1_214' title='bbox 709 2268 765 2296; x_wconf 73' lang='grc' dir='ltr'>[ιιιὶ</span> <span class='ocrx_word' id='word_1_215' title='bbox 787 2264 964 2296; x_wconf 75' lang='lat' dir='ltr'>simoniace</span> <span class='ocrx_word' id='word_1_216' title='bbox 980 2275 1055 2306; x_wconf 72' lang='lat' dir='ltr'>pro-</span> 
     </span>
     <span class='ocr_line' id='line_1_47' title="bbox 342 2312 1055 2356; baseline 0.001 -12"><span class='ocrx_word' id='word_1_217' title='bbox 342 2316 455 2349; x_wconf 76' lang='lat' dir='ltr'>motos,</span> <span class='ocrx_word' id='word_1_218' title='bbox 471 2316 500 2345; x_wconf 81' lang='lat' dir='ltr'>et</span> <span class='ocrx_word' id='word_1_219' title='bbox 517 2313 676 2356; x_wconf 74' lang='lat' dir='ltr'>episcopos</span> <span class='ocrx_word' id='word_1_220' title='bbox 694 2316 723 2345; x_wconf 79' lang='lat' dir='ltr'>el</span> <span class='ocrx_word' id='word_1_221' title='bbox 743 2312 824 2345; x_wconf 69' lang='lat' dir='ltr'>alios</span> <span class='ocrx_word' id='word_1_222' title='bbox 844 2313 881 2345; x_wconf 77' lang='lat' dir='ltr'>in</span> <span class='ocrx_word' id='word_1_223' title='bbox 901 2312 1055 2346; x_wconf 74' lang='lat' dir='ltr'>ordinum</span> 
     </span>
     <span class='ocr_line' id='line_1_48' title="bbox 343 2359 744 2403; baseline 0.002 -11"><span class='ocrx_word' id='word_1_224' title='bbox 343 2359 513 2393; x_wconf 72' lang='lat' dir='ltr'>collatione</span> <span class='ocrx_word' id='word_1_225' title='bbox 530 2364 698 2403; x_wconf 77' lang='lat' dir='ltr'>peccantes</span> <span class='ocrx_word' id='word_1_226' title='bbox 718 2360 744 2393; x_wconf 82' lang='lat'>¹.</span> 
     </span>
    </p>
   </div>
   <div class='ocr_carea' id='block_1_10' title="bbox 365 2432 985 2517">
    <p class='ocr_par' dir='ltr' id='par_1_15' title="bbox 365 2432 985 2517">
     <span class='ocr_line' id='line_1_49' title="bbox 365 2432 985 2467; baseline 0.002 -7"><span class='ocrx_word' id='word_1_227' title='bbox 365 2432 462 2460; x_wconf 83' lang='lat' dir='ltr'>Sixtus</span> <span class='ocrx_word' id='word_1_228' title='bbox 482 2432 634 2467; x_wconf 82' lang='lat' dir='ltr'>episcopus.</span> <span class='ocrx_word' id='word_1_229' title='bbox 656 2439 754 2460; x_wconf 83' lang='lat' dir='ltr'>servus</span> <span class='ocrx_word' id='word_1_230' title='bbox 774 2439 914 2461; x_wconf 84' lang='lat' dir='ltr'>servorum</span> <span class='ocrx_word' id='word_1_231' title='bbox 931 2433 985 2466; x_wconf 79' lang='lat' dir='ltr'>Del,</span> 
     </span>
     <span class='ocr_line' id='line_1_50' title="bbox 448 2482 915 2517; baseline 0.002 -9"><span class='ocrx_word' id='word_1_232' title='bbox 448 2482 482 2508; x_wconf 84' lang='lat' dir='ltr'>ad</span> <span class='ocrx_word' id='word_1_233' title='bbox 501 2483 664 2517; x_wconf 81' lang='lat' dir='ltr'>perpetuam</span> <span class='ocrx_word' id='word_1_234' title='bbox 683 2482 725 2509; x_wconf 86' lang='lat' dir='ltr'>rei</span> <span class='ocrx_word' id='word_1_235' title='bbox 744 2482 915 2510; x_wconf 77' lang='lat' dir='ltr'>memoriam.</span> 
     </span>
    </p>
   </div>
   <div class='ocr_carea' id='block_1_11' title="bbox 343 2544 1054 2578">
    <p class='ocr_par' dir='ltr' id='par_1_16' title="bbox 343 2544 1054 2578">
     <span class='ocr_line' id='line_1_51' title="bbox 343 2544 1054 2578; baseline 0.001 -2"><span class='ocrx_word' id='word_1_236' title='bbox 343 2544 497 2576; x_wconf 86' lang='lat' dir='ltr'>Sanctum</span> <span class='ocrx_word' id='word_1_237' title='bbox 524 2550 552 2576; x_wconf 88' lang='lat' dir='ltr'>et</span> <span class='ocrx_word' id='word_1_238' title='bbox 579 2544 721 2576; x_wconf 81' lang='lat' dir='ltr'>salutare</span> <span class='ocrx_word' id='word_1_239' title='bbox 751 2544 833 2578; x_wconf 87' lang='lat' dir='ltr'>sacri</span> <span class='ocrx_word' id='word_1_240' title='bbox 855 2544 983 2577; x_wconf 82' lang='lat' dir='ltr'>Ordinis</span> <span class='ocrx_word' id='word_1_241' title='bbox 1004 2555 1054 2577; x_wconf 88' lang='lat' dir='ltr'>sa-</span> 
     </span>
    </p>
   </div>
   <div class='ocr_carea' id='block_1_12' title="bbox 299 2610 1055 2685">
    <p class='ocr_par' dir='ltr' id='par_1_17' title="bbox 299 2610 1055 2685">
     <span class='ocr_line' id='line_1_52' title="bbox 335 2610 1055 2644; baseline 0 -7"><span class='ocrx_word' id='word_1_242' title='bbox 335 2612 345 2638; x_wconf 88' lang='lat'>1</span> <span class='ocrx_word' id='word_1_243' title='bbox 365 2610 467 2638; x_wconf 78' lang='lat' dir='ltr'>Contra</span> <span class='ocrx_word' id='word_1_244' title='bbox 485 2610 537 2638; x_wconf 82' lang='lat' dir='ltr'>lios</span> <span class='ocrx_word' id='word_1_245' title='bbox 556 2610 630 2638; x_wconf 82' lang='lat' dir='ltr'>male</span> <span class='ocrx_word' id='word_1_246' title='bbox 645 2614 793 2644; x_wconf 85' lang='lat' dir='ltr'>promotos</span> <span class='ocrx_word' id='word_1_247' title='bbox 809 2610 897 2638; x_wconf 82' lang='lat' dir='ltr'>babes</span> <span class='ocrx_word' id='word_1_248' title='bbox 922 2611 1007 2638; x_wconf 86' lang='lat' dir='ltr'>etiam</span> <span class='ocrx_word' id='word_1_249' title='bbox 1027 2610 1055 2638; x_wconf 83' lang='lat' dir='ltr'>in</span> 
     </span>
     <span class='ocr_line' id='line_1_53' title="bbox 299 2650 1002 2685; baseline 0 -7"><span class='ocrx_word' id='word_1_250' title='bbox 299 2653 390 2678; x_wconf 88' lang='lat' dir='ltr'>const.</span> <span class='ocrx_word' id='word_1_251' title='bbox 407 2656 447 2684; x_wconf 81' lang='lat' dir='ltr'>ix,</span> <span class='ocrx_word' id='word_1_252' title='bbox 463 2650 503 2678; x_wconf 80' lang='lat' dir='ltr'>Pii</span> <span class='ocrx_word' id='word_1_253' title='bbox 519 2650 553 2684; x_wconf 83' lang='grc' dir='ltr'>ΙΙ,</span> <span class='ocrx_word' id='word_1_254' title='bbox 571 2650 641 2678; x_wconf 77' lang='lat' dir='ltr'>Cum</span> <span class='ocrx_word' id='word_1_255' title='bbox 659 2658 703 2684; x_wconf 68' lang='lat' dir='ltr'>ew,</span> <span class='ocrx_word' id='word_1_256' title='bbox 722 2653 790 2679; x_wconf 85' lang='lat' dir='ltr'>toni.</span> <span class='ocrx_word' id='word_1_257' title='bbox 813 2657 840 2684; x_wconf 81' lang='lat' dir='ltr'>v,</span> <span class='ocrx_word' id='word_1_258' title='bbox 861 2658 922 2685; x_wconf 81' lang='lat' dir='ltr'>pag.</span> <span class='ocrx_word' id='word_1_259' title='bbox 943 2650 1002 2678; x_wconf 75' lang='lat'>165.</span> 
     </span>
    </p>
   </div>
   <div class='ocr_carea' id='block_1_13' title="bbox 1076 584 1078 1554">
    <p class='ocr_par' dir='ltr' id='par_1_18' title="bbox 1076 584 1078 1554">
     <span class='ocr_line' id='line_1_54' title="bbox 1076 584 1078 1554; baseline 0 0"><span class='ocrx_word' id='word_1_260' title='bbox 1076 584 1078 1554; x_wconf 95' lang='lat' dir='ltr'> </span> 
     </span>
    </p>
   </div>
   <div class='ocr_carea' id='block_1_14' title="bbox 1075 584 1078 1710">
    <p class='ocr_par' dir='ltr' id='par_1_19' title="bbox 1075 584 1078 1710">
     <span class='ocr_line' id='line_1_55' title="bbox 1075 584 1078 1710; baseline 0 0"><span class='ocrx_word' id='word_1_261' title='bbox 1075 584 1078 1710; x_wconf 95' lang='lat' dir='ltr'> </span> 
     </span>
    </p>
   </div>
   <div class='ocr_carea' id='block_1_15' title="bbox 1093 313 1855 2682">
    <p class='ocr_par' dir='ltr' id='par_1_20' title="bbox 1093 313 1854 2064">
     <span class='ocr_line' id='line_1_56' title="bbox 1097 313 1849 357; baseline 0.001 -11"><span class='ocrx_word' id='word_1_262' title='bbox 1097 319 1299 347; x_wconf 71' lang='lat' dir='ltr'>crumentum</span> <span class='ocrx_word' id='word_1_263' title='bbox 1320 314 1360 346; x_wconf 83' lang='lat' dir='ltr'>ab</span> <span class='ocrx_word' id='word_1_264' title='bbox 1381 313 1450 357; x_wconf 86' lang='lat' dir='ltr'>ipso</span> <span class='ocrx_word' id='word_1_265' title='bbox 1471 314 1607 347; x_wconf 87' lang='lat' dir='ltr'>Domino</span> <span class='ocrx_word' id='word_1_266' title='bbox 1633 319 1663 346; x_wconf 89' lang='lat' dir='ltr'>et</span> <span class='ocrx_word' id='word_1_267' title='bbox 1685 313 1849 347; x_wconf 81' lang='lat' dir='ltr'>Salvatore</span> 
     </span>
     <span class='ocr_line' id='line_1_57' title="bbox 1097 367 1849 410; baseline 0.001 -11"><span class='ocrx_word' id='word_1_268' title='bbox 1097 373 1207 400; x_wconf 87' lang='lat' dir='ltr'>nostro</span> <span class='ocrx_word' id='word_1_269' title='bbox 1230 368 1299 401; x_wconf 89' lang='lat' dir='ltr'>lesu</span> <span class='ocrx_word' id='word_1_270' title='bbox 1319 367 1446 400; x_wconf 85' lang='lat' dir='ltr'>Christo</span> <span class='ocrx_word' id='word_1_271' title='bbox 1469 367 1665 407; x_wconf 81' lang='lat' dir='ltr'>institutum,</span> <span class='ocrx_word' id='word_1_272' title='bbox 1681 368 1849 410; x_wconf 73' lang='lat' dir='ltr'>beatisque</span> 
     </span>
     <span class='ocr_line' id='line_1_58' title="bbox 1097 421 1850 464; baseline 0.001 -12"><span class='ocrx_word' id='word_1_273' title='bbox 1097 421 1250 464; x_wconf 84' lang='lat' dir='ltr'>apostolis</span> <span class='ocrx_word' id='word_1_274' title='bbox 1270 427 1302 454; x_wconf 88' lang='lat' dir='ltr'>et</span> <span class='ocrx_word' id='word_1_275' title='bbox 1323 431 1435 454; x_wconf 87' lang='lat' dir='ltr'>eorum</span> <span class='ocrx_word' id='word_1_276' title='bbox 1474 421 1625 463; x_wconf 60' lang='lat' dir='ltr'>legitimis</span> <span class='ocrx_word' id='word_1_277' title='bbox 1655 422 1850 454; x_wconf 84' lang='lat' dir='ltr'>successori-</span> 
     </span>
     <span class='ocr_line' id='line_1_59' title="bbox 1096 473 1851 516; baseline 0.003 -12"><span class='ocrx_word' id='word_1_278' title='bbox 1096 473 1156 505; x_wconf 79' lang='lat' dir='ltr'>bus</span> <span class='ocrx_word' id='word_1_279' title='bbox 1188 474 1345 516; x_wconf 81' lang='lat' dir='ltr'>singulari</span> <span class='ocrx_word' id='word_1_280' title='bbox 1375 474 1500 507; x_wconf 74' lang='lat' dir='ltr'>divinae</span> <span class='ocrx_word' id='word_1_281' title='bbox 1529 473 1681 506; x_wconf 84' lang='lat' dir='ltr'>bonitatis</span> <span class='ocrx_word' id='word_1_282' title='bbox 1715 485 1851 506; x_wconf 87' lang='lat' dir='ltr'>munere</span> 
     </span>
     <span class='ocr_line' id='line_1_60' title="bbox 1097 526 1850 571; baseline 0.003 -14"><span class='ocrx_word' id='word_1_283' title='bbox 1097 526 1262 567; x_wconf 86' lang='lat' dir='ltr'>traditum,</span> <span class='ocrx_word' id='word_1_284' title='bbox 1278 527 1321 560; x_wconf 89' lang='lat' dir='ltr'>ita</span> <span class='ocrx_word' id='word_1_285' title='bbox 1333 527 1370 560; x_wconf 94' lang='lat' dir='ltr'>ad</span> <span class='ocrx_word' id='word_1_286' title='bbox 1382 527 1436 560; x_wconf 90' lang='lat' dir='ltr'>Dei</span> <span class='ocrx_word' id='word_1_287' title='bbox 1458 527 1694 571; x_wconf 86' lang='lat' dir='ltr'>omnipotentis</span> <span class='ocrx_word' id='word_1_288' title='bbox 1713 527 1850 569; x_wconf 78' lang='lat' dir='ltr'>gloriam</span> 
     </span>
     <span class='ocr_line' id='line_1_61' title="bbox 1096 579 1852 623; baseline 0.004 -13"><span class='ocrx_word' id='word_1_289' title='bbox 1096 579 1300 623; x_wconf 80' lang='lat' dir='ltr'>salutemque</span> <span class='ocrx_word' id='word_1_290' title='bbox 1339 581 1521 613; x_wconf 87' lang='lat' dir='ltr'>animarum</span> <span class='ocrx_word' id='word_1_291' title='bbox 1561 586 1672 613; x_wconf 85' lang='lat' dir='ltr'>sancte</span> <span class='ocrx_word' id='word_1_292' title='bbox 1706 591 1742 613; x_wconf 85' lang='lat' dir='ltr'>ac</span> <span class='ocrx_word' id='word_1_293' title='bbox 1777 581 1852 613; x_wconf 85' lang='lat' dir='ltr'>reli-</span> 
     </span>
     <span class='ocr_line' id='line_1_62' title="bbox 1096 631 1851 677; baseline 0.004 -14"><span class='ocrx_word' id='word_1_294' title='bbox 1096 631 1183 673; x_wconf 71' lang='lat' dir='ltr'>giose</span> <span class='ocrx_word' id='word_1_295' title='bbox 1201 633 1421 666; x_wconf 79' lang='lat' dir='ltr'>administrari</span> <span class='ocrx_word' id='word_1_296' title='bbox 1443 634 1548 673; x_wconf 83' lang='lat' dir='ltr'>decet,</span> <span class='ocrx_word' id='word_1_297' title='bbox 1578 639 1611 666; x_wconf 91' lang='lat' dir='ltr'>ut</span> <span class='ocrx_word' id='word_1_298' title='bbox 1637 645 1720 677; x_wconf 86' lang='lat' dir='ltr'>quae</span> <span class='ocrx_word' id='word_1_299' title='bbox 1745 634 1793 666; x_wconf 73' lang='lat' dir='ltr'>vel</span> <span class='ocrx_word' id='word_1_300' title='bbox 1815 645 1851 666; x_wconf 72' lang='lat' dir='ltr'>cx</span> 
     </span>
     <span class='ocr_line' id='line_1_63' title="bbox 1096 687 1851 730; baseline 0.007 -15"><span class='ocrx_word' id='word_1_301' title='bbox 1096 689 1170 727; x_wconf 55' lang='lat' dir='ltr'>typo</span> <span class='ocrx_word' id='word_1_302' title='bbox 1192 692 1220 718; x_wconf 89' lang='lat' dir='ltr'>et</span> <span class='ocrx_word' id='word_1_303' title='bbox 1248 687 1351 728; x_wconf 78' lang='lat' dir='ltr'>ligura</span> <span class='ocrx_word' id='word_1_304' title='bbox 1376 688 1491 720; x_wconf 79' lang='lat' dir='ltr'>veteris</span> <span class='ocrx_word' id='word_1_305' title='bbox 1522 688 1614 730; x_wconf 78' lang='lat' dir='ltr'>legis,</span> <span class='ocrx_word' id='word_1_306' title='bbox 1636 687 1685 720; x_wconf 75' lang='lat' dir='ltr'>vel</span> <span class='ocrx_word' id='word_1_307' title='bbox 1712 688 1791 720; x_wconf 87' lang='lat' dir='ltr'>alias</span> <span class='ocrx_word' id='word_1_308' title='bbox 1816 698 1851 720; x_wconf 79' lang='lat' dir='ltr'>ex</span> 
     </span>
     <span class='ocr_line' id='line_1_64' title="bbox 1097 737 1851 782; baseline 0.007 -14"><span class='ocrx_word' id='word_1_309' title='bbox 1097 737 1198 770; x_wconf 88' lang='lat' dir='ltr'>multa</span> <span class='ocrx_word' id='word_1_310' title='bbox 1214 738 1267 771; x_wconf 80' lang='lat' dir='ltr'>SS.</span> <span class='ocrx_word' id='word_1_311' title='bbox 1292 739 1423 772; x_wconf 78' lang='lat' dir='ltr'>patrum</span> <span class='ocrx_word' id='word_1_312' title='bbox 1445 740 1660 782; x_wconf 68' lang='lat' dir='ltr'>providentia,</span> <span class='ocrx_word' id='word_1_313' title='bbox 1687 740 1773 773; x_wconf 71' lang='lat' dir='ltr'>circa</span> <span class='ocrx_word' id='word_1_314' title='bbox 1798 752 1851 773; x_wconf 90' lang='lat' dir='ltr'>or-</span> 
     </span>
     <span class='ocr_line' id='line_1_65' title="bbox 1095 789 1851 833; baseline 0.007 -12"><span class='ocrx_word' id='word_1_315' title='bbox 1095 789 1313 824; x_wconf 86' lang='lat' dir='ltr'>dinandorum</span> <span class='ocrx_word' id='word_1_316' title='bbox 1346 793 1482 833; x_wconf 82' lang='lat' dir='ltr'>natales,</span> <span class='ocrx_word' id='word_1_317' title='bbox 1519 799 1670 833; x_wconf 79' lang='lat' dir='ltr'>aetatem,</span> <span class='ocrx_word' id='word_1_318' title='bbox 1703 794 1786 826; x_wconf 76' lang='lat' dir='ltr'>vitae</span> <span class='ocrx_word' id='word_1_319' title='bbox 1815 805 1851 827; x_wconf 85' lang='lat' dir='ltr'>ac</span> 
     </span>
     <span class='ocr_line' id='line_1_66' title="bbox 1096 844 1851 887; baseline 0.008 -13"><span class='ocrx_word' id='word_1_320' title='bbox 1096 853 1225 876; x_wconf 89' lang='lat' dir='ltr'>morum</span> <span class='ocrx_word' id='word_1_321' title='bbox 1237 844 1444 887; x_wconf 81' lang='lat' dir='ltr'>probitatem,</span> <span class='ocrx_word' id='word_1_322' title='bbox 1459 846 1671 886; x_wconf 83' lang='lat' dir='ltr'>sanctitatem,</span> <span class='ocrx_word' id='word_1_323' title='bbox 1686 847 1851 880; x_wconf 84' lang='lat' dir='ltr'>scientiam</span> 
     </span>
     <span class='ocr_line' id='line_1_67' title="bbox 1097 896 1851 940; baseline 0.009 -13"><span class='ocrx_word' id='word_1_324' title='bbox 1097 901 1124 928; x_wconf 87' lang='lat' dir='ltr'>et</span> <span class='ocrx_word' id='word_1_325' title='bbox 1147 896 1225 929; x_wconf 89' lang='lat' dir='ltr'>alias</span> <span class='ocrx_word' id='word_1_326' title='bbox 1245 898 1419 940; x_wconf 79' lang='lat' dir='ltr'>qualitates</span> <span class='ocrx_word' id='word_1_327' title='bbox 1445 898 1477 930; x_wconf 89' lang='lat' dir='ltr'>in</span> <span class='ocrx_word' id='word_1_328' title='bbox 1509 900 1608 932; x_wconf 85' lang='lat' dir='ltr'>sacris</span> <span class='ocrx_word' id='word_1_329' title='bbox 1638 900 1851 933; x_wconf 85' lang='lat' dir='ltr'>ordinationi-</span> 
     </span>
     <span class='ocr_line' id='line_1_68' title="bbox 1096 949 1853 995; baseline 0.009 -15"><span class='ocrx_word' id='word_1_330' title='bbox 1096 949 1155 981; x_wconf 80' lang='lat' dir='ltr'>bus</span> <span class='ocrx_word' id='word_1_331' title='bbox 1184 950 1368 993; x_wconf 69' lang='lat' dir='ltr'>requisitas,</span> <span class='ocrx_word' id='word_1_332' title='bbox 1401 963 1459 995; x_wconf 82' lang='lat' dir='ltr'>per</span> <span class='ocrx_word' id='word_1_333' title='bbox 1493 962 1602 985; x_wconf 84' lang='lat' dir='ltr'>sacros</span> <span class='ocrx_word' id='word_1_334' title='bbox 1632 964 1772 986; x_wconf 82' lang='lat' dir='ltr'>canones</span> <span class='ocrx_word' id='word_1_335' title='bbox 1805 954 1853 987; x_wconf 68' lang='lat' dir='ltr'>vel</span> 
     </span>
     <span class='ocr_line' id='line_1_69' title="bbox 1096 1003 1853 1048; baseline 0.008 -15"><span class='ocrx_word' id='word_1_336' title='bbox 1096 1003 1292 1046; x_wconf 84' lang='lat' dir='ltr'>apostolicas</span> <span class='ocrx_word' id='word_1_337' title='bbox 1313 1005 1573 1045; x_wconf 77' lang='lat' dir='ltr'>constitutiones,</span> <span class='ocrx_word' id='word_1_338' title='bbox 1584 1011 1638 1038; x_wconf 89' lang='lat' dir='ltr'>aut</span> <span class='ocrx_word' id='word_1_339' title='bbox 1651 1007 1853 1048; x_wconf 76' lang='lat' dir='ltr'>generalium</span> 
     </span>
     <span class='ocr_line' id='line_1_70' title="bbox 1096 1057 1853 1092; baseline 0.005 -4"><span class='ocrx_word' id='word_1_340' title='bbox 1096 1057 1313 1090; x_wconf 84' lang='lat' dir='ltr'>conciliorum</span> <span class='ocrx_word' id='word_1_341' title='bbox 1353 1058 1484 1091; x_wconf 87' lang='lat' dir='ltr'>decreta</span> <span class='ocrx_word' id='word_1_342' title='bbox 1521 1059 1697 1092; x_wconf 79' lang='lat' dir='ltr'>salubriter</span> <span class='ocrx_word' id='word_1_343' title='bbox 1735 1065 1853 1092; x_wconf 87' lang='lat' dir='ltr'>statuta</span> 
     </span>
     <span class='ocr_line' id='line_1_71' title="bbox 1096 1110 1853 1151; baseline 0.004 -9"><span class='ocrx_word' id='word_1_344' title='bbox 1096 1110 1240 1151; x_wconf 81' lang='lat' dir='ltr'>fuerunt,</span> <span class='ocrx_word' id='word_1_345' title='bbox 1260 1121 1296 1144; x_wconf 87' lang='lat' dir='ltr'>ea</span> <span class='ocrx_word' id='word_1_346' title='bbox 1318 1111 1470 1145; x_wconf 82' lang='lat' dir='ltr'>inviolate</span> <span class='ocrx_word' id='word_1_347' title='bbox 1486 1113 1711 1145; x_wconf 83' lang='lat' dir='ltr'>observentur.</span> <span class='ocrx_word' id='word_1_348' title='bbox 1734 1113 1811 1145; x_wconf 88' lang='lat' dir='ltr'>Nam</span> <span class='ocrx_word' id='word_1_349' title='bbox 1829 1114 1853 1145; x_wconf 81' lang='lat' dir='ltr'>si</span> 
     </span>
     <span class='ocr_line' id='line_1_72' title="bbox 1097 1163 1854 1200; baseline 0.004 -4"><span class='ocrx_word' id='word_1_350' title='bbox 1097 1163 1128 1196; x_wconf 89' lang='lat' dir='ltr'>i11</span> <span class='ocrx_word' id='word_1_351' title='bbox 1149 1164 1248 1197; x_wconf 71' lang='lat' dir='ltr'>veteri</span> <span class='ocrx_word' id='word_1_352' title='bbox 1271 1171 1461 1199; x_wconf 84' lang='lat' dir='ltr'>testamento</span> <span class='ocrx_word' id='word_1_353' title='bbox 1483 1171 1547 1198; x_wconf 91' lang='lat' dir='ltr'>tam</span> <span class='ocrx_word' id='word_1_354' title='bbox 1580 1167 1681 1199; x_wconf 90' lang='lat' dir='ltr'>multa</span> <span class='ocrx_word' id='word_1_355' title='bbox 1712 1167 1751 1200; x_wconf 93' lang='lat' dir='ltr'>de</span> <span class='ocrx_word' id='word_1_356' title='bbox 1773 1167 1854 1200; x_wconf 86' lang='lat' dir='ltr'>inte-</span> 
     </span>
     <span class='ocr_line' id='line_1_73' title="bbox 1095 1217 1852 1259; baseline 0.004 -10"><span class='ocrx_word' id='word_1_357' title='bbox 1095 1217 1212 1259; x_wconf 78' lang='lat' dir='ltr'>gritate</span> <span class='ocrx_word' id='word_1_358' title='bbox 1235 1224 1266 1251; x_wconf 88' lang='lat' dir='ltr'>et</span> <span class='ocrx_word' id='word_1_359' title='bbox 1288 1219 1448 1252; x_wconf 78' lang='lat' dir='ltr'>munditia</span> <span class='ocrx_word' id='word_1_360' title='bbox 1477 1220 1683 1252; x_wconf 79' lang='lat' dir='ltr'>sacerdotum</span> <span class='ocrx_word' id='word_1_361' title='bbox 1705 1225 1734 1253; x_wconf 89' lang='lat' dir='ltr'>et</span> <span class='ocrx_word' id='word_1_362' title='bbox 1757 1220 1852 1252; x_wconf 91' lang='lat' dir='ltr'>mini-</span> 
     </span>
     <span class='ocr_line' id='line_1_74' title="bbox 1096 1273 1854 1316; baseline 0.004 -13"><span class='ocrx_word' id='word_1_363' title='bbox 1096 1276 1237 1304; x_wconf 87' lang='lat' dir='ltr'>strorum</span> <span class='ocrx_word' id='word_1_364' title='bbox 1259 1273 1370 1305; x_wconf 87' lang='lat' dir='ltr'>altaris</span> <span class='ocrx_word' id='word_1_365' title='bbox 1391 1273 1495 1316; x_wconf 78' lang='lat' dir='ltr'>deque</span> <span class='ocrx_word' id='word_1_366' title='bbox 1522 1284 1635 1305; x_wconf 88' lang='lat' dir='ltr'>eorum</span> <span class='ocrx_word' id='word_1_367' title='bbox 1658 1274 1854 1316; x_wconf 76' lang='lat' dir='ltr'>praestantia</span> 
     </span>
     <span class='ocr_line' id='line_1_75' title="bbox 1096 1325 1853 1370; baseline 0.004 -14"><span class='ocrx_word' id='word_1_368' title='bbox 1096 1330 1126 1357; x_wconf 86' lang='lat' dir='ltr'>et</span> <span class='ocrx_word' id='word_1_369' title='bbox 1147 1325 1301 1367; x_wconf 67' lang='lat' dir='ltr'>dignitate</span> <span class='ocrx_word' id='word_1_370' title='bbox 1323 1325 1472 1367; x_wconf 66' lang='lat' dir='ltr'>legimus,</span> <span class='ocrx_word' id='word_1_371' title='bbox 1497 1326 1536 1359; x_wconf 90' lang='lat' dir='ltr'>de</span> <span class='ocrx_word' id='word_1_372' title='bbox 1557 1326 1675 1370; x_wconf 84' lang='lat' dir='ltr'>quibus</span> <span class='ocrx_word' id='word_1_373' title='bbox 1696 1326 1776 1359; x_wconf 81' lang='lat' dir='ltr'>dixit</span> <span class='ocrx_word' id='word_1_374' title='bbox 1795 1327 1853 1360; x_wconf 82' lang='lat' dir='ltr'>De-</span> 
     </span>
     <span class='ocr_line' id='line_1_76' title="bbox 1097 1377 1852 1422; baseline 0.007 -13"><span class='ocrx_word' id='word_1_375' title='bbox 1097 1377 1216 1418; x_wconf 88' lang='lat' dir='ltr'>minus,</span> <span class='ocrx_word' id='word_1_376' title='bbox 1240 1390 1298 1422; x_wconf 87' lang='lat' dir='ltr'>per</span> <span class='ocrx_word' id='word_1_377' title='bbox 1317 1379 1506 1412; x_wconf 74' lang='lat' dir='ltr'>Malachiam</span> <span class='ocrx_word' id='word_1_378' title='bbox 1529 1380 1734 1422; x_wconf 83' lang='lat' dir='ltr'>prophetam:</span> <span class='ocrx_word' id='word_1_379' title='bbox 1749 1381 1852 1414; x_wconf 75' lang='lat' dir='ltr'>Lubia</span> 
     </span>
     <span class='ocr_line' id='line_1_77' title="bbox 1093 1432 1851 1477; baseline 0.005 -14"><span class='ocrx_word' id='word_1_380' title='bbox 1093 1432 1269 1465; x_wconf 43' lang='lat' dir='ltr'>sat-erdoti&amp;</span> <span class='ocrx_word' id='word_1_381' title='bbox 1292 1433 1470 1466; x_wconf 73' lang='lat' dir='ltr'>custodient</span> <span class='ocrx_word' id='word_1_382' title='bbox 1490 1434 1661 1466; x_wconf 74' lang='lat' dir='ltr'>seientiam</span> <span class='ocrx_word' id='word_1_383' title='bbox 1675 1461 1682 1474; x_wconf 87' lang='lat'>,</span> <span class='ocrx_word' id='word_1_384' title='bbox 1706 1438 1734 1467; x_wconf 79' lang='lat' dir='ltr'>el</span> <span class='ocrx_word' id='word_1_385' title='bbox 1755 1434 1851 1477; x_wconf 72' lang='lat' dir='ltr'>leqem</span> 
     </span>
     <span class='ocr_line' id='line_1_78' title="bbox 1096 1486 1851 1530; baseline 0.005 -14"><span class='ocrx_word' id='word_1_386' title='bbox 1096 1486 1259 1528; x_wconf 72' lang='lat' dir='ltr'>requirent</span> <span class='ocrx_word' id='word_1_387' title='bbox 1280 1497 1318 1519; x_wconf 70' lang='lat' dir='ltr'>ee</span> <span class='ocrx_word' id='word_1_388' title='bbox 1339 1497 1391 1519; x_wconf 80' lang='lat' dir='ltr'>ore</span> <span class='ocrx_word' id='word_1_389' title='bbox 1411 1487 1490 1526; x_wconf 78' lang='lat' dir='ltr'>eius,</span> <span class='ocrx_word' id='word_1_390' title='bbox 1514 1488 1592 1530; x_wconf 74' lang='lat' dir='ltr'>quia,</span> <span class='ocrx_word' id='word_1_391' title='bbox 1624 1488 1764 1530; x_wconf 71' lang='lat' dir='ltr'>Anqelus</span> <span class='ocrx_word' id='word_1_392' title='bbox 1786 1488 1851 1520; x_wconf 89' lang='lat' dir='ltr'>Do-</span> 
     </span>
     <span class='ocr_line' id='line_1_79' title="bbox 1095 1539 1853 1576; baseline 0.004 -6"><span class='ocrx_word' id='word_1_393' title='bbox 1095 1539 1182 1571; x_wconf 75' lang='lat' dir='ltr'>mini</span> <span class='ocrx_word' id='word_1_394' title='bbox 1201 1540 1400 1572; x_wconf 63' lang='lat' dir='ltr'>eatercitumn</span> <span class='ocrx_word' id='word_1_395' title='bbox 1420 1545 1486 1576; x_wconf 72' lang='lat' dir='ltr'>est:</span> <span class='ocrx_word' id='word_1_396' title='bbox 1507 1546 1593 1573; x_wconf 84' lang='lat' dir='ltr'>certe</span> <span class='ocrx_word' id='word_1_397' title='bbox 1616 1541 1719 1574; x_wconf 89' lang='lat' dir='ltr'>multo</span> <span class='ocrx_word' id='word_1_398' title='bbox 1748 1542 1853 1574; x_wconf 86' lang='lat' dir='ltr'>maior</span> 
     </span>
     <span class='ocr_line' id='line_1_80' title="bbox 1096 1592 1853 1638; baseline 0.004 -14"><span class='ocrx_word' id='word_1_399' title='bbox 1096 1592 1177 1625; x_wconf 85' lang='lat' dir='ltr'>ratio</span> <span class='ocrx_word' id='word_1_400' title='bbox 1198 1598 1226 1625; x_wconf 91' lang='lat' dir='ltr'>et</span> <span class='ocrx_word' id='word_1_401' title='bbox 1250 1593 1418 1635; x_wconf 69' lang='lat' dir='ltr'>diligentia</span> <span class='ocrx_word' id='word_1_402' title='bbox 1436 1593 1619 1626; x_wconf 87' lang='lat' dir='ltr'>adhibenda</span> <span class='ocrx_word' id='word_1_403' title='bbox 1641 1594 1702 1627; x_wconf 88' lang='lat' dir='ltr'>erit</span> <span class='ocrx_word' id='word_1_404' title='bbox 1726 1594 1759 1626; x_wconf 91' lang='lat' dir='ltr'>in</span> <span class='ocrx_word' id='word_1_405' title='bbox 1780 1606 1853 1638; x_wconf 86' lang='lat' dir='ltr'>pro-</span> 
     </span>
     <span class='ocr_line' id='line_1_81' title="bbox 1096 1645 1852 1689; baseline 0.004 -11"><span class='ocrx_word' id='word_1_406' title='bbox 1096 1645 1263 1679; x_wconf 77' lang='lat' dir='ltr'>movendis</span> <span class='ocrx_word' id='word_1_407' title='bbox 1289 1652 1353 1679; x_wconf 88' lang='lat' dir='ltr'>tam</span> <span class='ocrx_word' id='word_1_408' title='bbox 1382 1646 1572 1679; x_wconf 74' lang='lat' dir='ltr'>inferiorum</span> <span class='ocrx_word' id='word_1_409' title='bbox 1598 1647 1759 1689; x_wconf 79' lang='lat' dir='ltr'>graduum</span> <span class='ocrx_word' id='word_1_410' title='bbox 1790 1648 1852 1681; x_wconf 80' lang='lat' dir='ltr'>cle-</span> 
     </span>
     <span class='ocr_line' id='line_1_82' title="bbox 1095 1699 1838 1744; baseline 0.004 -13"><span class='ocrx_word' id='word_1_411' title='bbox 1095 1699 1170 1732; x_wconf 85' lang='lat' dir='ltr'>ricis</span> <span class='ocrx_word' id='word_1_412' title='bbox 1191 1711 1288 1743; x_wconf 87' lang='lat' dir='ltr'>quam</span> <span class='ocrx_word' id='word_1_413' title='bbox 1302 1700 1398 1733; x_wconf 88' lang='lat' dir='ltr'>etiam</span> <span class='ocrx_word' id='word_1_414' title='bbox 1420 1700 1628 1744; x_wconf 70' lang='lat' dir='ltr'>presbyteris,</span> <span class='ocrx_word' id='word_1_415' title='bbox 1650 1701 1705 1744; x_wconf 82' lang='lat' dir='ltr'>qui</span> <span class='ocrx_word' id='word_1_416' title='bbox 1723 1702 1763 1734; x_wconf 90' lang='lat' dir='ltr'>ad</span> <span class='ocrx_word' id='word_1_417' title='bbox 1777 1712 1838 1735; x_wconf 78' lang='lat' dir='ltr'>con</span> 
     </span>
     <span class='ocr_line' id='line_1_83' title="bbox 1095 1753 1848 1798; baseline 0.003 -13"><span class='ocrx_word' id='word_1_418' title='bbox 1095 1753 1346 1786; x_wconf 85' lang='lat' dir='ltr'>summationem</span> <span class='ocrx_word' id='word_1_419' title='bbox 1376 1759 1562 1786; x_wconf 77' lang='lat' dir='ltr'>sanctorum</span> <span class='ocrx_word' id='word_1_420' title='bbox 1586 1754 1617 1786; x_wconf 90' lang='lat' dir='ltr'>in</span> <span class='ocrx_word' id='word_1_421' title='bbox 1647 1765 1730 1798; x_wconf 87' lang='lat' dir='ltr'>opus</span> <span class='ocrx_word' id='word_1_422' title='bbox 1756 1755 1848 1788; x_wconf 41' lang='lat' dir='ltr'>mini*</span> 
     </span>
     <span class='ocr_line' id='line_1_84' title="bbox 1095 1806 1853 1851; baseline 0.004 -13"><span class='ocrx_word' id='word_1_423' title='bbox 1095 1806 1195 1846; x_wconf 75' lang='lat' dir='ltr'>steiii,</span> <span class='ocrx_word' id='word_1_424' title='bbox 1219 1806 1251 1838; x_wconf 93' lang='lat' dir='ltr'>in</span> <span class='ocrx_word' id='word_1_425' title='bbox 1272 1806 1531 1839; x_wconf 83' lang='lat' dir='ltr'>aedificationem</span> <span class='ocrx_word' id='word_1_426' title='bbox 1565 1807 1714 1851; x_wconf 88' lang='lat' dir='ltr'>corporis</span> <span class='ocrx_word' id='word_1_427' title='bbox 1737 1807 1853 1841; x_wconf 84' lang='lat' dir='ltr'>Christi</span> 
     </span>
     <span class='ocr_line' id='line_1_85' title="bbox 1095 1859 1853 1904; baseline 0.003 -11"><span class='ocrx_word' id='word_1_428' title='bbox 1095 1859 1351 1900; x_wconf 82' lang='lat' dir='ltr'>constituuntur,</span> <span class='ocrx_word' id='word_1_429' title='bbox 1375 1866 1474 1904; x_wconf 85' lang='lat' dir='ltr'>prout</span> <span class='ocrx_word' id='word_1_430' title='bbox 1489 1860 1528 1893; x_wconf 89' lang='lat' dir='ltr'>de</span> <span class='ocrx_word' id='word_1_431' title='bbox 1544 1860 1594 1892; x_wconf 78' lang='lat' dir='ltr'>liis</span> <span class='ocrx_word' id='word_1_432' title='bbox 1607 1860 1685 1904; x_wconf 88' lang='lat' dir='ltr'>ipsis</span> <span class='ocrx_word' id='word_1_433' title='bbox 1701 1867 1732 1894; x_wconf 87' lang='lat' dir='ltr'>et</span> <span class='ocrx_word' id='word_1_434' title='bbox 1745 1862 1853 1895; x_wconf 79' lang='lat' dir='ltr'>divino</span> 
     </span>
     <span class='ocr_line' id='line_1_86' title="bbox 1094 1913 1853 1958; baseline 0.003 -12"><span class='ocrx_word' id='word_1_435' title='bbox 1094 1914 1193 1946; x_wconf 81' lang='lat' dir='ltr'>verbo</span> <span class='ocrx_word' id='word_1_436' title='bbox 1214 1919 1243 1946; x_wconf 87' lang='lat' dir='ltr'>et</span> <span class='ocrx_word' id='word_1_437' title='bbox 1271 1913 1443 1946; x_wconf 80' lang='lat' dir='ltr'>beatorum</span> <span class='ocrx_word' id='word_1_438' title='bbox 1469 1914 1692 1957; x_wconf 87' lang='lat' dir='ltr'>apostolorum</span> <span class='ocrx_word' id='word_1_439' title='bbox 1723 1925 1853 1958; x_wconf 85' lang='lat' dir='ltr'>praece-</span> 
     </span>
     <span class='ocr_line' id='line_1_87' title="bbox 1095 1967 1852 2010; baseline 0.004 -11"><span class='ocrx_word' id='word_1_440' title='bbox 1095 1967 1171 2010; x_wconf 84' lang='lat' dir='ltr'>ptis,</span> <span class='ocrx_word' id='word_1_441' title='bbox 1193 1977 1230 1999; x_wconf 89' lang='lat' dir='ltr'>ac</span> <span class='ocrx_word' id='word_1_442' title='bbox 1251 1967 1346 2000; x_wconf 91' lang='lat' dir='ltr'>simul</span> <span class='ocrx_word' id='word_1_443' title='bbox 1376 1971 1562 2000; x_wconf 80' lang='lat' dir='ltr'>sanctorum</span> <span class='ocrx_word' id='word_1_444' title='bbox 1592 1967 1723 2000; x_wconf 84' lang='lat' dir='ltr'>Patrum</span> <span class='ocrx_word' id='word_1_445' title='bbox 1751 1974 1852 2002; x_wconf 88' lang='lat' dir='ltr'>statu-</span> 
     </span>
     <span class='ocr_line' id='line_1_88' title="bbox 1095 2020 1598 2064; baseline 0 -11"><span class='ocrx_word' id='word_1_446' title='bbox 1095 2021 1134 2053; x_wconf 85' lang='lat' dir='ltr'>tis</span> <span class='ocrx_word' id='word_1_447' title='bbox 1152 2020 1339 2064; x_wconf 86' lang='lat' dir='ltr'>saepissime</span> <span class='ocrx_word' id='word_1_448' title='bbox 1363 2020 1518 2054; x_wconf 79' lang='lat' dir='ltr'>traditum</span> <span class='ocrx_word' id='word_1_449' title='bbox 1540 2027 1598 2054; x_wconf 87' lang='lat' dir='ltr'>est.</span> 
     </span>
    </p>

    <p class='ocr_par' dir='ltr' id='par_1_21' title="bbox 1094 2074 1855 2682">
     <span class='ocr_line' id='line_1_89' title="bbox 1140 2074 1853 2118; baseline 0.004 -12"><span class='ocrx_word' id='word_1_450' title='bbox 1140 2075 1154 2117; x_wconf 63' lang='grc' dir='ltr'><strong>ἓ</strong></span> <span class='ocrx_word' id='word_1_451' title='bbox 1180 2074 1210 2107; x_wconf 78' lang='grc'>’1.</span> <span class='ocrx_word' id='word_1_452' title='bbox 1239 2074 1343 2114; x_wconf 84' lang='lat' dir='ltr'>Quare</span> <span class='ocrx_word' id='word_1_453' title='bbox 1365 2084 1434 2115; x_wconf 87' lang='lat' dir='ltr'>nos,</span> <span class='ocrx_word' id='word_1_454' title='bbox 1459 2085 1518 2118; x_wconf 85' lang='lat' dir='ltr'>pro</span> <span class='ocrx_word' id='word_1_455' title='bbox 1545 2084 1582 2107; x_wconf 86' lang='lat' dir='ltr'>ea</span> <span class='ocrx_word' id='word_1_456' title='bbox 1607 2084 1690 2118; x_wconf 89' lang='lat' dir='ltr'>quae</span> <span class='ocrx_word' id='word_1_457' title='bbox 1711 2076 1807 2109; x_wconf 84' lang='lat' dir='ltr'>nohis</span> <span class='ocrx_word' id='word_1_458' title='bbox 1836 2087 1853 2109; x_wconf 88' lang='lat' dir='ltr'>a</span> 
     </span>
     <span class='ocr_line' id='line_1_90' title="bbox 1094 2127 1855 2163; baseline 0.004 -3"><span class='ocrx_word' id='word_1_459' title='bbox 1094 2127 1232 2161; x_wconf 89' lang='lat' dir='ltr'>Domino</span> <span class='ocrx_word' id='word_1_460' title='bbox 1263 2127 1409 2161; x_wconf 87' lang='lat' dir='ltr'>iniuncta</span> <span class='ocrx_word' id='word_1_461' title='bbox 1443 2134 1490 2161; x_wconf 87' lang='lat' dir='ltr'>cst</span> <span class='ocrx_word' id='word_1_462' title='bbox 1523 2133 1715 2161; x_wconf 87' lang='lat' dir='ltr'>cunctarum</span> <span class='ocrx_word' id='word_1_463' title='bbox 1751 2130 1855 2163; x_wconf 83' lang='lat' dir='ltr'>eecle-</span> 
     </span>
     <span class='ocr_line' id='line_1_91' title="bbox 1094 2181 1852 2226; baseline 0.003 -12"><span class='ocrx_word' id='word_1_464' title='bbox 1094 2181 1216 2214; x_wconf 86' lang='lat' dir='ltr'>siarum</span> <span class='ocrx_word' id='word_1_465' title='bbox 1236 2192 1314 2214; x_wconf 83' lang='lat' dir='ltr'>eura</span> <span class='ocrx_word' id='word_1_466' title='bbox 1329 2187 1360 2214; x_wconf 84' lang='lat' dir='ltr'>et</span> <span class='ocrx_word' id='word_1_467' title='bbox 1379 2181 1613 2222; x_wconf 82' lang='lat' dir='ltr'>sollicitudine,</span> <span class='ocrx_word' id='word_1_468' title='bbox 1637 2182 1723 2225; x_wconf 85' lang='lat' dir='ltr'>ipsos</span> <span class='ocrx_word' id='word_1_469' title='bbox 1744 2189 1852 2226; x_wconf 84' lang='lat' dir='ltr'>pasto-</span> 
     </span>
     <span class='ocr_line' id='line_1_92' title="bbox 1095 2235 1851 2279; baseline 0.003 -12"><span class='ocrx_word' id='word_1_470' title='bbox 1095 2246 1145 2268; x_wconf 84' lang='lat' dir='ltr'>res</span> <span class='ocrx_word' id='word_1_471' title='bbox 1179 2241 1208 2268; x_wconf 87' lang='lat' dir='ltr'>et</span> <span class='ocrx_word' id='word_1_472' title='bbox 1244 2235 1411 2278; x_wconf 87' lang='lat' dir='ltr'>praesules</span> <span class='ocrx_word' id='word_1_473' title='bbox 1447 2235 1673 2275; x_wconf 81' lang='lat' dir='ltr'>ecclesiarum,</span> <span class='ocrx_word' id='word_1_474' title='bbox 1711 2247 1851 2279; x_wconf 85' lang='lat' dir='ltr'>quorum</span> 
     </span>
     <span class='ocr_line' id='line_1_93' title="bbox 1095 2289 1853 2332; baseline 0.005 -12"><span class='ocrx_word' id='word_1_475' title='bbox 1095 2289 1267 2332; x_wconf 87' lang='lat' dir='ltr'>proprium</span> <span class='ocrx_word' id='word_1_476' title='bbox 1298 2299 1418 2321; x_wconf 88' lang='lat' dir='ltr'>munus</span> <span class='ocrx_word' id='word_1_477' title='bbox 1446 2294 1494 2321; x_wconf 88' lang='lat' dir='ltr'>cst</span> <span class='ocrx_word' id='word_1_478' title='bbox 1532 2299 1688 2332; x_wconf 84' lang='lat' dir='ltr'>personas</span> <span class='ocrx_word' id='word_1_479' title='bbox 1720 2289 1853 2324; x_wconf 86' lang='lat' dir='ltr'>idoneas</span> 
     </span>
     <span class='ocr_line' id='line_1_94' title="bbox 1095 2341 1851 2383; baseline 0.004 -9"><span class='ocrx_word' id='word_1_480' title='bbox 1095 2341 1238 2375; x_wconf 81' lang='lat' dir='ltr'>clericali</span> <span class='ocrx_word' id='word_1_481' title='bbox 1259 2342 1394 2374; x_wconf 85' lang='lat' dir='ltr'>militiae</span> <span class='ocrx_word' id='word_1_482' title='bbox 1416 2341 1612 2383; x_wconf 86' lang='lat' dir='ltr'>adscribere,</span> <span class='ocrx_word' id='word_1_483' title='bbox 1635 2349 1663 2376; x_wconf 89' lang='lat' dir='ltr'>et</span> <span class='ocrx_word' id='word_1_484' title='bbox 1685 2343 1725 2376; x_wconf 90' lang='lat' dir='ltr'>ad</span> <span class='ocrx_word' id='word_1_485' title='bbox 1746 2344 1851 2377; x_wconf 89' lang='lat' dir='ltr'>mino-</span> 
     </span>
     <span class='ocr_line' id='line_1_95' title="bbox 1095 2395 1849 2439; baseline 0.004 -12"><span class='ocrx_word' id='word_1_486' title='bbox 1095 2406 1146 2428; x_wconf 86' lang='lat' dir='ltr'>res</span> <span class='ocrx_word' id='word_1_487' title='bbox 1166 2395 1371 2439; x_wconf 85' lang='lat' dir='ltr'>maioresque</span> <span class='ocrx_word' id='word_1_488' title='bbox 1396 2395 1526 2429; x_wconf 89' lang='lat' dir='ltr'>ordines</span> <span class='ocrx_word' id='word_1_489' title='bbox 1554 2396 1613 2429; x_wconf 89' lang='lat' dir='ltr'>rite</span> <span class='ocrx_word' id='word_1_490' title='bbox 1647 2407 1849 2439; x_wconf 80' lang='lat' dir='ltr'>promovere,</span> 
     </span>
     <span class='ocr_line' id='line_1_96' title="bbox 1095 2443 1852 2478; baseline 0.003 -2"><span class='ocrx_word' id='word_1_491' title='bbox 1095 2443 1287 2476; x_wconf 69' lang='lat' dir='ltr'>auctoritate</span> <span class='ocrx_word' id='word_1_492' title='bbox 1313 2450 1420 2476; x_wconf 88' lang='lat' dir='ltr'>nostra</span> <span class='ocrx_word' id='word_1_493' title='bbox 1449 2444 1601 2477; x_wconf 80' lang='lat' dir='ltr'>duximus</span> <span class='ocrx_word' id='word_1_494' title='bbox 1630 2445 1852 2478; x_wconf 85' lang='lat' dir='ltr'>admonendos</span> 
     </span>
     <span class='ocr_line' id='line_1_97' title="bbox 1095 2493 1852 2537; baseline 0.003 -12"><span class='ocrx_word' id='word_1_495' title='bbox 1095 2499 1130 2525; x_wconf 90' lang='lat' dir='ltr'>ut.</span> <span class='ocrx_word' id='word_1_496' title='bbox 1152 2493 1183 2525; x_wconf 90' lang='lat' dir='ltr'>in</span> <span class='ocrx_word' id='word_1_497' title='bbox 1204 2493 1393 2536; x_wconf 85' lang='lat' dir='ltr'>exequendo</span> <span class='ocrx_word' id='word_1_498' title='bbox 1415 2493 1475 2526; x_wconf 81' lang='lat' dir='ltr'>liae</span> <span class='ocrx_word' id='word_1_499' title='bbox 1496 2493 1529 2526; x_wconf 90' lang='lat' dir='ltr'>in</span> <span class='ocrx_word' id='word_1_500' title='bbox 1550 2499 1640 2537; x_wconf 82' lang='lat' dir='ltr'>parte</span> <span class='ocrx_word' id='word_1_501' title='bbox 1661 2505 1720 2527; x_wconf 90' lang='lat' dir='ltr'>suo</span> <span class='ocrx_word' id='word_1_502' title='bbox 1747 2500 1852 2537; x_wconf 83' lang='lat' dir='ltr'>pasto-</span> 
     </span>
     <span class='ocr_line' id='line_1_98' title="bbox 1096 2542 1849 2586; baseline 0.001 -12"><span class='ocrx_word' id='word_1_503' title='bbox 1096 2542 1153 2574; x_wconf 86' lang='lat' dir='ltr'>rali</span> <span class='ocrx_word' id='word_1_504' title='bbox 1176 2542 1283 2575; x_wconf 65' lang='lat' dir='ltr'>officio</span> <span class='ocrx_word' id='word_1_505' title='bbox 1302 2543 1456 2575; x_wconf 88' lang='lat' dir='ltr'>attentius</span> <span class='ocrx_word' id='word_1_506' title='bbox 1484 2548 1556 2586; x_wconf 85' lang='lat' dir='ltr'>post</span> <span class='ocrx_word' id='word_1_507' title='bbox 1583 2543 1644 2575; x_wconf 83' lang='lat' dir='ltr'>liae</span> <span class='ocrx_word' id='word_1_508' title='bbox 1671 2543 1849 2585; x_wconf 74' lang='lat' dir='ltr'>invigilent,</span> 
     </span>
     <span class='ocr_line' id='line_1_99' title="bbox 1096 2591 1851 2636; baseline 0.001 -13"><span class='ocrx_word' id='word_1_509' title='bbox 1096 2591 1269 2625; x_wconf 82' lang='lat' dir='ltr'>canonicas</span> <span class='ocrx_word' id='word_1_510' title='bbox 1289 2591 1484 2632; x_wconf 86' lang='lat' dir='ltr'>sanctiones,</span> <span class='ocrx_word' id='word_1_511' title='bbox 1507 2598 1540 2624; x_wconf 90' lang='lat' dir='ltr'>ut</span> <span class='ocrx_word' id='word_1_512' title='bbox 1573 2602 1631 2636; x_wconf 87' lang='lat' dir='ltr'>par</span> <span class='ocrx_word' id='word_1_513' title='bbox 1656 2597 1718 2631; x_wconf 85' lang='lat' dir='ltr'>est,</span> <span class='ocrx_word' id='word_1_514' title='bbox 1743 2591 1851 2624; x_wconf 83' lang='lat' dir='ltr'>obser-</span> 
     </span>
     <span class='ocr_line' id='line_1_100' title="bbox 1095 2640 1850 2682; baseline 0 -8"><span class='ocrx_word' id='word_1_515' title='bbox 1095 2646 1181 2682; x_wconf 81' lang='lat' dir='ltr'>vent,</span> <span class='ocrx_word' id='word_1_516' title='bbox 1204 2651 1241 2674; x_wconf 82' lang='lat' dir='ltr'>ae</span> <span class='ocrx_word' id='word_1_517' title='bbox 1271 2645 1307 2674; x_wconf 88' lang='lat' dir='ltr'>ut</span> <span class='ocrx_word' id='word_1_518' title='bbox 1326 2640 1448 2675; x_wconf 90' lang='lat' dir='ltr'>nemini</span> <span class='ocrx_word' id='word_1_519' title='bbox 1475 2640 1570 2675; x_wconf 85' lang='lat' dir='ltr'>detur</span> <span class='ocrx_word' id='word_1_520' title='bbox 1589 2640 1778 2675; x_wconf 82' lang='lat' dir='ltr'>offensionis</span> <span class='ocrx_word' id='word_1_521' title='bbox 1798 2651 1850 2674; x_wconf 83' lang='lat' dir='ltr'>oc-</span> 
     </span>
    </p>
   </div>
   <div class='ocr_carea' id='block_1_16' title="bbox 1764 252 2049 288">
    <p class='ocr_par' dir='ltr' id='par_1_22' title="bbox 1764 252 2049 288">
     <span class='ocr_line' id='line_1_101' title="bbox 1764 252 2049 288; baseline 0.011 -3"><span class='ocrx_word' id='word_1_522' title='bbox 1764 252 1806 286; x_wconf 80' lang='lat'>63</span> <span class='ocrx_word' id='word_1_523' title='bbox 1866 260 1918 288; x_wconf 75' lang='lat' dir='ltr'>An.</span> <span class='ocrx_word' id='word_1_524' title='bbox 1935 259 1964 288; x_wconf 85' lang='lat' dir='ltr'>c.</span> <span class='ocrx_word' id='word_1_525' title='bbox 1982 261 2049 288; x_wconf 74' lang='lat'>1589</span> 
     </span>
    </p>
   </div>
   <div class='ocr_carea' id='block_1_17' title="bbox 1867 2088 2050 2140">
    <p class='ocr_par' dir='ltr' id='par_1_23' title="bbox 1867 2088 2050 2140">
     <span class='ocr_line' id='line_1_102' title="bbox 1894 2088 2050 2109; baseline 0.013 -2"><span class='ocrx_word' id='word_1_526' title='bbox 1894 2088 1961 2109; x_wconf 73' lang='lat' dir='ltr'>Causa</span> <span class='ocrx_word' id='word_1_527' title='bbox 1990 2089 2050 2109; x_wconf 71' lang='lat' dir='ltr'>huius</span> 
     </span>
     <span class='ocr_line' id='line_1_103' title="bbox 1867 2120 2037 2140; baseline 0 -1"><span class='ocrx_word' id='word_1_528' title='bbox 1867 2120 2037 2140; x_wconf 60' lang='lat' dir='ltr'>constitutionis.</span> 
     </span>
    </p>
   </div>
  </div>
 </body>
</html>
