<?xml version="1.0" encoding="UTF-8"?>
<!DOCTYPE html PUBLIC "-//W3C//DTD XHTML 1.0 Transitional//EN"
    "http://www.w3.org/TR/xhtml1/DTD/xhtml1-transitional.dtd">
<html xmlns="http://www.w3.org/1999/xhtml" xml:lang="en" lang="en">
 <head>
  <title>
</title>
<meta http-equiv="Content-Type" content="text/html;charset=utf-8" />
  <meta name='ocr-system' content='tesseract 3.04.00' />
  <meta name='ocr-capabilities' content='ocr_page ocr_carea ocr_par ocr_line ocrx_word'/>
</head>
<body>
  <div class='ocr_page' id='page_1' title='image "./bullarumdiplomat09cath_0526.png"; bbox 0 0 2226 3070; ppageno 0'>
   <div class='ocr_carea' id='block_1_1' title="bbox 264 289 445 317">
    <p class='ocr_par' dir='ltr' id='par_1_1' title="bbox 264 289 445 317">
     <span class='ocr_line' id='line_1_1' title="bbox 264 289 445 317; baseline 0 -1"><span class='ocrx_word' id='word_1_1' title='bbox 264 290 314 317; x_wconf 79' lang='lat' dir='ltr'>An.</span> <span class='ocrx_word' id='word_1_2' title='bbox 336 290 365 317; x_wconf 88' lang='lat' dir='ltr'>C.</span> <span class='ocrx_word' id='word_1_3' title='bbox 385 289 445 316; x_wconf 80' lang='lat'>1591</span> 
     </span>
    </p>
   </div>
   <div class='ocr_carea' id='block_1_2' title="bbox 264 348 451 502">
    <p class='ocr_par' dir='ltr' id='par_1_2' title="bbox 264 348 451 502">
     <span class='ocr_line' id='line_1_2' title="bbox 292 348 451 368; baseline -0.006 0"><span class='ocrx_word' id='word_1_4' title='bbox 292 348 358 368; x_wconf 83' lang='lat' dir='ltr'>Priori</span> <span class='ocrx_word' id='word_1_5' title='bbox 371 350 389 367; x_wconf 73' lang='lat' dir='ltr'>ct</span> <span class='ocrx_word' id='word_1_6' title='bbox 406 354 451 367; x_wconf 49' lang='lat' dir='ltr'>cre*</span> 
     </span>
     <span class='ocr_line' id='line_1_3' title="bbox 265 375 450 394; baseline -0.005 0"><span class='ocrx_word' id='word_1_7' title='bbox 265 375 321 394; x_wconf 66' lang='lat' dir='ltr'>miti&lt;</span> <span class='ocrx_word' id='word_1_8' title='bbox 342 375 450 394; x_wconf 67' lang='lat' dir='ltr'>(himaldu-</span> 
     </span>
     <span class='ocr_line' id='line_1_4' title="bbox 264 402 450 421; baseline -0.005 0"><span class='ocrx_word' id='word_1_9' title='bbox 264 402 328 421; x_wconf 70' lang='lat' dir='ltr'>lcusis</span> <span class='ocrx_word' id='word_1_10' title='bbox 338 402 406 420; x_wconf 72' lang='lat' dir='ltr'>sunnia</span> <span class='ocrx_word' id='word_1_11' title='bbox 421 407 450 420; x_wconf 83' lang='lat' dir='ltr'>in·</span> 
     </span>
     <span class='ocr_line' id='line_1_5' title="bbox 266 427 449 447; baseline -0.005 0"><span class='ocrx_word' id='word_1_12' title='bbox 266 428 323 447; x_wconf 75' lang='lat' dir='ltr'>dulta</span> <span class='ocrx_word' id='word_1_13' title='bbox 345 433 408 447; x_wconf 79' lang='lat' dir='ltr'>eremi</span> <span class='ocrx_word' id='word_1_14' title='bbox 429 427 449 446; x_wconf 79' lang='lat' dir='ltr'>S.</span> 
     </span>
     <span class='ocr_line' id='line_1_6' title="bbox 265 454 450 474; baseline -0.005 0"><span class='ocrx_word' id='word_1_15' title='bbox 265 454 287 474; x_wconf 79' lang='lat' dir='ltr'>R·</span> <span class='ocrx_word' id='word_1_16' title='bbox 298 454 374 473; x_wconf 67' lang='lat' dir='ltr'>inualtli</span> <span class='ocrx_word' id='word_1_17' title='bbox 395 460 411 471; x_wconf 65' lang='lat' dir='ltr'>ri</span> <span class='ocrx_word' id='word_1_18' title='bbox 422 459 450 473; x_wconf 91' lang='lat' dir='ltr'>m·</span> 
     </span>
     <span class='ocr_line' id='line_1_7' title="bbox 265 482 406 502; baseline -0.007 -2"><span class='ocrx_word' id='word_1_19' title='bbox 265 482 406 502; x_wconf 64' lang='lat' dir='ltr'>imunt-arunt,</span> 
     </span>
    </p>
   </div>
   <div class='ocr_carea' id='block_1_3' title="bbox 264 980 448 1133">
    <p class='ocr_par' dir='ltr' id='par_1_3' title="bbox 264 980 448 1133">
     <span class='ocr_line' id='line_1_8' title="bbox 291 980 447 1006; baseline -0.006 -5"><span class='ocrx_word' id='word_1_20' title='bbox 291 980 401 1006; x_wconf 68' lang='lat' dir='ltr'>Dubiaque</span> <span class='ocrx_word' id='word_1_21' title='bbox 413 981 447 1000; x_wconf 77' lang='lat' dir='ltr'>dc-</span> 
     </span>
     <span class='ocr_line' id='line_1_9' title="bbox 264 1007 448 1033; baseline -0.005 -6"><span class='ocrx_word' id='word_1_22' title='bbox 264 1014 326 1033; x_wconf 64' lang='lat' dir='ltr'>supei·</span> <span class='ocrx_word' id='word_1_23' title='bbox 359 1007 448 1027; x_wconf 69' lang='lat' dir='ltr'>oruuula</span> 
     </span>
     <span class='ocr_line' id='line_1_10' title="bbox 264 1035 448 1054; baseline -0.005 0"><span class='ocrx_word' id='word_1_24' title='bbox 264 1035 284 1054; x_wconf 87' lang='lat' dir='ltr'>iu</span> <span class='ocrx_word' id='word_1_25' title='bbox 300 1035 448 1054; x_wconf 64' lang='lat' dir='ltr'>taini-emron-</span> 
     </span>
     <span class='ocr_line' id='line_1_11' title="bbox 264 1061 448 1086; baseline 0 -6"><span class='ocrx_word' id='word_1_26' title='bbox 264 1063 390 1086; x_wconf 61' lang='lat' dir='ltr'>fflegatwms</span> <span class='ocrx_word' id='word_1_27' title='bbox 419 1061 448 1080; x_wconf 80' lang='lat' dir='ltr'>ir.-</span> 
     </span>
     <span class='ocr_line' id='line_1_12' title="bbox 264 1087 447 1112; baseline -0.005 -5"><span class='ocrx_word' id='word_1_28' title='bbox 264 1089 376 1112; x_wconf 73' lang='lat' dir='ltr'>tcrprctari</span> <span class='ocrx_word' id='word_1_29' title='bbox 412 1087 447 1107; x_wconf 70' lang='lat' dir='ltr'>tle·</span> 
     </span>
     <span class='ocr_line' id='line_1_13' title="bbox 264 1115 373 1133; baseline 0 0"><span class='ocrx_word' id='word_1_30' title='bbox 264 1119 308 1133; x_wconf 69' lang='lat' dir='ltr'>eret</span> <span class='ocrx_word' id='word_1_31' title='bbox 316 1115 373 1133; x_wconf 74' lang='lat' dir='ltr'>eruut</span> 
     </span>
    </p>
   </div>
   <div class='ocr_carea' id='block_1_4' title="bbox 263 1513 447 1614">
    <p class='ocr_par' dir='ltr' id='par_1_4' title="bbox 278 1513 446 1533">
     <span class='ocr_line' id='line_1_14' title="bbox 278 1513 446 1533; baseline 0.006 -1"><span class='ocrx_word' id='word_1_32' title='bbox 278 1513 314 1532; x_wconf 83' lang='lat' dir='ltr'>liu·</span> <span class='ocrx_word' id='word_1_33' title='bbox 323 1513 384 1533; x_wconf 76' lang='lat' dir='ltr'>modo</span> <span class='ocrx_word' id='word_1_34' title='bbox 395 1513 446 1533; x_wconf 59' lang='lat' dir='ltr'>tnui-</span> 
     </span>
    </p>

    <p class='ocr_par' dir='ltr' id='par_1_5' title="bbox 263 1540 447 1614">
     <span class='ocr_line' id='line_1_15' title="bbox 263 1540 447 1566; baseline 0 -7"><span class='ocrx_word' id='word_1_35' title='bbox 263 1540 311 1559; x_wconf 79' lang='lat' dir='ltr'>tisex</span> <span class='ocrx_word' id='word_1_36' title='bbox 338 1540 447 1566; x_wconf 75' lang='lat' dir='ltr'>praedicta</span> 
     </span>
     <span class='ocr_line' id='line_1_16' title="bbox 264 1566 447 1586; baseline 0.005 -1"><span class='ocrx_word' id='word_1_37' title='bbox 264 1566 331 1586; x_wconf 81' lang='lat' dir='ltr'>onmia</span> <span class='ocrx_word' id='word_1_38' title='bbox 374 1566 447 1586; x_wconf 72' lang='lat' dir='ltr'>conth-</span> 
     </span>
     <span class='ocr_line' id='line_1_17' title="bbox 263 1596 313 1614; baseline -0.02 0"><span class='ocrx_word' id='word_1_39' title='bbox 263 1596 313 1614; x_wconf 77' lang='lat' dir='ltr'>tuat.</span> 
     </span>
    </p>
   </div>
   <div class='ocr_carea' id='block_1_5' title="bbox 496 278 559 314">
    <p class='ocr_par' dir='ltr' id='par_1_6' title="bbox 496 278 559 314">
     <span class='ocr_line' id='line_1_18' title="bbox 496 278 559 314; baseline 0.016 -1"><span class='ocrx_word' id='word_1_40' title='bbox 496 278 559 314; x_wconf 70' lang='lat'>498</span> 
     </span>
    </p>
   </div>
   <div class='ocr_carea' id='block_1_6' title="bbox 461 337 1209 2728">
    <p class='ocr_par' dir='ltr' id='par_1_7' title="bbox 462 337 1209 911">
     <span class='ocr_line' id='line_1_19' title="bbox 467 337 1209 382; baseline -0.004 -11"><span class='ocrx_word' id='word_1_41' title='bbox 467 338 664 375; x_wconf 78' lang='lat' dir='ltr'>huiusmodi.</span> <span class='ocrx_word' id='word_1_42' title='bbox 686 339 772 382; x_wconf 86' lang='lat' dir='ltr'>quod</span> <span class='ocrx_word' id='word_1_43' title='bbox 793 338 981 371; x_wconf 89' lang='lat' dir='ltr'>omnibuset</span> <span class='ocrx_word' id='word_1_44' title='bbox 1000 337 1132 378; x_wconf 79' lang='lat' dir='ltr'>singulis</span> <span class='ocrx_word' id='word_1_45' title='bbox 1146 337 1209 380; x_wconf 92' lang='lat' dir='ltr'>pri-</span> 
     </span>
     <span class='ocr_line' id='line_1_20' title="bbox 465 390 1208 434; baseline -0.003 -10"><span class='ocrx_word' id='word_1_46' title='bbox 465 392 597 434; x_wconf 79' lang='lat' dir='ltr'>vilegiis,</span> <span class='ocrx_word' id='word_1_47' title='bbox 630 392 771 429; x_wconf 77' lang='lat' dir='ltr'>indultis,</span> <span class='ocrx_word' id='word_1_48' title='bbox 796 390 1066 429; x_wconf 73' lang='lat' dir='ltr'>concessionibus,</span> <span class='ocrx_word' id='word_1_49' title='bbox 1102 390 1208 423; x_wconf 89' lang='lat' dir='ltr'>indul-</span> 
     </span>
     <span class='ocr_line' id='line_1_21' title="bbox 465 443 1203 487; baseline -0.003 -10"><span class='ocrx_word' id='word_1_50' title='bbox 465 445 580 487; x_wconf 77' lang='lat' dir='ltr'>gentiis</span> <span class='ocrx_word' id='word_1_51' title='bbox 605 451 631 477; x_wconf 89' lang='lat' dir='ltr'>et</span> <span class='ocrx_word' id='word_1_52' title='bbox 663 444 781 486; x_wconf 78' lang='lat' dir='ltr'>gratiis,</span> <span class='ocrx_word' id='word_1_53' title='bbox 807 443 948 476; x_wconf 84' lang='lat' dir='ltr'>eremitis</span> <span class='ocrx_word' id='word_1_54' title='bbox 968 444 997 475; x_wconf 73' lang='lat' dir='ltr'>S.</span> <span class='ocrx_word' id='word_1_55' title='bbox 1023 443 1203 481; x_wconf 81' lang='lat' dir='ltr'>Romualdi,</span> 
     </span>
     <span class='ocr_line' id='line_1_22' title="bbox 465 496 1207 539; baseline -0.003 -9"><span class='ocrx_word' id='word_1_56' title='bbox 465 498 542 530; x_wconf 86' lang='lat' dir='ltr'>alias</span> <span class='ocrx_word' id='word_1_57' title='bbox 560 498 598 530; x_wconf 88' lang='lat' dir='ltr'>de</span> <span class='ocrx_word' id='word_1_58' title='bbox 618 497 773 533; x_wconf 79' lang='lat' dir='ltr'>Massalio,</span> <span class='ocrx_word' id='word_1_59' title='bbox 799 496 828 528; x_wconf 91' lang='lat' dir='ltr'>in</span> <span class='ocrx_word' id='word_1_60' title='bbox 857 507 973 536; x_wconf 81' lang='lat' dir='ltr'>genere</span> <span class='ocrx_word' id='word_1_61' title='bbox 1003 496 1207 539; x_wconf 87' lang='lat' dir='ltr'>quomodoli-</span> 
     </span>
     <span class='ocr_line' id='line_1_23' title="bbox 463 550 1206 593; baseline -0.001 -10"><span class='ocrx_word' id='word_1_62' title='bbox 463 551 513 583; x_wconf 89' lang='lat' dir='ltr'>bet</span> <span class='ocrx_word' id='word_1_63' title='bbox 536 551 705 587; x_wconf 83' lang='lat' dir='ltr'>concessis,</span> <span class='ocrx_word' id='word_1_64' title='bbox 729 550 914 593; x_wconf 86' lang='lat' dir='ltr'>approbatis</span> <span class='ocrx_word' id='word_1_65' title='bbox 935 556 963 582; x_wconf 88' lang='lat' dir='ltr'>et</span> <span class='ocrx_word' id='word_1_66' title='bbox 987 550 1154 587; x_wconf 79' lang='lat' dir='ltr'>innovatis,</span> <span class='ocrx_word' id='word_1_67' title='bbox 1171 561 1206 582; x_wconf 88' lang='lat' dir='ltr'>ac</span> 
     </span>
     <span class='ocr_line' id='line_1_24' title="bbox 464 603 1203 648; baseline -0.003 -11"><span class='ocrx_word' id='word_1_68' title='bbox 464 605 578 648; x_wconf 85' lang='lat' dir='ltr'>quibus</span> <span class='ocrx_word' id='word_1_69' title='bbox 607 604 758 636; x_wconf 85' lang='lat' dir='ltr'>eremitae</span> <span class='ocrx_word' id='word_1_70' title='bbox 787 603 1045 645; x_wconf 80' lang='lat' dir='ltr'>congregationis</span> <span class='ocrx_word' id='word_1_71' title='bbox 1073 604 1102 636; x_wconf 83' lang='lat' dir='ltr'>S.</span> <span class='ocrx_word' id='word_1_72' title='bbox 1138 604 1203 636; x_wconf 87' lang='lat' dir='ltr'>Ro-</span> 
     </span>
     <span class='ocr_line' id='line_1_25' title="bbox 464 656 1207 700; baseline 0 -11"><span class='ocrx_word' id='word_1_73' title='bbox 464 657 583 689; x_wconf 86' lang='lat' dir='ltr'>mualdi</span> <span class='ocrx_word' id='word_1_74' title='bbox 612 656 795 688; x_wconf 86' lang='lat' dir='ltr'>huiusmodi</span> <span class='ocrx_word' id='word_1_75' title='bbox 822 656 1005 693; x_wconf 83' lang='lat' dir='ltr'>utebantur,</span> <span class='ocrx_word' id='word_1_76' title='bbox 1040 657 1207 700; x_wconf 86' lang='lat' dir='ltr'>potieban-</span> 
     </span>
     <span class='ocr_line' id='line_1_26' title="bbox 465 709 1205 753; baseline 0.001 -11"><span class='ocrx_word' id='word_1_77' title='bbox 465 717 515 742; x_wconf 94' lang='lat' dir='ltr'>tur</span> <span class='ocrx_word' id='word_1_78' title='bbox 535 716 561 742; x_wconf 84' lang='lat' dir='ltr'>et</span> <span class='ocrx_word' id='word_1_79' title='bbox 585 709 778 749; x_wconf 74' lang='lat' dir='ltr'>gaudebant,</span> <span class='ocrx_word' id='word_1_80' title='bbox 803 720 838 741; x_wconf 85' lang='lat' dir='ltr'>ac</span> <span class='ocrx_word' id='word_1_81' title='bbox 860 709 916 749; x_wconf 87' lang='lat' dir='ltr'>uti,</span> <span class='ocrx_word' id='word_1_82' title='bbox 948 709 1043 753; x_wconf 89' lang='lat' dir='ltr'>potiri</span> <span class='ocrx_word' id='word_1_83' title='bbox 1074 715 1101 742; x_wconf 93' lang='lat' dir='ltr'>et</span> <span class='ocrx_word' id='word_1_84' title='bbox 1127 721 1205 752; x_wconf 85' lang='lat' dir='ltr'>gau-</span> 
     </span>
     <span class='ocr_line' id='line_1_27' title="bbox 463 762 1204 805; baseline 0 -10"><span class='ocrx_word' id='word_1_85' title='bbox 463 763 538 795; x_wconf 86' lang='lat' dir='ltr'>dere</span> <span class='ocrx_word' id='word_1_86' title='bbox 559 768 706 805; x_wconf 86' lang='lat' dir='ltr'>poterant</span> <span class='ocrx_word' id='word_1_87' title='bbox 727 762 972 804; x_wconf 74' lang='lat' dir='ltr'>quomodolibet</span> <span class='ocrx_word' id='word_1_88' title='bbox 1003 762 1032 794; x_wconf 90' lang='lat' dir='ltr'>in</span> <span class='ocrx_word' id='word_1_89' title='bbox 1064 763 1204 795; x_wconf 81' lang='lat' dir='ltr'>futurum</span> 
     </span>
     <span class='ocr_line' id='line_1_28' title="bbox 462 815 1206 859; baseline 0.003 -12"><span class='ocrx_word' id='word_1_90' title='bbox 462 816 529 855; x_wconf 82' lang='lat' dir='ltr'>uti,</span> <span class='ocrx_word' id='word_1_91' title='bbox 565 815 704 856; x_wconf 77' lang='lat' dir='ltr'>gaudere</span> <span class='ocrx_word' id='word_1_92' title='bbox 736 821 763 848; x_wconf 90' lang='lat' dir='ltr'>et</span> <span class='ocrx_word' id='word_1_93' title='bbox 796 815 889 859; x_wconf 89' lang='lat' dir='ltr'>potiri</span> <span class='ocrx_word' id='word_1_94' title='bbox 926 815 1026 848; x_wconf 87' lang='lat' dir='ltr'>libere</span> <span class='ocrx_word' id='word_1_95' title='bbox 1062 822 1088 848; x_wconf 91' lang='lat' dir='ltr'>et</span> <span class='ocrx_word' id='word_1_96' title='bbox 1123 817 1206 849; x_wconf 82' lang='lat' dir='ltr'>licite</span> 
     </span>
     <span class='ocr_line' id='line_1_29' title="bbox 462 874 601 911; baseline 0 -10"><span class='ocrx_word' id='word_1_97' title='bbox 462 874 601 911; x_wconf 88' lang='lat' dir='ltr'>possent.</span> 
     </span>
    </p>

    <p class='ocr_par' dir='ltr' id='par_1_8' title="bbox 462 921 1206 1447">
     <span class='ocr_line' id='line_1_30' title="bbox 508 921 1206 966; baseline 0 -12"><span class='ocrx_word' id='word_1_98' title='bbox 508 923 523 963; x_wconf 95' lang='lat'><strong>3</strong></span> <span class='ocrx_word' id='word_1_99' title='bbox 543 921 572 954; x_wconf 84' lang='lat'>8.</span> <span class='ocrx_word' id='word_1_100' title='bbox 596 922 631 955; x_wconf 88' lang='lat' dir='ltr'>Et</span> <span class='ocrx_word' id='word_1_101' title='bbox 653 922 739 965; x_wconf 90' lang='lat' dir='ltr'>quod</span> <span class='ocrx_word' id='word_1_102' title='bbox 761 922 914 966; x_wconf 84' lang='lat' dir='ltr'>quiequid</span> <span class='ocrx_word' id='word_1_103' title='bbox 935 923 1023 955; x_wconf 89' lang='lat' dir='ltr'>dubii</span> <span class='ocrx_word' id='word_1_104' title='bbox 1051 922 1081 955; x_wconf 91' lang='lat' dir='ltr'>in</span> <span class='ocrx_word' id='word_1_105' title='bbox 1115 922 1206 955; x_wconf 85' lang='lat' dir='ltr'>dictis</span> 
     </span>
     <span class='ocr_line' id='line_1_31' title="bbox 463 975 1205 1018; baseline 0.003 -12"><span class='ocrx_word' id='word_1_106' title='bbox 463 975 648 1018; x_wconf 77' lang='lat' dir='ltr'>privilegiis,</span> <span class='ocrx_word' id='word_1_107' title='bbox 666 976 927 1009; x_wconf 68' lang='lat' dir='ltr'>concessionibus</span> <span class='ocrx_word' id='word_1_108' title='bbox 939 982 967 1009; x_wconf 91' lang='lat' dir='ltr'>et</span> <span class='ocrx_word' id='word_1_109' title='bbox 980 977 1088 1018; x_wconf 81' lang='lat' dir='ltr'>gratiis</span> <span class='ocrx_word' id='word_1_110' title='bbox 1101 987 1205 1010; x_wconf 88' lang='lat' dir='ltr'>emer-</span> 
     </span>
     <span class='ocr_line' id='line_1_32' title="bbox 464 1028 1204 1071; baseline 0.005 -11"><span class='ocrx_word' id='word_1_111' title='bbox 464 1028 549 1065; x_wconf 79' lang='lat' dir='ltr'>serit,</span> <span class='ocrx_word' id='word_1_112' title='bbox 573 1028 616 1066; x_wconf 84' lang='lat' dir='ltr'>id,</span> <span class='ocrx_word' id='word_1_113' title='bbox 641 1029 713 1061; x_wconf 87' lang='lat' dir='ltr'>data</span> <span class='ocrx_word' id='word_1_114' title='bbox 737 1030 909 1062; x_wconf 85' lang='lat' dir='ltr'>verborum</span> <span class='ocrx_word' id='word_1_115' title='bbox 935 1030 1143 1071; x_wconf 84' lang='lat' dir='ltr'>ambiguitate</span> <span class='ocrx_word' id='word_1_116' title='bbox 1169 1042 1204 1064; x_wconf 87' lang='lat' dir='ltr'>ac</span> 
     </span>
     <span class='ocr_line' id='line_1_33' title="bbox 464 1081 1205 1126; baseline 0.005 -13"><span class='ocrx_word' id='word_1_117' title='bbox 464 1081 541 1114; x_wconf 89' lang='lat' dir='ltr'>iuris</span> <span class='ocrx_word' id='word_1_118' title='bbox 562 1082 738 1125; x_wconf 90' lang='lat' dir='ltr'>peritorum</span> <span class='ocrx_word' id='word_1_119' title='bbox 760 1083 1033 1126; x_wconf 84' lang='lat' dir='ltr'>interpretatione,</span> <span class='ocrx_word' id='word_1_120' title='bbox 1059 1084 1088 1116; x_wconf 90' lang='lat' dir='ltr'>in</span> <span class='ocrx_word' id='word_1_121' title='bbox 1120 1085 1205 1117; x_wconf 85' lang='lat' dir='ltr'>l&#39;avo-</span> 
     </span>
     <span class='ocr_line' id='line_1_34' title="bbox 463 1136 1205 1181; baseline 0.007 -14"><span class='ocrx_word' id='word_1_122' title='bbox 463 1145 530 1167; x_wconf 95' lang='lat' dir='ltr'>rem</span> <span class='ocrx_word' id='word_1_123' title='bbox 553 1136 811 1178; x_wconf 78' lang='lat' dir='ltr'>congregationis</span> <span class='ocrx_word' id='word_1_124' title='bbox 832 1142 860 1168; x_wconf 83' lang='lat' dir='ltr'>et</span> <span class='ocrx_word' id='word_1_125' title='bbox 887 1137 1032 1169; x_wconf 89' lang='lat' dir='ltr'>locorum</span> <span class='ocrx_word' id='word_1_126' title='bbox 1066 1138 1205 1181; x_wconf 84' lang='lat' dir='ltr'>particu-</span> 
     </span>
     <span class='ocr_line' id='line_1_35' title="bbox 464 1188 1204 1232; baseline 0.005 -12"><span class='ocrx_word' id='word_1_127' title='bbox 464 1188 578 1221; x_wconf 81' lang='lat' dir='ltr'>larium</span> <span class='ocrx_word' id='word_1_128' title='bbox 598 1188 740 1221; x_wconf 85' lang='lat' dir='ltr'>eiusdem</span> <span class='ocrx_word' id='word_1_129' title='bbox 763 1188 964 1232; x_wconf 88' lang='lat' dir='ltr'>interpretari</span> <span class='ocrx_word' id='word_1_130' title='bbox 980 1191 1120 1229; x_wconf 73' lang='lat' dir='ltr'>deberet,</span> <span class='ocrx_word' id='word_1_131' title='bbox 1142 1198 1204 1225; x_wconf 83' lang='lat' dir='ltr'>sta-</span> 
     </span>
     <span class='ocr_line' id='line_1_36' title="bbox 465 1242 1205 1286; baseline 0.005 -13"><span class='ocrx_word' id='word_1_132' title='bbox 465 1247 593 1274; x_wconf 84' lang='lat' dir='ltr'>tuerunt</span> <span class='ocrx_word' id='word_1_133' title='bbox 614 1248 643 1274; x_wconf 89' lang='lat' dir='ltr'>et</span> <span class='ocrx_word' id='word_1_134' title='bbox 664 1242 864 1279; x_wconf 81' lang='lat' dir='ltr'>ordinarunt.</span> <span class='ocrx_word' id='word_1_135' title='bbox 888 1249 983 1286; x_wconf 90' lang='lat' dir='ltr'>prout</span> <span class='ocrx_word' id='word_1_136' title='bbox 1012 1244 1042 1276; x_wconf 91' lang='lat' dir='ltr'>in</span> <span class='ocrx_word' id='word_1_137' title='bbox 1075 1244 1205 1277; x_wconf 87' lang='lat' dir='ltr'>diversis</span> 
     </span>
     <span class='ocr_line' id='line_1_37' title="bbox 463 1295 1205 1341; baseline 0.007 -14"><span class='ocrx_word' id='word_1_138' title='bbox 463 1295 622 1327; x_wconf 89' lang='lat' dir='ltr'>dietorum</span> <span class='ocrx_word' id='word_1_139' title='bbox 644 1296 929 1339; x_wconf 85' lang='lat' dir='ltr'>praedeeessorum</span> <span class='ocrx_word' id='word_1_140' title='bbox 962 1298 1099 1341; x_wconf 87' lang='lat' dir='ltr'>desuper</span> <span class='ocrx_word' id='word_1_141' title='bbox 1128 1310 1205 1331; x_wconf 91' lang='lat' dir='ltr'>eon-</span> 
     </span>
     <span class='ocr_line' id='line_1_38' title="bbox 462 1348 1205 1387; baseline 0.009 -8"><span class='ocrx_word' id='word_1_142' title='bbox 462 1348 550 1380; x_wconf 78' lang='lat' dir='ltr'>fectis</span> <span class='ocrx_word' id='word_1_143' title='bbox 569 1349 679 1381; x_wconf 90' lang='lat' dir='ltr'>litteris</span> <span class='ocrx_word' id='word_1_144' title='bbox 700 1355 730 1382; x_wconf 83' lang='lat' dir='ltr'>et</span> <span class='ocrx_word' id='word_1_145' title='bbox 750 1350 1017 1387; x_wconf 80' lang='lat' dir='ltr'>ordinationiluis.</span> <span class='ocrx_word' id='word_1_146' title='bbox 1042 1351 1129 1385; x_wconf 86' lang='lat' dir='ltr'>vivae</span> <span class='ocrx_word' id='word_1_147' title='bbox 1150 1363 1205 1385; x_wconf 94' lang='lat' dir='ltr'>v0-</span> 
     </span>
     <span class='ocr_line' id='line_1_39' title="bbox 463 1401 1138 1447; baseline 0.007 -14"><span class='ocrx_word' id='word_1_148' title='bbox 463 1401 507 1433; x_wconf 80' lang='lat' dir='ltr'>cis</span> <span class='ocrx_word' id='word_1_149' title='bbox 528 1403 659 1435; x_wconf 86' lang='lat' dir='ltr'>oraculo</span> <span class='ocrx_word' id='word_1_150' title='bbox 681 1403 781 1441; x_wconf 79' lang='lat' dir='ltr'>sactis,</span> <span class='ocrx_word' id='word_1_151' title='bbox 805 1403 930 1447; x_wconf 89' lang='lat' dir='ltr'>plenius</span> <span class='ocrx_word' id='word_1_152' title='bbox 948 1404 1138 1438; x_wconf 89' lang='lat' dir='ltr'>continetur.</span> 
     </span>
    </p>

    <p class='ocr_par' dir='ltr' id='par_1_9' title="bbox 461 1455 1207 2728">
     <span class='ocr_line' id='line_1_40' title="bbox 506 1455 1206 1500; baseline 0.006 -12"><span class='ocrx_word' id='word_1_153' title='bbox 506 1456 521 1498; x_wconf 61' lang='grc' dir='ltr'>ξ</span> <span class='ocrx_word' id='word_1_154' title='bbox 542 1455 571 1488; x_wconf 79' lang='grc'>9.</span> <span class='ocrx_word' id='word_1_155' title='bbox 596 1456 699 1494; x_wconf 83' lang='lat' dir='ltr'>Quare</span> <span class='ocrx_word' id='word_1_156' title='bbox 719 1467 777 1500; x_wconf 91' lang='lat' dir='ltr'>pro</span> <span class='ocrx_word' id='word_1_157' title='bbox 797 1462 887 1500; x_wconf 83' lang='lat' dir='ltr'>parte</span> <span class='ocrx_word' id='word_1_158' title='bbox 907 1459 1065 1498; x_wconf 71' lang='lat' dir='ltr'>generalis</span> <span class='ocrx_word' id='word_1_159' title='bbox 1085 1465 1113 1491; x_wconf 90' lang='lat' dir='ltr'>et</span> <span class='ocrx_word' id='word_1_160' title='bbox 1135 1459 1206 1492; x_wconf 88' lang='lat' dir='ltr'>visi-</span> 
     </span>
     <span class='ocr_line' id='line_1_41' title="bbox 463 1509 1207 1553; baseline 0.008 -14"><span class='ocrx_word' id='word_1_161' title='bbox 463 1513 600 1540; x_wconf 85' lang='lat' dir='ltr'>tatorum</span> <span class='ocrx_word' id='word_1_162' title='bbox 622 1520 658 1541; x_wconf 84' lang='lat' dir='ltr'>ac.</span> <span class='ocrx_word' id='word_1_163' title='bbox 680 1509 794 1552; x_wconf 89' lang='lat' dir='ltr'>prioris</span> <span class='ocrx_word' id='word_1_164' title='bbox 814 1510 912 1542; x_wconf 88' lang='lat' dir='ltr'>eremi</span> <span class='ocrx_word' id='word_1_165' title='bbox 934 1522 1058 1544; x_wconf 88' lang='lat' dir='ltr'>necnon</span> <span class='ocrx_word' id='word_1_166' title='bbox 1073 1522 1207 1553; x_wconf 85' lang='lat' dir='ltr'>congre-</span> 
     </span>
     <span class='ocr_line' id='line_1_42' title="bbox 463 1562 1206 1603; baseline 0.007 -10"><span class='ocrx_word' id='word_1_167' title='bbox 463 1562 599 1603; x_wconf 80' lang='lat' dir='ltr'>gationis</span> <span class='ocrx_word' id='word_1_168' title='bbox 620 1563 762 1596; x_wconf 90' lang='lat' dir='ltr'>eiusdem</span> <span class='ocrx_word' id='word_1_169' title='bbox 790 1564 887 1596; x_wconf 87' lang='lat' dir='ltr'>eremi</span> <span class='ocrx_word' id='word_1_170' title='bbox 918 1575 953 1597; x_wconf 88' lang='lat' dir='ltr'>ac</span> <span class='ocrx_word' id='word_1_171' title='bbox 983 1566 1012 1598; x_wconf 88' lang='lat' dir='ltr'>S.</span> <span class='ocrx_word' id='word_1_172' title='bbox 1045 1566 1206 1599; x_wconf 81' lang='lat' dir='ltr'>Michaelis</span> 
     </span>
     <span class='ocr_line' id='line_1_43' title="bbox 464 1616 1205 1652; baseline 0.007 -5"><span class='ocrx_word' id='word_1_173' title='bbox 464 1616 502 1647; x_wconf 90' lang='lat' dir='ltr'>de</span> <span class='ocrx_word' id='word_1_174' title='bbox 523 1616 655 1649; x_wconf 85' lang='lat' dir='ltr'>Murano</span> <span class='ocrx_word' id='word_1_175' title='bbox 678 1617 862 1650; x_wconf 86' lang='lat' dir='ltr'>huiusmodi</span> <span class='ocrx_word' id='word_1_176' title='bbox 884 1618 976 1650; x_wconf 82' lang='lat' dir='ltr'>uobis</span> <span class='ocrx_word' id='word_1_177' title='bbox 995 1619 1048 1651; x_wconf 89' lang='lat' dir='ltr'>l&#39;uit</span> <span class='ocrx_word' id='word_1_178' title='bbox 1074 1620 1205 1652; x_wconf 89' lang='lat' dir='ltr'>bumili-</span> 
     </span>
     <span class='ocr_line' id='line_1_44' title="bbox 465 1670 1204 1714; baseline 0.007 -13"><span class='ocrx_word' id='word_1_179' title='bbox 465 1674 510 1701; x_wconf 87' lang='lat' dir='ltr'>ter</span> <span class='ocrx_word' id='word_1_180' title='bbox 530 1670 744 1712; x_wconf 77' lang='lat' dir='ltr'>supplicatum</span> <span class='ocrx_word' id='word_1_181' title='bbox 757 1676 788 1703; x_wconf 93' lang='lat' dir='ltr'>ut</span> <span class='ocrx_word' id='word_1_182' title='bbox 807 1671 1121 1714; x_wconf 82' lang='lat' dir='ltr'>singulispraedictis</span> <span class='ocrx_word' id='word_1_183' title='bbox 1133 1685 1204 1706; x_wconf 88' lang='lat' dir='ltr'>cae-</span> 
     </span>
     <span class='ocr_line' id='line_1_45' title="bbox 465 1722 1206 1766; baseline 0.007 -12"><span class='ocrx_word' id='word_1_184' title='bbox 465 1722 602 1766; x_wconf 77' lang='lat' dir='ltr'>terisque</span> <span class='ocrx_word' id='word_1_185' title='bbox 624 1723 654 1755; x_wconf 91' lang='lat' dir='ltr'>in</span> <span class='ocrx_word' id='word_1_186' title='bbox 677 1724 796 1756; x_wconf 86' lang='lat' dir='ltr'>eisdem</span> <span class='ocrx_word' id='word_1_187' title='bbox 812 1724 924 1757; x_wconf 89' lang='lat' dir='ltr'>litteris</span> <span class='ocrx_word' id='word_1_188' title='bbox 938 1726 1206 1759; x_wconf 87' lang='lat' dir='ltr'>contentisrobur</span> 
     </span>
     <span class='ocr_line' id='line_1_46' title="bbox 463 1777 1204 1820; baseline 0.007 -13"><span class='ocrx_word' id='word_1_189' title='bbox 463 1781 590 1808; x_wconf 86' lang='lat' dir='ltr'>nostrae</span> <span class='ocrx_word' id='word_1_190' title='bbox 610 1777 850 1820; x_wconf 75' lang='lat' dir='ltr'>approbationis</span> <span class='ocrx_word' id='word_1_191' title='bbox 871 1778 1020 1815; x_wconf 83' lang='lat' dir='ltr'>adiicere,</span> <span class='ocrx_word' id='word_1_192' title='bbox 1042 1784 1069 1811; x_wconf 91' lang='lat' dir='ltr'>et</span> <span class='ocrx_word' id='word_1_193' title='bbox 1085 1780 1162 1812; x_wconf 87' lang='lat' dir='ltr'>alias</span> <span class='ocrx_word' id='word_1_194' title='bbox 1174 1780 1204 1812; x_wconf 90' lang='lat' dir='ltr'>in</span> 
     </span>
     <span class='ocr_line' id='line_1_47' title="bbox 462 1829 1204 1874; baseline 0.007 -14"><span class='ocrx_word' id='word_1_195' title='bbox 462 1829 645 1871; x_wconf 74' lang='lat' dir='ltr'>praemissis</span> <span class='ocrx_word' id='word_1_196' title='bbox 666 1836 846 1873; x_wconf 87' lang='lat' dir='ltr'>opportune</span> <span class='ocrx_word' id='word_1_197' title='bbox 866 1831 1034 1874; x_wconf 82' lang='lat' dir='ltr'>providere</span> <span class='ocrx_word' id='word_1_198' title='bbox 1055 1833 1093 1865; x_wconf 88' lang='lat' dir='ltr'>de</span> <span class='ocrx_word' id='word_1_199' title='bbox 1114 1833 1204 1865; x_wconf 91' lang='lat' dir='ltr'>beni-</span> 
     </span>
     <span class='ocr_line' id='line_1_48' title="bbox 462 1882 1201 1928; baseline 0.007 -14"><span class='ocrx_word' id='word_1_200' title='bbox 462 1882 580 1922; x_wconf 77' lang='lat' dir='ltr'>gnitate</span> <span class='ocrx_word' id='word_1_201' title='bbox 601 1883 776 1926; x_wconf 87' lang='lat' dir='ltr'>apostolica</span> <span class='ocrx_word' id='word_1_202' title='bbox 788 1883 1004 1925; x_wconf 86' lang='lat' dir='ltr'>dignaremur.</span> <span class='ocrx_word' id='word_1_203' title='bbox 1020 1886 1081 1918; x_wconf 77' lang='lat' dir='ltr'>Nos</span> <span class='ocrx_word' id='word_1_204' title='bbox 1095 1886 1201 1928; x_wconf 75' lang='lat' dir='ltr'>igitur,</span> 
     </span>
     <span class='ocr_line' id='line_1_49' title="bbox 462 1936 1204 1983; baseline 0.007 -15"><span class='ocrx_word' id='word_1_205' title='bbox 462 1936 590 1968; x_wconf 86' lang='lat' dir='ltr'>eosdem</span> <span class='ocrx_word' id='word_1_206' title='bbox 618 1938 800 1978; x_wconf 71' lang='lat' dir='ltr'>generalem</span> <span class='ocrx_word' id='word_1_207' title='bbox 823 1944 849 1970; x_wconf 91' lang='lat' dir='ltr'>et</span> <span class='ocrx_word' id='word_1_208' title='bbox 874 1938 1049 1972; x_wconf 77' lang='lat' dir='ltr'>visitatores</span> <span class='ocrx_word' id='word_1_209' title='bbox 1070 1950 1105 1972; x_wconf 86' lang='lat' dir='ltr'>ac</span> <span class='ocrx_word' id='word_1_210' title='bbox 1116 1941 1204 1983; x_wconf 89' lang='lat' dir='ltr'>prio-</span> 
     </span>
     <span class='ocr_line' id='line_1_50' title="bbox 462 1990 1204 2034; baseline 0.008 -14"><span class='ocrx_word' id='word_1_211' title='bbox 462 2000 529 2021; x_wconf 89' lang='lat' dir='ltr'>rem</span> <span class='ocrx_word' id='word_1_212' title='bbox 554 1990 653 2022; x_wconf 88' lang='lat' dir='ltr'>eremi</span> <span class='ocrx_word' id='word_1_213' title='bbox 673 2001 797 2023; x_wconf 85' lang='lat' dir='ltr'>necnon</span> <span class='ocrx_word' id='word_1_214' title='bbox 817 1993 1098 2034; x_wconf 64' lang='lat' dir='ltr'>congregationem</span> <span class='ocrx_word' id='word_1_215' title='bbox 1121 1993 1204 2026; x_wconf 90' lang='lat' dir='ltr'>eius-</span> 
     </span>
     <span class='ocr_line' id='line_1_51' title="bbox 463 2043 1203 2080; baseline 0.008 -6"><span class='ocrx_word' id='word_1_216' title='bbox 463 2043 535 2075; x_wconf 88' lang='lat' dir='ltr'>dem</span> <span class='ocrx_word' id='word_1_217' title='bbox 556 2043 654 2075; x_wconf 88' lang='lat' dir='ltr'>eremi</span> <span class='ocrx_word' id='word_1_218' title='bbox 676 2050 703 2076; x_wconf 90' lang='lat' dir='ltr'>et</span> <span class='ocrx_word' id='word_1_219' title='bbox 725 2044 754 2078; x_wconf 88' lang='lat' dir='ltr'>S.</span> <span class='ocrx_word' id='word_1_220' title='bbox 779 2044 940 2078; x_wconf 71' lang='lat' dir='ltr'>Michaelis</span> <span class='ocrx_word' id='word_1_221' title='bbox 961 2046 999 2078; x_wconf 90' lang='lat' dir='ltr'>de</span> <span class='ocrx_word' id='word_1_222' title='bbox 1020 2046 1151 2080; x_wconf 82' lang='lat' dir='ltr'>Murano</span> <span class='ocrx_word' id='word_1_223' title='bbox 1168 2058 1203 2080; x_wconf 90' lang='lat' dir='ltr'>ac</span> 
     </span>
     <span class='ocr_line' id='line_1_52' title="bbox 462 2096 1203 2141; baseline 0.007 -13"><span class='ocrx_word' id='word_1_224' title='bbox 462 2096 638 2138; x_wconf 70' lang='lat' dir='ltr'>singulares</span> <span class='ocrx_word' id='word_1_225' title='bbox 678 2109 830 2141; x_wconf 86' lang='lat' dir='ltr'>personas</span> <span class='ocrx_word' id='word_1_226' title='bbox 866 2100 1134 2133; x_wconf 81' lang='lat' dir='ltr'>monasteriorum</span> <span class='ocrx_word' id='word_1_227' title='bbox 1175 2107 1203 2134; x_wconf 87' lang='lat' dir='ltr'>et</span> 
     </span>
     <span class='ocr_line' id='line_1_53' title="bbox 463 2150 1205 2196; baseline 0.007 -14"><span class='ocrx_word' id='word_1_228' title='bbox 463 2150 606 2183; x_wconf 86' lang='lat' dir='ltr'>locorum</span> <span class='ocrx_word' id='word_1_229' title='bbox 629 2152 839 2189; x_wconf 79' lang='lat' dir='ltr'>eorumdem,</span> <span class='ocrx_word' id='word_1_230' title='bbox 869 2153 1060 2196; x_wconf 78' lang='lat' dir='ltr'>specialibus</span> <span class='ocrx_word' id='word_1_231' title='bbox 1091 2154 1205 2187; x_wconf 81' lang='lat' dir='ltr'>favori-</span> 
     </span>
     <span class='ocr_line' id='line_1_54' title="bbox 462 2204 1204 2250; baseline 0.005 -15"><span class='ocrx_word' id='word_1_232' title='bbox 462 2204 521 2236; x_wconf 86' lang='lat' dir='ltr'>bus</span> <span class='ocrx_word' id='word_1_233' title='bbox 542 2210 570 2236; x_wconf 91' lang='lat' dir='ltr'>et</span> <span class='ocrx_word' id='word_1_234' title='bbox 593 2204 701 2245; x_wconf 85' lang='lat' dir='ltr'>gratiis</span> <span class='ocrx_word' id='word_1_235' title='bbox 721 2205 872 2248; x_wconf 89' lang='lat' dir='ltr'>prosequi</span> <span class='ocrx_word' id='word_1_236' title='bbox 886 2207 1037 2243; x_wconf 78' lang='lat' dir='ltr'>volentes,</span> <span class='ocrx_word' id='word_1_237' title='bbox 1056 2207 1204 2250; x_wconf 87' lang='lat' dir='ltr'>precibus</span> 
     </span>
     <span class='ocr_line' id='line_1_55' title="bbox 462 2257 1202 2293; baseline 0.005 -5"><span class='ocrx_word' id='word_1_238' title='bbox 462 2257 556 2289; x_wconf 85' lang='lat' dir='ltr'>etiam</span> <span class='ocrx_word' id='word_1_239' title='bbox 578 2258 767 2290; x_wconf 88' lang='lat' dir='ltr'>venerabilis</span> <span class='ocrx_word' id='word_1_240' title='bbox 787 2259 890 2291; x_wconf 90' lang='lat' dir='ltr'>l&#39;ratris</span> <span class='ocrx_word' id='word_1_241' title='bbox 911 2259 1009 2292; x_wconf 85' lang='lat' dir='ltr'>nostri</span> <span class='ocrx_word' id='word_1_242' title='bbox 1029 2260 1202 2293; x_wconf 85' lang='lat' dir='ltr'>Ptolomaei</span> 
     </span>
     <span class='ocr_line' id='line_1_56' title="bbox 462 2310 1204 2353; baseline 0.004 -11"><span class='ocrx_word' id='word_1_243' title='bbox 462 2310 602 2353; x_wconf 82' lang='lat' dir='ltr'>episcopi</span> <span class='ocrx_word' id='word_1_244' title='bbox 623 2311 866 2344; x_wconf 79' lang='lat' dir='ltr'>Tusculanensis</span> <span class='ocrx_word' id='word_1_245' title='bbox 886 2312 915 2345; x_wconf 84' lang='lat' dir='ltr'>S.</span> <span class='ocrx_word' id='word_1_246' title='bbox 941 2313 975 2344; x_wconf 77' lang='lat' dir='ltr'>R.</span> <span class='ocrx_word' id='word_1_247' title='bbox 1000 2313 1032 2345; x_wconf 72' lang='grc' dir='ltr'>κ).</span> <span class='ocrx_word' id='word_1_248' title='bbox 1058 2313 1204 2346; x_wconf 84' lang='lat' dir='ltr'>cardina-</span> 
     </span>
     <span class='ocr_line' id='line_1_57' title="bbox 461 2363 1203 2408; baseline 0.007 -14"><span class='ocrx_word' id='word_1_249' title='bbox 461 2363 499 2395; x_wconf 90' lang='lat' dir='ltr'>lis</span> <span class='ocrx_word' id='word_1_250' title='bbox 519 2363 681 2397; x_wconf 87' lang='lat' dir='ltr'>Comensis</span> <span class='ocrx_word' id='word_1_251' title='bbox 701 2366 888 2408; x_wconf 75' lang='lat' dir='ltr'>nuncupati,</span> <span class='ocrx_word' id='word_1_252' title='bbox 913 2365 1056 2398; x_wconf 88' lang='lat' dir='ltr'>eiusdem</span> <span class='ocrx_word' id='word_1_253' title='bbox 1077 2367 1203 2399; x_wconf 84' lang='lat' dir='ltr'>Ordinis</span> 
     </span>
     <span class='ocr_line' id='line_1_58' title="bbox 461 2416 1199 2461; baseline 0.005 -13"><span class='ocrx_word' id='word_1_254' title='bbox 461 2421 492 2448; x_wconf 86' lang='lat' dir='ltr'>et</span> <span class='ocrx_word' id='word_1_255' title='bbox 515 2416 689 2458; x_wconf 67' lang='lat' dir='ltr'>Religionis</span> <span class='ocrx_word' id='word_1_256' title='bbox 718 2418 968 2451; x_wconf 76' lang='lat' dir='ltr'>Caimildulensis</span> <span class='ocrx_word' id='word_1_257' title='bbox 1000 2420 1199 2461; x_wconf 78' lang='lat' dir='ltr'>protectoris.</span> 
     </span>
     <span class='ocr_line' id='line_1_59' title="bbox 461 2469 1204 2513; baseline 0.007 -13"><span class='ocrx_word' id='word_1_258' title='bbox 461 2469 614 2507; x_wconf 86' lang='lat' dir='ltr'>inclinati,</span> <span class='ocrx_word' id='word_1_259' title='bbox 630 2470 824 2513; x_wconf 87' lang='lat' dir='ltr'>eosdemque</span> <span class='ocrx_word' id='word_1_260' title='bbox 847 2472 1028 2513; x_wconf 87' lang='lat' dir='ltr'>generalem</span> <span class='ocrx_word' id='word_1_261' title='bbox 1051 2478 1081 2505; x_wconf 90' lang='lat' dir='ltr'>et</span> <span class='ocrx_word' id='word_1_262' title='bbox 1100 2473 1204 2505; x_wconf 84' lang='lat' dir='ltr'>visita-</span> 
     </span>
     <span class='ocr_line' id='line_1_60' title="bbox 461 2523 1203 2567; baseline 0.004 -12"><span class='ocrx_word' id='word_1_263' title='bbox 461 2528 545 2555; x_wconf 86' lang='lat' dir='ltr'>tores</span> <span class='ocrx_word' id='word_1_264' title='bbox 565 2523 744 2566; x_wconf 87' lang='lat' dir='ltr'>praedictos</span> <span class='ocrx_word' id='word_1_265' title='bbox 766 2535 783 2556; x_wconf 87' lang='lat' dir='ltr'>a</span> <span class='ocrx_word' id='word_1_266' title='bbox 804 2525 966 2567; x_wconf 80' lang='lat' dir='ltr'>quibusvis</span> <span class='ocrx_word' id='word_1_267' title='bbox 983 2526 1203 2559; x_wconf 80' lang='lat' dir='ltr'>excommuni-</span> 
     </span>
     <span class='ocr_line' id='line_1_61' title="bbox 461 2577 1205 2622; baseline 0.004 -13"><span class='ocrx_word' id='word_1_268' title='bbox 461 2577 594 2610; x_wconf 79' lang='lat' dir='ltr'>cationis</span> <span class='ocrx_word' id='word_1_269' title='bbox 615 2583 645 2609; x_wconf 86' lang='lat' dir='ltr'>et</span> <span class='ocrx_word' id='word_1_270' title='bbox 664 2577 805 2609; x_wconf 81' lang='lat' dir='ltr'>censuris</span> <span class='ocrx_word' id='word_1_271' title='bbox 823 2578 1031 2619; x_wconf 77' lang='lat' dir='ltr'>absolventes,</span> <span class='ocrx_word' id='word_1_272' title='bbox 1049 2590 1085 2611; x_wconf 83' lang='lat' dir='ltr'>ae</span> <span class='ocrx_word' id='word_1_273' title='bbox 1097 2579 1205 2622; x_wconf 79' lang='lat' dir='ltr'>singu-</span> 
     </span>
     <span class='ocr_line' id='line_1_62' title="bbox 461 2631 1204 2675; baseline 0.005 -12"><span class='ocrx_word' id='word_1_274' title='bbox 461 2631 565 2664; x_wconf 85' lang='lat' dir='ltr'>larum</span> <span class='ocrx_word' id='word_1_275' title='bbox 587 2631 764 2664; x_wconf 86' lang='lat' dir='ltr'>litterarum</span> <span class='ocrx_word' id='word_1_276' title='bbox 796 2633 1032 2675; x_wconf 86' lang='lat' dir='ltr'>praedictarum</span> <span class='ocrx_word' id='word_1_277' title='bbox 1065 2634 1204 2667; x_wconf 81' lang='lat' dir='ltr'>veriores</span> 
     </span>
     <span class='ocr_line' id='line_1_63' title="bbox 464 2685 1203 2728; baseline 0.004 -11"><span class='ocrx_word' id='word_1_278' title='bbox 464 2689 601 2725; x_wconf 86' lang='lat' dir='ltr'>tenores,</span> <span class='ocrx_word' id='word_1_279' title='bbox 617 2695 652 2718; x_wconf 89' lang='lat' dir='ltr'>ac</span> <span class='ocrx_word' id='word_1_280' title='bbox 673 2685 698 2718; x_wconf 84' lang='lat' dir='ltr'>si</span> <span class='ocrx_word' id='word_1_281' title='bbox 720 2685 758 2718; x_wconf 87' lang='lat' dir='ltr'>de</span> <span class='ocrx_word' id='word_1_282' title='bbox 779 2686 876 2719; x_wconf 85' lang='lat' dir='ltr'>verbo</span> <span class='ocrx_word' id='word_1_283' title='bbox 897 2687 937 2719; x_wconf 82' lang='lat' dir='ltr'>ad</span> <span class='ocrx_word' id='word_1_284' title='bbox 955 2687 1100 2728; x_wconf 89' lang='lat' dir='ltr'>verbum,</span> <span class='ocrx_word' id='word_1_285' title='bbox 1125 2688 1203 2720; x_wconf 89' lang='lat' dir='ltr'>nihil</span> 
     </span>
    </p>
   </div>
   <div class='ocr_carea' id='block_1_7' title="bbox 1221 466 1226 2728">
    <p class='ocr_par' dir='ltr' id='par_1_10' title="bbox 1221 466 1226 2728">
     <span class='ocr_line' id='line_1_64' title="bbox 1221 466 1226 2728; baseline 0 0"><span class='ocrx_word' id='word_1_286' title='bbox 1221 466 1226 2728; x_wconf 95' lang='lat' dir='ltr'> </span> 
     </span>
    </p>
   </div>
   <div class='ocr_carea' id='block_1_8' title="bbox 1051 289 1405 313">
    <p class='ocr_par' dir='ltr' id='par_1_11' title="bbox 1051 289 1405 313">
     <span class='ocr_line' id='line_1_65' title="bbox 1051 289 1405 313; baseline 0 0"><span class='ocrx_word' id='word_1_287' title='bbox 1051 289 1234 313; x_wconf 75' lang='lat' dir='ltr'><strong>BULLARIUM</strong></span> <span class='ocrx_word' id='word_1_288' title='bbox 1251 289 1405 313; x_wconf 74' lang='lat' dir='ltr'><strong>ROMANUM</strong></span> 
     </span>
    </p>
   </div>
   <div class='ocr_carea' id='block_1_9' title="bbox 1238 337 1987 2625">
    <p class='ocr_par' dir='ltr' id='par_1_12' title="bbox 1238 337 1987 2625">
     <span class='ocr_line' id='line_1_66' title="bbox 1244 337 1987 381; baseline 0.004 -13"><span class='ocrx_word' id='word_1_289' title='bbox 1244 337 1370 380; x_wconf 86' lang='lat' dir='ltr'>penitus</span> <span class='ocrx_word' id='word_1_290' title='bbox 1390 337 1519 377; x_wconf 90' lang='lat' dir='ltr'>omisso,</span> <span class='ocrx_word' id='word_1_291' title='bbox 1551 337 1777 377; x_wconf 87' lang='lat' dir='ltr'>insererentur,</span> <span class='ocrx_word' id='word_1_292' title='bbox 1811 339 1987 381; x_wconf 87' lang='lat' dir='ltr'>praesenti-</span> 
     </span>
     <span class='ocr_line' id='line_1_67' title="bbox 1243 390 1982 434; baseline 0.004 -12"><span class='ocrx_word' id='word_1_293' title='bbox 1243 390 1302 423; x_wconf 85' lang='lat' dir='ltr'>bus</span> <span class='ocrx_word' id='word_1_294' title='bbox 1332 401 1391 434; x_wconf 89' lang='lat' dir='ltr'>pro</span> <span class='ocrx_word' id='word_1_295' title='bbox 1423 390 1578 434; x_wconf 81' lang='lat' dir='ltr'>expressis</span> <span class='ocrx_word' id='word_1_296' title='bbox 1616 390 1780 431; x_wconf 88' lang='lat' dir='ltr'>babentes,</span> <span class='ocrx_word' id='word_1_297' title='bbox 1813 391 1982 431; x_wconf 82' lang='lat' dir='ltr'>cessiones,</span> 
     </span>
     <span class='ocr_line' id='line_1_68' title="bbox 1242 443 1986 487; baseline 0.004 -13"><span class='ocrx_word' id='word_1_298' title='bbox 1242 443 1389 482; x_wconf 75' lang='lat' dir='ltr'>uniones,</span> <span class='ocrx_word' id='word_1_299' title='bbox 1413 443 1656 485; x_wconf 77' lang='lat' dir='ltr'>aggregationes</span> <span class='ocrx_word' id='word_1_300' title='bbox 1668 449 1698 476; x_wconf 88' lang='lat' dir='ltr'>et</span> <span class='ocrx_word' id='word_1_301' title='bbox 1711 444 1986 487; x_wconf 84' lang='lat' dir='ltr'>incorporationes</span> 
     </span>
     <span class='ocr_line' id='line_1_69' title="bbox 1242 496 1983 539; baseline 0.003 -11"><span class='ocrx_word' id='word_1_302' title='bbox 1242 496 1442 538; x_wconf 83' lang='lat' dir='ltr'>singulorum</span> <span class='ocrx_word' id='word_1_303' title='bbox 1464 497 1744 535; x_wconf 84' lang='lat' dir='ltr'>monasteriorum,</span> <span class='ocrx_word' id='word_1_304' title='bbox 1764 498 1983 539; x_wconf 85' lang='lat' dir='ltr'>ecelesiarum,</span> 
     </span>
     <span class='ocr_line' id='line_1_70' title="bbox 1242 549 1984 593; baseline 0.003 -12"><span class='ocrx_word' id='word_1_305' title='bbox 1242 549 1464 593; x_wconf 72' lang='lat' dir='ltr'>hospitalium„</span> <span class='ocrx_word' id='word_1_306' title='bbox 1508 551 1740 583; x_wconf 81' lang='lat' dir='ltr'>beneficiorum</span> <span class='ocrx_word' id='word_1_307' title='bbox 1779 557 1807 583; x_wconf 90' lang='lat' dir='ltr'>et</span> <span class='ocrx_word' id='word_1_308' title='bbox 1840 551 1984 583; x_wconf 92' lang='lat' dir='ltr'>locorum</span> 
     </span>
     <span class='ocr_line' id='line_1_71' title="bbox 1242 604 1985 647; baseline 0.001 -12"><span class='ocrx_word' id='word_1_309' title='bbox 1242 614 1535 647; x_wconf 85' lang='lat' dir='ltr'>quorumcumque,</span> <span class='ocrx_word' id='word_1_310' title='bbox 1561 604 1590 636; x_wconf 89' lang='lat' dir='ltr'>in</span> <span class='ocrx_word' id='word_1_311' title='bbox 1613 604 1732 636; x_wconf 88' lang='lat' dir='ltr'>eisdem</span> <span class='ocrx_word' id='word_1_312' title='bbox 1758 605 1985 647; x_wconf 84' lang='lat' dir='ltr'>praedecesso-</span> 
     </span>
     <span class='ocr_line' id='line_1_72' title="bbox 1241 656 1981 699; baseline 0.001 -11"><span class='ocrx_word' id='word_1_313' title='bbox 1241 664 1312 688; x_wconf 87' lang='lat' dir='ltr'>rum</span> <span class='ocrx_word' id='word_1_314' title='bbox 1345 656 1476 695; x_wconf 88' lang='lat' dir='ltr'>litteris,</span> <span class='ocrx_word' id='word_1_315' title='bbox 1512 663 1539 689; x_wconf 85' lang='lat' dir='ltr'>et</span> <span class='ocrx_word' id='word_1_316' title='bbox 1570 657 1758 699; x_wconf 85' lang='lat' dir='ltr'>praesertim</span> <span class='ocrx_word' id='word_1_317' title='bbox 1794 657 1907 689; x_wconf 90' lang='lat' dir='ltr'>Leonis</span> <span class='ocrx_word' id='word_1_318' title='bbox 1944 657 1981 697; x_wconf 83' lang='lat' dir='ltr'>X,</span> 
     </span>
     <span class='ocr_line' id='line_1_73' title="bbox 1242 710 1981 753; baseline 0.003 -12"><span class='ocrx_word' id='word_1_319' title='bbox 1242 710 1585 753; x_wconf 75' lang='lat' dir='ltr'>exp1·essor11m‚eideni</span> <span class='ocrx_word' id='word_1_320' title='bbox 1595 716 1715 743; x_wconf 88' lang='lat' dir='ltr'>vestrae</span> <span class='ocrx_word' id='word_1_321' title='bbox 1728 710 1981 752; x_wconf 70' lang='lat' dir='ltr'>congregationi,</span> 
     </span>
     <span class='ocr_line' id='line_1_74' title="bbox 1241 763 1984 808; baseline 0.003 -13"><span class='ocrx_word' id='word_1_322' title='bbox 1241 763 1349 805; x_wconf 79' lang='lat' dir='ltr'>vigore</span> <span class='ocrx_word' id='word_1_323' title='bbox 1371 764 1560 797; x_wconf 82' lang='lat' dir='ltr'>eorumdem</span> <span class='ocrx_word' id='word_1_324' title='bbox 1579 764 1777 797; x_wconf 88' lang='lat' dir='ltr'>indultorum</span> <span class='ocrx_word' id='word_1_325' title='bbox 1793 765 1984 808; x_wconf 89' lang='lat' dir='ltr'>apostolico—</span> 
     </span>
     <span class='ocr_line' id='line_1_75' title="bbox 1241 817 1984 861; baseline 0.003 -13"><span class='ocrx_word' id='word_1_326' title='bbox 1241 827 1312 849; x_wconf 90' lang='lat' dir='ltr'>rum</span> <span class='ocrx_word' id='word_1_327' title='bbox 1332 823 1362 849; x_wconf 90' lang='lat' dir='ltr'>et</span> <span class='ocrx_word' id='word_1_328' title='bbox 1382 817 1566 849; x_wconf 81' lang='lat' dir='ltr'>facultatum</span> <span class='ocrx_word' id='word_1_329' title='bbox 1596 817 1793 858; x_wconf 83' lang='lat' dir='ltr'>huiusmodi,</span> <span class='ocrx_word' id='word_1_330' title='bbox 1818 817 1984 861; x_wconf 85' lang='lat' dir='ltr'>bucusque</span> 
     </span>
     <span class='ocr_line' id='line_1_76' title="bbox 1241 870 1981 913; baseline 0.001 -10"><span class='ocrx_word' id='word_1_331' title='bbox 1241 870 1347 910; x_wconf 83' lang='lat' dir='ltr'>saetas,</span> <span class='ocrx_word' id='word_1_332' title='bbox 1382 876 1408 903; x_wconf 87' lang='lat' dir='ltr'>et</span> <span class='ocrx_word' id='word_1_333' title='bbox 1443 881 1525 913; x_wconf 88' lang='lat' dir='ltr'>quae</span> <span class='ocrx_word' id='word_1_334' title='bbox 1555 871 1703 904; x_wconf 78' lang='lat' dir='ltr'>effectum</span> <span class='ocrx_word' id='word_1_335' title='bbox 1737 871 1867 904; x_wconf 84' lang='lat' dir='ltr'>sortitae</span> <span class='ocrx_word' id='word_1_336' title='bbox 1897 877 1981 912; x_wconf 91' lang='lat' dir='ltr'>sunt,</span> 
     </span>
     <span class='ocr_line' id='line_1_77' title="bbox 1241 924 1981 965; baseline 0.003 -10"><span class='ocrx_word' id='word_1_337' title='bbox 1241 929 1325 956; x_wconf 83' lang='lat' dir='ltr'>ratas</span> <span class='ocrx_word' id='word_1_338' title='bbox 1345 928 1371 956; x_wconf 89' lang='lat' dir='ltr'>et</span> <span class='ocrx_word' id='word_1_339' title='bbox 1395 924 1515 956; x_wconf 87' lang='lat' dir='ltr'>validas</span> <span class='ocrx_word' id='word_1_340' title='bbox 1536 935 1573 956; x_wconf 81' lang='lat' dir='ltr'>ac</span> <span class='ocrx_word' id='word_1_341' title='bbox 1593 924 1738 957; x_wconf 87' lang='lat' dir='ltr'>efficaces</span> <span class='ocrx_word' id='word_1_342' title='bbox 1759 924 1902 965; x_wconf 76' lang='lat' dir='ltr'>existere,</span> <span class='ocrx_word' id='word_1_343' title='bbox 1924 925 1981 957; x_wconf 91' lang='lat' dir='ltr'>de-</span> 
     </span>
     <span class='ocr_line' id='line_1_78' title="bbox 1242 976 1985 1010; baseline 0.003 -3"><span class='ocrx_word' id='word_1_344' title='bbox 1242 976 1403 1009; x_wconf 84' lang='lat' dir='ltr'>cernimus</span> <span class='ocrx_word' id='word_1_345' title='bbox 1423 983 1454 1009; x_wconf 88' lang='lat' dir='ltr'>et</span> <span class='ocrx_word' id='word_1_346' title='bbox 1474 977 1685 1010; x_wconf 83' lang='lat' dir='ltr'>declaramus.</span> <span class='ocrx_word' id='word_1_347' title='bbox 1707 978 1837 1010; x_wconf 84' lang='lat' dir='ltr'>Necnon</span> <span class='ocrx_word' id='word_1_348' title='bbox 1849 977 1985 1010; x_wconf 88' lang='lat' dir='ltr'>uniones</span> 
     </span>
     <span class='ocr_line' id='line_1_79' title="bbox 1241 1030 1984 1072; baseline 0.003 -10"><span class='ocrx_word' id='word_1_349' title='bbox 1241 1036 1267 1062; x_wconf 84' lang='lat' dir='ltr'>et</span> <span class='ocrx_word' id='word_1_350' title='bbox 1290 1030 1534 1072; x_wconf 79' lang='lat' dir='ltr'>aggregationes</span> <span class='ocrx_word' id='word_1_351' title='bbox 1554 1031 1750 1071; x_wconf 88' lang='lat' dir='ltr'>huiusmodi,</span> <span class='ocrx_word' id='word_1_352' title='bbox 1769 1042 1806 1064; x_wconf 87' lang='lat' dir='ltr'>ac</span> <span class='ocrx_word' id='word_1_353' title='bbox 1827 1031 1935 1064; x_wconf 86' lang='lat' dir='ltr'>omnia</span> <span class='ocrx_word' id='word_1_354' title='bbox 1956 1038 1984 1064; x_wconf 86' lang='lat' dir='ltr'>et</span> 
     </span>
     <span class='ocr_line' id='line_1_80' title="bbox 1240 1083 1984 1127; baseline 0.004 -12"><span class='ocrx_word' id='word_1_355' title='bbox 1240 1083 1365 1123; x_wconf 79' lang='lat' dir='ltr'>singula</span> <span class='ocrx_word' id='word_1_356' title='bbox 1393 1084 1569 1127; x_wconf 76' lang='lat' dir='ltr'>privilegia,</span> <span class='ocrx_word' id='word_1_357' title='bbox 1605 1084 1769 1117; x_wconf 80' lang='lat' dir='ltr'>facultates</span> <span class='ocrx_word' id='word_1_358' title='bbox 1801 1091 1831 1118; x_wconf 91' lang='lat' dir='ltr'>et.</span> <span class='ocrx_word' id='word_1_359' title='bbox 1863 1085 1984 1118; x_wconf 86' lang='lat' dir='ltr'>indulta</span> 
     </span>
     <span class='ocr_line' id='line_1_81' title="bbox 1241 1138 1986 1181; baseline 0.003 -12"><span class='ocrx_word' id='word_1_360' title='bbox 1241 1138 1426 1180; x_wconf 77' lang='lat' dir='ltr'>praemissa,</span> <span class='ocrx_word' id='word_1_361' title='bbox 1450 1143 1544 1181; x_wconf 86' lang='lat' dir='ltr'>prout</span> <span class='ocrx_word' id='word_1_362' title='bbox 1565 1149 1713 1181; x_wconf 83' lang='lat' dir='ltr'>expressa</span> <span class='ocrx_word' id='word_1_363' title='bbox 1743 1143 1827 1178; x_wconf 89' lang='lat' dir='ltr'>sunt,</span> <span class='ocrx_word' id='word_1_364' title='bbox 1858 1148 1986 1171; x_wconf 85' lang='lat' dir='ltr'>necnon</span> 
     </span>
     <span class='ocr_line' id='line_1_82' title="bbox 1241 1191 1987 1235; baseline 0.001 -12"><span class='ocrx_word' id='word_1_365' title='bbox 1241 1191 1349 1224; x_wconf 90' lang='lat' dir='ltr'>omnia</span> <span class='ocrx_word' id='word_1_366' title='bbox 1370 1197 1397 1224; x_wconf 94' lang='lat' dir='ltr'>et</span> <span class='ocrx_word' id='word_1_367' title='bbox 1421 1202 1645 1235; x_wconf 87' lang='lat' dir='ltr'>quaecumque</span> <span class='ocrx_word' id='word_1_368' title='bbox 1665 1191 1727 1224; x_wconf 89' lang='lat' dir='ltr'>alia</span> <span class='ocrx_word' id='word_1_369' title='bbox 1747 1191 1924 1234; x_wconf 77' lang='lat' dir='ltr'>privilegia,</span> <span class='ocrx_word' id='word_1_370' title='bbox 1939 1192 1987 1224; x_wconf 91' lang='lat' dir='ltr'>in—</span> 
     </span>
     <span class='ocr_line' id='line_1_83' title="bbox 1241 1244 1987 1288; baseline 0 -11"><span class='ocrx_word' id='word_1_371' title='bbox 1241 1245 1339 1282; x_wconf 76' lang='lat' dir='ltr'>dulta,</span> <span class='ocrx_word' id='word_1_372' title='bbox 1364 1244 1598 1283; x_wconf 80' lang='lat' dir='ltr'>concessiones,</span> <span class='ocrx_word' id='word_1_373' title='bbox 1623 1245 1852 1288; x_wconf 79' lang='lat' dir='ltr'>exemptiones,</span> <span class='ocrx_word' id='word_1_374' title='bbox 1870 1245 1987 1278; x_wconf 90' lang='lat' dir='ltr'>immu-</span> 
     </span>
     <span class='ocr_line' id='line_1_84' title="bbox 1240 1298 1986 1342; baseline 0.003 -13"><span class='ocrx_word' id='word_1_375' title='bbox 1240 1298 1365 1335; x_wconf 86' lang='lat' dir='ltr'>nitates,</span> <span class='ocrx_word' id='word_1_376' title='bbox 1390 1298 1553 1330; x_wconf 70' lang='lat' dir='ltr'>lucultates</span> <span class='ocrx_word' id='word_1_377' title='bbox 1574 1304 1604 1330; x_wconf 90' lang='lat' dir='ltr'>et</span> <span class='ocrx_word' id='word_1_378' title='bbox 1615 1298 1743 1339; x_wconf 71' lang='lat' dir='ltr'>gratias,</span> <span class='ocrx_word' id='word_1_379' title='bbox 1758 1303 1822 1330; x_wconf 90' lang='lat' dir='ltr'>tam</span> <span class='ocrx_word' id='word_1_380' title='bbox 1836 1298 1986 1342; x_wconf 84' lang='lat' dir='ltr'>spiritua-</span> 
     </span>
     <span class='ocr_line' id='line_1_85' title="bbox 1242 1352 1987 1404; baseline 0.003 -21"><span class='ocrx_word' id='word_1_381' title='bbox 1242 1352 1285 1383; x_wconf 72' lang='lat' dir='ltr'>les</span> <span class='ocrx_word' id='word_1_382' title='bbox 1303 1362 1398 1395; x_wconf 90' lang='lat' dir='ltr'>quam</span> <span class='ocrx_word' id='word_1_383' title='bbox 1429 1352 1631 1395; x_wconf 79' lang='lat' dir='ltr'>temporales,</span> <span class='ocrx_word' id='word_1_384' title='bbox 1661 1352 1814 1404; x_wconf 67' lang='lat' dir='ltr'>generali,</span> <span class='ocrx_word' id='word_1_385' title='bbox 1848 1352 1987 1385; x_wconf 84' lang='lat' dir='ltr'>visitato-</span> 
     </span>
     <span class='ocr_line' id='line_1_86' title="bbox 1241 1405 1984 1449; baseline 0.003 -12"><span class='ocrx_word' id='word_1_386' title='bbox 1241 1405 1339 1442; x_wconf 80' lang='lat' dir='ltr'>ribus,</span> <span class='ocrx_word' id='word_1_387' title='bbox 1364 1406 1463 1449; x_wconf 88' lang='lat' dir='ltr'>priori</span> <span class='ocrx_word' id='word_1_388' title='bbox 1482 1412 1510 1438; x_wconf 91' lang='lat' dir='ltr'>et</span> <span class='ocrx_word' id='word_1_389' title='bbox 1537 1406 1778 1448; x_wconf 68' lang='lat' dir='ltr'>congregationi</span> <span class='ocrx_word' id='word_1_390' title='bbox 1808 1417 1844 1439; x_wconf 86' lang='lat' dir='ltr'>ae</span> <span class='ocrx_word' id='word_1_391' title='bbox 1875 1406 1984 1439; x_wconf 90' lang='lat' dir='ltr'>Ordini</span> 
     </span>
     <span class='ocr_line' id='line_1_87' title="bbox 1241 1458 1982 1501; baseline 0.003 -11"><span class='ocrx_word' id='word_1_392' title='bbox 1241 1458 1416 1501; x_wconf 84' lang='lat' dir='ltr'>praedicto,</span> <span class='ocrx_word' id='word_1_393' title='bbox 1441 1469 1565 1491; x_wconf 89' lang='lat' dir='ltr'>necnon</span> <span class='ocrx_word' id='word_1_394' title='bbox 1587 1458 1801 1499; x_wconf 87' lang='lat' dir='ltr'>monasteriis,</span> <span class='ocrx_word' id='word_1_395' title='bbox 1830 1459 1982 1499; x_wconf 85' lang='lat' dir='ltr'>ecelesiis,</span> 
     </span>
     <span class='ocr_line' id='line_1_88' title="bbox 1242 1511 1986 1555; baseline 0.003 -12"><span class='ocrx_word' id='word_1_396' title='bbox 1242 1511 1391 1544; x_wconf 88' lang='lat' dir='ltr'>domibus</span> <span class='ocrx_word' id='word_1_397' title='bbox 1409 1517 1435 1544; x_wconf 88' lang='lat' dir='ltr'>et</span> <span class='ocrx_word' id='word_1_398' title='bbox 1458 1512 1536 1545; x_wconf 83' lang='lat' dir='ltr'>locis</span> <span class='ocrx_word' id='word_1_399' title='bbox 1557 1512 1752 1555; x_wconf 88' lang='lat' dir='ltr'>illorumque</span> <span class='ocrx_word' id='word_1_400' title='bbox 1769 1511 1986 1554; x_wconf 79' lang='lat' dir='ltr'>singularibus</span> 
     </span>
     <span class='ocr_line' id='line_1_89' title="bbox 1240 1565 1985 1609; baseline 0.004 -13"><span class='ocrx_word' id='word_1_401' title='bbox 1240 1565 1397 1608; x_wconf 81' lang='lat' dir='ltr'>personis,</span> <span class='ocrx_word' id='word_1_402' title='bbox 1421 1571 1482 1598; x_wconf 89' lang='lat' dir='ltr'>tam</span> <span class='ocrx_word' id='word_1_403' title='bbox 1508 1576 1565 1608; x_wconf 88' lang='lat' dir='ltr'>per</span> <span class='ocrx_word' id='word_1_404' title='bbox 1596 1565 1697 1598; x_wconf 85' lang='lat' dir='ltr'>dictos</span> <span class='ocrx_word' id='word_1_405' title='bbox 1723 1566 1985 1609; x_wconf 87' lang='lat' dir='ltr'>praedecessores</span> 
     </span>
     <span class='ocr_line' id='line_1_90' title="bbox 1241 1619 1986 1662; baseline 0.003 -12"><span class='ocrx_word' id='word_1_406' title='bbox 1241 1630 1337 1662; x_wconf 84' lang='lat' dir='ltr'>quam</span> <span class='ocrx_word' id='word_1_407' title='bbox 1358 1619 1435 1651; x_wconf 86' lang='lat' dir='ltr'>alias</span> <span class='ocrx_word' id='word_1_408' title='bbox 1461 1619 1705 1662; x_wconf 85' lang='lat' dir='ltr'>quomodolibet.</span> <span class='ocrx_word' id='word_1_409' title='bbox 1734 1619 1817 1652; x_wconf 84' lang='lat' dir='ltr'>dicta</span> <span class='ocrx_word' id='word_1_410' title='bbox 1848 1620 1986 1652; x_wconf 84' lang='lat' dir='ltr'>auctori-</span> 
     </span>
     <span class='ocr_line' id='line_1_91' title="bbox 1242 1673 1985 1716; baseline 0 -11"><span class='ocrx_word' id='word_1_411' title='bbox 1242 1678 1303 1705; x_wconf 87' lang='lat' dir='ltr'>tate</span> <span class='ocrx_word' id='word_1_412' title='bbox 1324 1673 1499 1716; x_wconf 81' lang='lat' dir='ltr'>apostolica</span> <span class='ocrx_word' id='word_1_413' title='bbox 1520 1684 1681 1713; x_wconf 86' lang='lat' dir='ltr'>concessa,</span> <span class='ocrx_word' id='word_1_414' title='bbox 1704 1683 1830 1706; x_wconf 82' lang='lat' dir='ltr'>necnon</span> <span class='ocrx_word' id='word_1_415' title='bbox 1844 1673 1985 1715; x_wconf 77' lang='lat' dir='ltr'>singulas</span> 
     </span>
     <span class='ocr_line' id='line_1_92' title="bbox 1241 1726 1983 1770; baseline 0.004 -13"><span class='ocrx_word' id='word_1_416' title='bbox 1241 1726 1401 1759; x_wconf 85' lang='lat' dir='ltr'>dictorum</span> <span class='ocrx_word' id='word_1_417' title='bbox 1443 1728 1728 1770; x_wconf 85' lang='lat' dir='ltr'>praedecessorum</span> <span class='ocrx_word' id='word_1_418' title='bbox 1772 1727 1892 1760; x_wconf 86' lang='lat' dir='ltr'>litteras</span> <span class='ocrx_word' id='word_1_419' title='bbox 1907 1755 1914 1768; x_wconf 90' lang='lat'>,</span> <span class='ocrx_word' id='word_1_420' title='bbox 1947 1738 1983 1760; x_wconf 88' lang='lat' dir='ltr'>ac</span> 
     </span>
     <span class='ocr_line' id='line_1_93' title="bbox 1241 1779 1985 1821; baseline 0.003 -10"><span class='ocrx_word' id='word_1_421' title='bbox 1241 1779 1348 1812; x_wconf 85' lang='lat' dir='ltr'>omnia</span> <span class='ocrx_word' id='word_1_422' title='bbox 1363 1786 1393 1812; x_wconf 89' lang='lat' dir='ltr'>et</span> <span class='ocrx_word' id='word_1_423' title='bbox 1416 1780 1542 1821; x_wconf 81' lang='lat' dir='ltr'>singula</span> <span class='ocrx_word' id='word_1_424' title='bbox 1559 1780 1590 1812; x_wconf 91' lang='lat' dir='ltr'>in</span> <span class='ocrx_word' id='word_1_425' title='bbox 1612 1779 1673 1813; x_wconf 87' lang='lat' dir='ltr'>illis</span> <span class='ocrx_word' id='word_1_426' title='bbox 1694 1785 1843 1813; x_wconf 84' lang='lat' dir='ltr'>contenta</span> <span class='ocrx_word' id='word_1_427' title='bbox 1864 1785 1893 1813; x_wconf 88' lang='lat' dir='ltr'>et</span> <span class='ocrx_word' id='word_1_428' title='bbox 1910 1780 1985 1813; x_wconf 92' lang='lat' dir='ltr'>inde</span> 
     </span>
     <span class='ocr_line' id='line_1_94' title="bbox 1240 1833 1981 1876; baseline 0.001 -11"><span class='ocrx_word' id='word_1_429' title='bbox 1240 1838 1348 1865; x_wconf 82' lang='lat' dir='ltr'>secuta</span> <span class='ocrx_word' id='word_1_430' title='bbox 1369 1844 1603 1876; x_wconf 77' lang='lat' dir='ltr'>quaecumque,</span> <span class='ocrx_word' id='word_1_431' title='bbox 1620 1839 1776 1876; x_wconf 88' lang='lat' dir='ltr'>quatenus</span> <span class='ocrx_word' id='word_1_432' title='bbox 1787 1833 1849 1866; x_wconf 88' lang='lat' dir='ltr'>sint</span> <span class='ocrx_word' id='word_1_433' title='bbox 1862 1833 1893 1866; x_wconf 93' lang='lat' dir='ltr'>in</span> <span class='ocrx_word' id='word_1_434' title='bbox 1911 1845 1981 1873; x_wconf 90' lang='lat' dir='ltr'>usu,</span> 
     </span>
     <span class='ocr_line' id='line_1_95' title="bbox 1240 1886 1985 1931; baseline 0.001 -13"><span class='ocrx_word' id='word_1_435' title='bbox 1240 1891 1267 1918; x_wconf 86' lang='lat' dir='ltr'>et</span> <span class='ocrx_word' id='word_1_436' title='bbox 1289 1892 1385 1929; x_wconf 87' lang='lat' dir='ltr'>prout</span> <span class='ocrx_word' id='word_1_437' title='bbox 1406 1886 1560 1918; x_wconf 79' lang='lat' dir='ltr'>haetenus</span> <span class='ocrx_word' id='word_1_438' title='bbox 1578 1886 1744 1919; x_wconf 86' lang='lat' dir='ltr'>observata</span> <span class='ocrx_word' id='word_1_439' title='bbox 1755 1887 1893 1927; x_wconf 85' lang='lat' dir='ltr'>fuerunt,</span> <span class='ocrx_word' id='word_1_440' title='bbox 1908 1897 1985 1931; x_wconf 85' lang='lat' dir='ltr'>apo-</span> 
     </span>
     <span class='ocr_line' id='line_1_96' title="bbox 1240 1939 1985 1983; baseline 0.004 -13"><span class='ocrx_word' id='word_1_441' title='bbox 1240 1939 1350 1972; x_wconf 87' lang='lat' dir='ltr'>stolica</span> <span class='ocrx_word' id='word_1_442' title='bbox 1370 1939 1558 1971; x_wconf 83' lang='lat' dir='ltr'>auctoritate</span> <span class='ocrx_word' id='word_1_443' title='bbox 1579 1939 1752 1983; x_wconf 84' lang='lat' dir='ltr'>praedicta,</span> <span class='ocrx_word' id='word_1_444' title='bbox 1777 1950 1813 1972; x_wconf 81' lang='lat' dir='ltr'>ex</span> <span class='ocrx_word' id='word_1_445' title='bbox 1833 1945 1985 1973; x_wconf 85' lang='lat' dir='ltr'>certano-</span> 
     </span>
     <span class='ocr_line' id='line_1_97' title="bbox 1239 1992 1985 2037; baseline 0.001 -12"><span class='ocrx_word' id='word_1_446' title='bbox 1239 1998 1303 2025; x_wconf 86' lang='lat' dir='ltr'>stra</span> <span class='ocrx_word' id='word_1_447' title='bbox 1323 1992 1465 2029; x_wconf 72' lang='lat' dir='ltr'>scientia„</span> <span class='ocrx_word' id='word_1_448' title='bbox 1491 1998 1600 2025; x_wconf 86' lang='lat' dir='ltr'>tenore</span> <span class='ocrx_word' id='word_1_449' title='bbox 1620 1993 1837 2036; x_wconf 88' lang='lat' dir='ltr'>praesentium</span> <span class='ocrx_word' id='word_1_450' title='bbox 1868 2004 1985 2037; x_wconf 87' lang='lat' dir='ltr'>appro-</span> 
     </span>
     <span class='ocr_line' id='line_1_98' title="bbox 1241 2046 1984 2087; baseline 0.003 -9"><span class='ocrx_word' id='word_1_451' title='bbox 1241 2047 1364 2086; x_wconf 78' lang='lat' dir='ltr'>bamus,</span> <span class='ocrx_word' id='word_1_452' title='bbox 1389 2046 1620 2079; x_wconf 85' lang='lat' dir='ltr'>confirmamus</span> <span class='ocrx_word' id='word_1_453' title='bbox 1641 2052 1671 2079; x_wconf 85' lang='lat' dir='ltr'>et</span> <span class='ocrx_word' id='word_1_454' title='bbox 1691 2046 1892 2087; x_wconf 87' lang='lat' dir='ltr'>innovamus,</span> <span class='ocrx_word' id='word_1_455' title='bbox 1907 2046 1984 2080; x_wconf 89' lang='lat' dir='ltr'>illis-</span> 
     </span>
     <span class='ocr_line' id='line_1_99' title="bbox 1240 2100 1983 2144; baseline 0.004 -13"><span class='ocrx_word' id='word_1_456' title='bbox 1240 2111 1301 2143; x_wconf 84' lang='lat' dir='ltr'>que</span> <span class='ocrx_word' id='word_1_457' title='bbox 1327 2106 1501 2144; x_wconf 87' lang='lat' dir='ltr'>perpetuae</span> <span class='ocrx_word' id='word_1_458' title='bbox 1533 2111 1568 2133; x_wconf 84' lang='lat' dir='ltr'>ae</span> <span class='ocrx_word' id='word_1_459' title='bbox 1602 2100 1795 2133; x_wconf 84' lang='lat' dir='ltr'>inviolabilis</span> <span class='ocrx_word' id='word_1_460' title='bbox 1823 2100 1983 2134; x_wconf 84' lang='lat' dir='ltr'>firmitatis</span> 
     </span>
     <span class='ocr_line' id='line_1_100' title="bbox 1239 2153 1983 2196; baseline 0.003 -11"><span class='ocrx_word' id='word_1_461' title='bbox 1239 2154 1338 2186; x_wconf 89' lang='lat' dir='ltr'>robur</span> <span class='ocrx_word' id='word_1_462' title='bbox 1358 2153 1543 2190; x_wconf 73' lang='lat' dir='ltr'>adiieimus2</span> <span class='ocrx_word' id='word_1_463' title='bbox 1574 2164 1609 2186; x_wconf 82' lang='lat' dir='ltr'>ae</span> <span class='ocrx_word' id='word_1_464' title='bbox 1638 2164 1750 2186; x_wconf 87' lang='lat' dir='ltr'>omnes</span> <span class='ocrx_word' id='word_1_465' title='bbox 1781 2159 1812 2187; x_wconf 91' lang='lat' dir='ltr'>et</span> <span class='ocrx_word' id='word_1_466' title='bbox 1840 2154 1983 2196; x_wconf 79' lang='lat' dir='ltr'>singulos</span> 
     </span>
     <span class='ocr_line' id='line_1_101' title="bbox 1241 2206 1981 2250; baseline 0.003 -12"><span class='ocrx_word' id='word_1_467' title='bbox 1241 2213 1302 2239; x_wconf 88' lang='lat' dir='ltr'>tam</span> <span class='ocrx_word' id='word_1_468' title='bbox 1331 2206 1407 2239; x_wconf 89' lang='lat' dir='ltr'>iuris</span> <span class='ocrx_word' id='word_1_469' title='bbox 1434 2217 1530 2250; x_wconf 88' lang='lat' dir='ltr'>quam</span> <span class='ocrx_word' id='word_1_470' title='bbox 1563 2207 1635 2239; x_wconf 86' lang='lat' dir='ltr'>sacti</span> <span class='ocrx_word' id='word_1_471' title='bbox 1677 2218 1713 2239; x_wconf 86' lang='lat' dir='ltr'>ae</span> <span class='ocrx_word' id='word_1_472' title='bbox 1743 2207 1981 2240; x_wconf 84' lang='lat' dir='ltr'>solemnitatum</span> 
     </span>
     <span class='ocr_line' id='line_1_102' title="bbox 1239 2260 1982 2304; baseline 0.001 -12"><span class='ocrx_word' id='word_1_473' title='bbox 1239 2271 1517 2304; x_wconf 74' lang='lat' dir='ltr'>quartum-umque</span> <span class='ocrx_word' id='word_1_474' title='bbox 1536 2260 1779 2303; x_wconf 84' lang='lat' dir='ltr'>quomodolibet</span> <span class='ocrx_word' id='word_1_475' title='bbox 1792 2260 1982 2293; x_wconf 84' lang='lat' dir='ltr'>omissarum</span> 
     </span>
     <span class='ocr_line' id='line_1_103' title="bbox 1238 2314 1985 2357; baseline 0.003 -11"><span class='ocrx_word' id='word_1_476' title='bbox 1238 2314 1381 2357; x_wconf 87' lang='lat' dir='ltr'>aliosque</span> <span class='ocrx_word' id='word_1_477' title='bbox 1403 2314 1555 2354; x_wconf 86' lang='lat' dir='ltr'>desectus,</span> <span class='ocrx_word' id='word_1_478' title='bbox 1590 2314 1615 2346; x_wconf 88' lang='lat' dir='ltr'>si</span> <span class='ocrx_word' id='word_1_479' title='bbox 1642 2314 1695 2357; x_wconf 88' lang='lat' dir='ltr'>qui</span> <span class='ocrx_word' id='word_1_480' title='bbox 1717 2314 1824 2348; x_wconf 82' lang='lat' dir='ltr'>forsan</span> <span class='ocrx_word' id='word_1_481' title='bbox 1849 2314 1985 2348; x_wconf 88' lang='lat' dir='ltr'>interve—</span> 
     </span>
     <span class='ocr_line' id='line_1_104' title="bbox 1239 2367 1984 2412; baseline 0.001 -12"><span class='ocrx_word' id='word_1_482' title='bbox 1239 2367 1342 2400; x_wconf 86' lang='lat' dir='ltr'>nerint</span> <span class='ocrx_word' id='word_1_483' title='bbox 1364 2368 1396 2399; x_wconf 91' lang='lat' dir='ltr'>in</span> <span class='ocrx_word' id='word_1_484' title='bbox 1415 2368 1547 2405; x_wconf 76' lang='lat' dir='ltr'>eisde&#39;m,</span> <span class='ocrx_word' id='word_1_485' title='bbox 1568 2368 1770 2411; x_wconf 68' lang='lat' dir='ltr'>supplemus,</span> <span class='ocrx_word' id='word_1_486' title='bbox 1784 2368 1984 2412; x_wconf 89' lang='lat' dir='ltr'>unionesque</span> 
     </span>
     <span class='ocr_line' id='line_1_105' title="bbox 1238 2421 1985 2464; baseline 0 -10"><span class='ocrx_word' id='word_1_487' title='bbox 1238 2427 1265 2454; x_wconf 90' lang='lat' dir='ltr'>et</span> <span class='ocrx_word' id='word_1_488' title='bbox 1288 2421 1531 2464; x_wconf 74' lang='lat' dir='ltr'>aggregationes</span> <span class='ocrx_word' id='word_1_489' title='bbox 1552 2432 1588 2454; x_wconf 89' lang='lat' dir='ltr'>ac</span> <span class='ocrx_word' id='word_1_490' title='bbox 1608 2421 1717 2455; x_wconf 87' lang='lat' dir='ltr'>omnia</span> <span class='ocrx_word' id='word_1_491' title='bbox 1737 2421 1799 2454; x_wconf 86' lang='lat' dir='ltr'>alia</span> <span class='ocrx_word' id='word_1_492' title='bbox 1819 2427 1847 2455; x_wconf 87' lang='lat' dir='ltr'>et</span> <span class='ocrx_word' id='word_1_493' title='bbox 1859 2422 1985 2464; x_wconf 80' lang='lat' dir='ltr'>singula</span> 
     </span>
     <span class='ocr_line' id='line_1_106' title="bbox 1238 2474 1984 2518; baseline 0.001 -12"><span class='ocrx_word' id='word_1_494' title='bbox 1238 2475 1424 2518; x_wconf 85' lang='lat' dir='ltr'>praemissa,</span> <span class='ocrx_word' id='word_1_495' title='bbox 1448 2480 1478 2507; x_wconf 85' lang='lat' dir='ltr'>et</span> <span class='ocrx_word' id='word_1_496' title='bbox 1499 2474 1529 2506; x_wconf 90' lang='lat' dir='ltr'>in</span> <span class='ocrx_word' id='word_1_497' title='bbox 1556 2474 1675 2507; x_wconf 90' lang='lat' dir='ltr'>eisdem</span> <span class='ocrx_word' id='word_1_498' title='bbox 1704 2474 1815 2507; x_wconf 88' lang='lat' dir='ltr'>litteris</span> <span class='ocrx_word' id='word_1_499' title='bbox 1835 2480 1984 2508; x_wconf 86' lang='lat' dir='ltr'>contenta</span> 
     </span>
     <span class='ocr_line' id='line_1_107' title="bbox 1239 2528 1979 2572; baseline 0 -11"><span class='ocrx_word' id='word_1_500' title='bbox 1239 2535 1269 2561; x_wconf 91' lang='lat' dir='ltr'>et</span> <span class='ocrx_word' id='word_1_501' title='bbox 1298 2528 1531 2572; x_wconf 77' lang='lat' dir='ltr'>comprehensa</span> <span class='ocrx_word' id='word_1_502' title='bbox 1561 2539 1597 2561; x_wconf 86' lang='lat' dir='ltr'>ae</span> <span class='ocrx_word' id='word_1_503' title='bbox 1632 2528 1779 2572; x_wconf 88' lang='lat' dir='ltr'>superius</span> <span class='ocrx_word' id='word_1_504' title='bbox 1810 2538 1979 2572; x_wconf 81' lang='lat' dir='ltr'>expressa,</span> 
     </span>
     <span class='ocr_line' id='line_1_108' title="bbox 1239 2581 1983 2625; baseline -0.001 -10"><span class='ocrx_word' id='word_1_505' title='bbox 1239 2582 1359 2615; x_wconf 87' lang='lat' dir='ltr'>eisdem</span> <span class='ocrx_word' id='word_1_506' title='bbox 1386 2581 1538 2624; x_wconf 80' lang='lat' dir='ltr'>generali,</span> <span class='ocrx_word' id='word_1_507' title='bbox 1570 2581 1796 2622; x_wconf 87' lang='lat' dir='ltr'>visitatoribus,</span> <span class='ocrx_word' id='word_1_508' title='bbox 1826 2581 1925 2625; x_wconf 88' lang='lat' dir='ltr'>priori</span> <span class='ocrx_word' id='word_1_509' title='bbox 1952 2587 1983 2614; x_wconf 88' lang='lat' dir='ltr'>et</span> 
     </span>
    </p>
   </div>
   <div class='ocr_carea' id='block_1_10' title="bbox 1221 2635 1981 2679">
    <p class='ocr_par' dir='ltr' id='par_1_13' title="bbox 1221 2635 1981 2679">
     <span class='ocr_line' id='line_1_109' title="bbox 1221 2635 1981 2679; baseline -0.001 -10"><span class='ocrx_word' id='word_1_510' title='bbox 1221 2635 1479 2678; x_wconf 66' lang='lat' dir='ltr'>,congregationi</span> <span class='ocrx_word' id='word_1_511' title='bbox 1507 2646 1543 2668; x_wconf 88' lang='lat' dir='ltr'>ae</span> <span class='ocrx_word' id='word_1_512' title='bbox 1568 2635 1678 2668; x_wconf 90' lang='lat' dir='ltr'>Ordini</span> <span class='ocrx_word' id='word_1_513' title='bbox 1712 2635 1894 2679; x_wconf 69' lang='lat' dir='ltr'>praedonis,</span> <span class='ocrx_word' id='word_1_514' title='bbox 1926 2645 1981 2668; x_wconf 90' lang='lat' dir='ltr'>eo-</span> 
     </span>
    </p>
   </div>
   <div class='ocr_carea' id='block_1_11' title="bbox 1239 2687 1981 2732">
    <p class='ocr_par' dir='ltr' id='par_1_14' title="bbox 1239 2687 1981 2732">
     <span class='ocr_line' id='line_1_110' title="bbox 1239 2687 1981 2732; baseline 0.001 -11"><span class='ocrx_word' id='word_1_515' title='bbox 1239 2699 1375 2732; x_wconf 90' lang='lat' dir='ltr'>rumque</span> <span class='ocrx_word' id='word_1_516' title='bbox 1395 2688 1541 2731; x_wconf 88' lang='lat' dir='ltr'>personis</span> <span class='ocrx_word' id='word_1_517' title='bbox 1561 2694 1591 2721; x_wconf 84' lang='lat' dir='ltr'>et</span> <span class='ocrx_word' id='word_1_518' title='bbox 1611 2688 1762 2722; x_wconf 86' lang='lat' dir='ltr'>ministris</span> <span class='ocrx_word' id='word_1_519' title='bbox 1792 2694 1822 2722; x_wconf 85' lang='lat' dir='ltr'>et</span> <span class='ocrx_word' id='word_1_520' title='bbox 1851 2687 1981 2722; x_wconf 87' lang='lat' dir='ltr'>cuilibet</span> 
     </span>
    </p>
   </div>
   <div class='ocr_carea' id='block_1_12' title="bbox 1997 288 2180 317">
    <p class='ocr_par' dir='ltr' id='par_1_15' title="bbox 1997 288 2180 317">
     <span class='ocr_line' id='line_1_111' title="bbox 1997 288 2180 317; baseline 0.005 -1"><span class='ocrx_word' id='word_1_521' title='bbox 1997 289 2048 316; x_wconf 85' lang='lat' dir='ltr'>An.</span> <span class='ocrx_word' id='word_1_522' title='bbox 2070 288 2097 316; x_wconf 92' lang='lat' dir='ltr'>C.</span> <span class='ocrx_word' id='word_1_523' title='bbox 2117 289 2180 317; x_wconf 78' lang='lat'>159¹</span> 
     </span>
    </p>
   </div>
   <div class='ocr_carea' id='block_1_13' title="bbox 2000 664 2185 764">
    <p class='ocr_par' dir='ltr' id='par_1_16' title="bbox 2000 664 2185 764">
     <span class='ocr_line' id='line_1_112' title="bbox 2019 664 2185 684; baseline 0 0"><span class='ocrx_word' id='word_1_524' title='bbox 2019 664 2145 684; x_wconf 62' lang='lat' dir='ltr'>Praesfrtim</span> <span class='ocrx_word' id='word_1_525' title='bbox 2161 671 2185 684; x_wconf 73' lang='lat' dir='ltr'>ea</span> 
     </span>
     <span class='ocr_line' id='line_1_113' title="bbox 2001 691 2185 717; baseline 0.011 -8"><span class='ocrx_word' id='word_1_526' title='bbox 2001 691 2071 710; x_wconf 73' lang='lat' dir='ltr'>omnia</span> <span class='ocrx_word' id='word_1_527' title='bbox 2087 697 2142 717; x_wconf 81' lang='lat' dir='ltr'>quae</span> <span class='ocrx_word' id='word_1_528' title='bbox 2165 692 2185 711; x_wconf 86' lang='lat' dir='ltr'>iu</span> 
     </span>
     <span class='ocr_line' id='line_1_114' title="bbox 2000 717 2185 738; baseline 0 -1"><span class='ocrx_word' id='word_1_529' title='bbox 2000 717 2076 738; x_wconf 74' lang='lat' dir='ltr'>titteris</span> <span class='ocrx_word' id='word_1_530' title='bbox 2109 718 2185 738; x_wconf 73' lang='lat' dir='ltr'>Lenius</span> 
     </span>
     <span class='ocr_line' id='line_1_115' title="bbox 2001 744 2140 764; baseline 0.007 -1"><span class='ocrx_word' id='word_1_531' title='bbox 2001 744 2140 764; x_wconf 74' lang='lat' dir='ltr'>conum-ntur.</span> 
     </span>
    </p>
   </div>
  </div>
 </body>
</html>
