2226 3070
67 310 115 337 An.
134 309 163 336 C.
181 307 245 335 1591

66 580 194 601 Potestntem
206 579 248 604 epi·

65 612 129 632 scopo
144 606 192 626 facit
206 606 248 626 ino-

64 633 175 654 bedientes
211 638 248 658 pu-

65 659 143 681 nic-ndi.

91 899 185 928 Dei-ngat
199 905 248 920 con-

65 929 142 948 trariis.

124 1806 251 1833 Episcopum

67 1836 147 1857 monet,
158 1835 179 1853 ut
190 1839 251 1859 regu-

67 1861 145 1880 laribus
155 1860 220 1880 semel
230 1859 251 1880 iu

66 1893 122 1934 ἒυηο
137 1886 157 1907 id
177 1892 250 1907 conee-

82 1915 109 1934 at.

862 305 1040 330 GREGORIUS
1060 306 1113 330 xti·
1134 306 1183 329 PP.

263 366 323 389 nus
343 355 412 388 illas
432 355 583 397 colligere
607 360 637 388 et
668 354 727 388 sibi
759 354 940 396 consignari
962 354 1005 387 sa-

264 420 336 443 cere
360 409 461 442 libere
481 409 627 446 valeant„
652 409 883 452 quoquomodo
906 408 1006 451 impe-

265 463 351 496 diant
371 463 419 495 vel
440 463 640 506 perturbent.

310 518 325 558 ξ
346 515 376 549 3.
401 516 491 555 Quod
512 515 537 548 si
558 527 648 549 secus
668 527 685 548 a
706 526 881 558 quoquam,
897 515 1005 558 quiuis

264 570 466 610 auctoritate,
489 570 628 603 scienter
650 569 696 602 vel
717 569 915 610 ignoranter,
931 579 1005 601 con-

266 625 371 667 tigerit
393 624 564 663 attentari,
589 623 758 667 episcopus
783 622 1006 656 Cremonensis

263 689 322 721 pro
343 684 489 721 tempore
510 677 645 710 existens
665 682 717 709 aut
740 676 807 709 eius
827 675 963 708 vicarius
976 675 1006 707 in

264 741 348 767 eum,
378 741 437 774 pro
463 730 615 773 qualitate
640 730 769 773 culpae,
801 740 909 761 severe
940 728 1007 761 ani-

263 785 466 820 madvertere
487 784 599 816 valeat.

309 837 374 881 §4
399 838 468 870 Non
497 837 700 870 obstantibus
725 836 1007 870 constitutionibus

264 897 295 925 et
324 891 585 924 ordinationibus
617 891 818 934 apostolicis:
842 902 876 923 ac
909 891 1008 923 eccle-

263 945 383 978 siarum
397 951 425 977 et
438 944 589 978 ordinum
603 944 799 982 huiusmodi,
812 945 1003 979 iuramento,

264 998 510 1032 confirmatione
539 998 714 1042 apostolica
744 998 791 1031 rel
823 998 933 1041 quavis
954 998 1008 1029 tir-

263 1053 374 1086 mitate
395 1053 456 1085 alia
477 1052 655 1091 roboratis,
678 1052 804 1085 statutis
825 1058 852 1084 et
875 1062 1007 1084 consue-

264 1106 445 1145 tudinibus,
469 1106 646 1150 privilegiis
667 1116 807 1148 quoque,
832 1105 964 1138 indultis
978 1111 1005 1137 et

263 1160 378 1193 litteris
398 1159 582 1203 apostolicis
602 1159 722 1192 eisdem
744 1158 885 1191 ecclesiis
906 1164 934 1191 et
956 1169 1007 1191 or-

264 1214 393 1247 dinibus
413 1224 590 1256 eorumque
605 1212 827 1256 superioribus
848 1218 876 1245 et
898 1223 1005 1255 perso-

262 1267 312 1300 nis
332 1267 364 1300 in
395 1278 513 1310 genere
543 1267 589 1299 vel
622 1266 653 1298 in
683 1266 788 1310 speeie
819 1277 854 1298 ac
876 1266 955 1299 alias
976 1266 1006 1298 in

264 1321 462 1355 contrarium
483 1321 727 1364 quomodolibet
749 1320 917 1359 concessis,
933 1331 1007 1353 con-

264 1375 401 1407 firmatis
421 1380 451 1407 et
472 1374 671 1418 approbatis.
696 1373 820 1414 Quibus
842 1373 1004 1409 omnibus,

264 1428 394 1461 illorum
409 1433 552 1465 tenores,
569 1437 604 1459 ac
618 1427 643 1458 si
659 1427 696 1459 de
711 1426 808 1459 verbo
823 1426 862 1459 ad
875 1426 1007 1458 verbum

266 1482 502 1521 insererentur,
526 1480 748 1524 praesentibus
774 1491 832 1524 pro
854 1480 1027 1526 expressisA

266 1535 430 1575 habentes,
454 1534 516 1567 illis
537 1534 615 1566 alias
645 1533 676 1565 in
703 1544 761 1566 suo
788 1533 906 1566 robore
937 1544 1009 1576 per-

267 1587 437 1627 mansuris,
461 1588 519 1620 hac
541 1587 607 1619 rice
629 1587 803 1627 dumtaxat,
828 1586 1010 1630 specialiter

267 1647 296 1675 et
317 1652 464 1685 expresse
485 1641 689 1683 derogamus,
714 1640 912 1684 caeterisque
934 1651 1009 1673 con-

267 1695 375 1728 trariis
395 1695 662 1738 quibuscumque.

312 1750 327 1791 ξ
342 1748 371 1781 5.
387 1749 551 1782 Monemus
568 1754 674 1780 tamen
696 1748 800 1791 ipsum
822 1748 1007 1791 episcopum.

267 1802 399 1846 eiusque
411 1802 565 1834 vicarium
589 1807 619 1834 ut
641 1802 753 1834 saltem
767 1801 865 1834 semel
879 1801 910 1833 in
924 1811 1008 1833 anno

267 1856 395 1888 cuilibet
423 1855 640 1888 concionatori
674 1855 813 1897 regulari
846 1855 1008 1887 licentiam

266 1909 419 1942 concedat
440 1908 612 1950 colligendi
634 1908 852 1952 eleemosynas
872 1918 930 1951 pro
952 1918 1009 1941 suo

266 1962 461 1996 monasterio
482 1962 556 2001 Ioci,
581 1962 612 1994 in
634 1972 698 2006 quo
719 1962 894 2006 praedicat.
919 1962 943 1994 si
966 1962 1006 1993 il-

265 2017 320 2050 lud
341 2027 414 2049 vere
435 2016 581 2058 indigere
602 2016 797 2058 cognoverit.

308 2071 422 2104 Datum
443 2071 563 2103 Romae
584 2070 615 2102 in
637 2070 741 2103 Monte
761 2069 934 2109 Quirinali,
951 2070 1009 2102 sub

266 2124 385 2157 annulo
410 2124 581 2157 Piscatoris
597 2151 604 2161 ,
629 2123 680 2156 die
699 2134 773 2157 xxlv
793 2123 868 2155 maii
889 2134 1006 2161 imxffl,

265 2178 471 2222 pontificatus
492 2177 592 2210 nostri
615 2188 698 2210 anno
719 2188 739 2210 1.

302 2239 360 2267 Dat.
382 2239 425 2267 die
439 2240 473 2266 ‘21
489 2239 551 2266 maii
567 2239 645 2271 1591,
666 2239 762 2275 pontif.
780 2247 823 2266 an.
840 2246 858 2265 1.

606 2366 668 2398 XX.

270 2447 520 2482 constitutiones
534 2446 663 2488 colleyii
674 2446 856 2488 qermzmici
873 2446 910 2477 [Ie
931 2446 1012 2479 L'rhe

315 2510 376 2532 non
391 2500 537 2543 obliquiu
552 2503 700 2532 rectorem
717 2503 744 2531 et
763 2499 946 2540 collt‘qsiales
969 2499 1012 2531 ml

315 2555 458 2598 ipsarum
479 2553 714 2586 observantiam
736 2553 794 2585 snb
816 2553 924 2595 gyrari,
948 2553 1012 2585 mlx-i

316 2609 352 2640 ln
372 2608 424 2640 his
456 2611 607 2646 tantum,
632 2616 715 2649 quae
746 2617 784 2638 ea*
811 2606 864 2638 sui
892 2611 1011 2639 natura

312 2665 477 2705 peccatum
498 2660 674 2693 includunt
693 2661 710 2692 ¹.

308 2725 319 2751 1
341 2724 379 2751 Ex
394 2724 504 2758 Regest.
526 2723 552 2750 in
568 2723 668 2750 Secret.
687 2722 820 2750 Brevium.

1023 802 1025 811 t
1042 780 1137 813 tionis
1157 781 1329 822 Gregorius
1349 782 1435 824 Papa
1454 782 1531 818 XIII,
1556 781 1783 824 praedecessor

1685 292 1748 326 429
1794 303 1845 329 An.
1864 301 1891 329 c.
1912 302 1974 329 ¹591

1244 351 1403 387 Gregorius
1424 351 1503 384 Papa
1515 351 1586 383 xlv,

1164 406 1200 433 ad
1220 408 1397 439 perpetuam
1415 404 1459 431 rei
1475 404 1657 440 memoriagn.

1084 460 1214 503 Expedit
1238 459 1399 492 interdum
1421 469 1468 499 ea,
1485 469 1567 502 quae
1588 469 1645 502 per
1665 458 1781 491 Roma·
1824 470 1943 491 [mamm.

1040 524 1097 546 nos
1118 513 1301 548 Pontifices,
1326 512 1397 545 licet
1428 511 1561 553 originis
1585 522 1660 543 suae
1691 511 1781 544 initio

1042 567 1174 610 provido
1188 566 1322 599 consilio
1336 571 1452 599 statuta
1465 570 1548 605 sunt,
1564 566 1602 598 ad
1615 565 1780 598 conscien-

1041 621 1156 653 tiarum
1178 621 1327 663 scrupula
1338 619 1533 653 removenda
1546 619 1781 662 aliquantulum

1042 674 1213 706 moderari.

1086 729 1102 769 ξ
1130 727 1153 759 Ι.
1183 728 1262 760 Sane
1301 738 1372 759 cum
1402 727 1478 759 alias
1508 727 1608 760 felicis
1635 727 1783 759 recorda-

1869 738 1981 761 eroganti<

1798 764 1842 785 XIII
1852 767 1982 784 constitutio-

1799 798 1845 811 num
1868 792 1981 810 vimi-xan-

1043 840 1170 869 noster,
1194 835 1233 867 ad
1258 834 1381 866 felicem
1408 834 1619 867 directionem
1652 840 1681 867 et
1706 845 1782 878 pro·
1798 826 1841 864 ἤι’
1863 873 1866 874 ⁷

1042 898 1170 931 sperum
1192 887 1383 927 guliernium
1405 887 1529 929 collegii
1550 887 1729 920 Germanici
1745 887 1783 920 de
1814 879 1864 891 'm'

1042 942 1125 974 [rho
1152 952 1169 974 a
1190 952 1221 974 se
1248 941 1374 984 pridem
1396 941 1512 981 erecti,
1537 941 1684 984 illiusque
1715 941 1783 974 aln-

1043 1006 1192 1028 mnorum
1222 996 1492 1039 superiorumque
1521 1001 1548 1027 et
1578 995 1714 1027 aliorum
1741 995 1784 1027 ibi

1043 1049 1226 1090 degentium
1260 1048 1393 1092 provida
1422 1048 1678 1081 consideratione
1709 1059 1784 1092 pro-

1042 1103 1189 1146 spiciens,
1205 1102 1375 1135 nonnullas
1388 1102 1525 1144 regulas,
1541 1102 1785 1135 constitutiones

1042 1162 1070 1189 et
1085 1155 1303 1189 ordinationes
1315 1155 1400 1188 illius
1413 1155 1537 1197 collegii
1552 1154 1697 1197 regimen
1710 1165 1785 1187 con-

1042 1215 1207 1243 cernentes
1218 1220 1275 1253 per
1288 1220 1360 1242 suas
1373 1209 1493 1241 litteras
1506 1208 1649 1241 kalendis
1662 1208 1782 1252 aprilis,

1042 1263 1248 1307 pontificatus
1268 1263 1316 1296 sui
1338 1273 1422 1296 anno
1443 1273 1499 1300 xil.
1524 1263 1613 1295 datas
1633 1262 1782 1299 ediderit.

1043 1329 1121 1362 quas
1141 1318 1173 1350 in
1193 1317 1309 1350 virtute
1329 1322 1457 1350 sanctae
1471 1316 1671 1349 obedientiae
1686 1322 1716 1349 et
1727 1317 1785 1349 sub

1043 1371 1254 1404 obtestatIOne
1276 1371 1372 1403 dixini
1402 1370 1533 1409 iudicii,
1558 1369 1785 1402 conscientiam

1044 1435 1171 1468 quoque
1203 1424 1300 1468 ipsius
1329 1424 1454 1466 collegii
1486 1423 1618 1456 rectoris
1650 1423 1787 1466 desuper

1044 1478 1208 1510 onerando
1239 1477 1399 1510 observari
1436 1476 1614 1520 praecepit,
1646 1487 1681 1509 ac
1709 1477 1786 1510 alias

1044 1537 1137 1575 prout
1160 1531 1190 1564 ln
1212 1531 1288 1575 ipsis
1307 1530 1420 1564 litteris
1441 1530 1566 1574 plenius
1587 1530 1781 1563 continetur:

1089 1588 1103 1627 ξ
1126 1585 1155 1617 2.
1180 1585 1333 1627 Cumque,
1357 1584 1437 1617 sicut
1459 1583 1651 1627 accepimus,
1676 1594 1711 1616 ex
1725 1583 1786 1617 hoc
1862 1593 1987 1623 scrupulum

1044 1645 1107 1672 tam
1140 1639 1170 1671 in
1206 1638 1412 1682 superiorum
1451 1648 1546 1681 quam
1584 1637 1785 1670 subditorum
1802 1623 1987 1677 {lill⁰¹.2¹„1³‚¹¹¹,f.f.”-I

1044 1692 1204 1724 mentibus
1223 1691 1393 1734 serupulus
1413 1696 1595 1733 generetur,
1619 1701 1658 1723 ne
1679 1690 1788 1723 onmia
1802 1676 1941 1727 i.²1¹1¹-0'·l'13't⁴.'¹¹'¹''¹
1951 1673 1986 1693 ὼ

1044 1746 1075 1778 in
1097 1746 1187 1778 dictis
1208 1745 1322 1778 litteris
1352 1750 1522 1783 contenta,
1547 1755 1628 1787 quae
1649 1744 1789 1788 plurima

1044 1805 1114 1832 sunt
1154 1805 1182 1831 et
1222 1798 1372 1835 minima,
1412 1798 1451 1831 ad
1491 1798 1611 1841 peccati
1651 1808 1787 1841 poenam

1044 1853 1186 1895 olsiligent
1202 1864 1208 1885 2

1089 1907 1103 1950 ξ
1123 1906 1153 1939 3.
1177 1907 1240 1939 Nos
1261 1916 1402 1946 omnem,
1419 1917 1516 1950 super
1534 1905 1716 1950 praemissis
1729 1906 1787 1939 du—
1856 1914 1988 1951 veyctaraun.

1044 1961 1166 1994 bitandi
1201 1960 1370 1994 materiam
1399 1960 1584 2004 praecidere
1599 1988 1606 1996 ,
1630 1960 1789 2004 simulque
1804 1942 1891 1988 llfflffm
1916 1947 1936 1961 ’ἢ
1956 1947 1988 1961 ω’

1045 2015 1314 2048 conscientiarum
1350 2014 1482 2047 rectoris
1514 2019 1542 2047 et
1573 2014 1788 2056 eollegialium

1045 2079 1256 2112 personarum
1277 2067 1353 2101 dicti
1377 2067 1504 2109 collegii
1525 2067 1687 2100 securitati
1708 2077 1786 2099 con-

1045 2123 1148 2155 sulere
1169 2122 1311 2155 volentes
1325 2149 1332 2161 ,
1357 2132 1391 2154 ac
1412 2121 1591 2154 litterarum
1614 2121 1791 2164 praedicta-

1026 2211 1028 2218 ,
1045 2188 1116 2209 rum
1138 2183 1264 2209 tenores
1285 2175 1507 2219 praesentibus
1524 2186 1583 2218 pro
1597 2175 1791 2208 sufficienter

1045 2230 1203 2274 expressis
1228 2230 1405 2267 hahentes,
1430 2235 1518 2262 motu
1546 2229 1678 2273 proprio
1705 2234 1733 2262 et
1755 2240 1791 2262 ex

1045 2290 1132 2317 certa
1152 2290 1262 2316 nostra
1281 2283 1424 2321 scientia,
1441 2294 1498 2327 per
1511 2288 1693 2326 praesentes
1714 2294 1790 2327 apo-

1045 2338 1156 2371 stolica
1178 2337 1367 2370 auctoritate
1389 2337 1592 2370 decernimus
1612 2342 1641 2370 et
1666 2337 1790 2370 delara-

1045 2403 1133 2429 mus,
1157 2396 1364 2434 praeceptum
1391 2396 1420 2423 et
1450 2390 1545 2422 verba
1566 2391 1730 2434 praedicta
1753 2402 1790 2424 ac

1045 2445 1107 2477 alia
1129 2444 1160 2476 in
1182 2444 1303 2476 eisdem
1324 2443 1437 2476 litteris
1451 2449 1600 2477 contenta
1614 2444 1652 2477 ad
1666 2444 1789 2488 peccati

1046 2508 1199 2542 poenam,
1222 2497 1283 2530 nisi
1305 2497 1335 2529 in
1357 2497 1406 2530 liis
1424 2503 1564 2536 tantum,
1586 2508 1667 2540 quae
1685 2508 1721 2530 ex
1741 2497 1788 2530 sui

1046 2559 1159 2585 natura
1180 2557 1346 2596 peccatum
1364 2552 1532 2587 inducunt,
1557 2551 1688 2584 minime
1710 2551 1789 2584 obli-

1046 2618 1136 2646 gare:
1162 2617 1265 2649 neque
1285 2605 1385 2649 ipsius
1402 2605 1547 2648 Gregorii
1565 2605 1789 2649 praedecesso-

1047 2661 1090 2693 ris
1110 2659 1280 2693 voluntatis
1304 2660 1399 2693 fuisse
1430 2660 1516 2704 ipsos
1549 2659 1730 2703 superiores
1760 2664 1790 2692 et

1047 2714 1190 2747 subditos
1211 2725 1246 2747 ex
1259 2714 1309 2747 bis
1324 2714 1446 2758 peccati
1460 2724 1597 2758 poenam
1610 2713 1785 2752 incurrere,
