<?xml version="1.0" encoding="UTF-8"?>
<!DOCTYPE html PUBLIC "-//W3C//DTD XHTML 1.0 Transitional//EN"
    "http://www.w3.org/TR/xhtml1/DTD/xhtml1-transitional.dtd">
<html xmlns="http://www.w3.org/1999/xhtml" xml:lang="en" lang="en">
 <head>
  <title>
</title>
<meta http-equiv="Content-Type" content="text/html;charset=utf-8" />
  <meta name='ocr-system' content='tesseract 3.04.00' />
  <meta name='ocr-capabilities' content='ocr_page ocr_carea ocr_par ocr_line ocrx_word'/>
</head>
<body>
  <div class='ocr_page' id='page_1' title='image "./bullarumdiplomat09cath_0629.png"; bbox 0 0 2226 3070; ppageno 0'>
   <div class='ocr_carea' id='block_1_1' title="bbox 12 298 195 327">
    <p class='ocr_par' dir='ltr' id='par_1_1' title="bbox 12 298 195 327">
     <span class='ocr_line' id='line_1_1' title="bbox 12 298 195 327; baseline -0.005 -1"><span class='ocrx_word' id='word_1_1' title='bbox 12 299 60 327; x_wconf 78' lang='lat' dir='ltr'>An.</span> <span class='ocrx_word' id='word_1_2' title='bbox 83 298 110 326; x_wconf 91' lang='lat' dir='ltr'>C.</span> <span class='ocrx_word' id='word_1_3' title='bbox 128 298 195 326; x_wconf 71' lang='lat'>1592</span> 
     </span>
    </p>
   </div>
   <div class='ocr_carea' id='block_1_2' title="bbox 11 357 195 431">
    <p class='ocr_par' dir='ltr' id='par_1_2' title="bbox 11 357 195 431">
     <span class='ocr_line' id='line_1_2' title="bbox 66 357 194 382; baseline -0.016 -4"><span class='ocrx_word' id='word_1_4' title='bbox 66 357 194 382; x_wconf 70' lang='lat' dir='ltr'>Salariaque</span> 
     </span>
     <span class='ocr_line' id='line_1_3' title="bbox 12 383 195 407; baseline -0.011 -2"><span class='ocrx_word' id='word_1_5' title='bbox 12 383 142 407; x_wconf 79' lang='lat' dir='ltr'>officialium,</span> <span class='ocrx_word' id='word_1_6' title='bbox 158 384 195 403; x_wconf 81' lang='lat' dir='ltr'>an-</span> 
     </span>
     <span class='ocr_line' id='line_1_4' title="bbox 11 409 194 431; baseline -0.005 0"><span class='ocrx_word' id='word_1_7' title='bbox 11 412 81 431; x_wconf 79' lang='lat' dir='ltr'>menta</span> <span class='ocrx_word' id='word_1_8' title='bbox 109 409 194 430; x_wconf 70' lang='lat' dir='ltr'>studen-</span> 
     </span>
    </p>
   </div>
   <div class='ocr_carea' id='block_1_3' title="bbox 12 437 231 462">
    <p class='ocr_par' dir='ltr' id='par_1_3' title="bbox 12 437 231 462">
     <span class='ocr_line' id='line_1_5' title="bbox 12 437 231 462; baseline -0.009 -4"><span class='ocrx_word' id='word_1_9' title='bbox 12 438 69 461; x_wconf 82' lang='lat' dir='ltr'>tium,</span> <span class='ocrx_word' id='word_1_10' title='bbox 79 437 196 462; x_wconf 73' lang='lat' dir='ltr'>puellarum</span> <span class='ocrx_word' id='word_1_11' title='bbox 226 454 231 460; x_wconf 87' lang='grc'><strong><em>,</em></strong></span> 
     </span>
    </p>
   </div>
   <div class='ocr_carea' id='block_1_4' title="bbox 10 464 195 617">
    <p class='ocr_par' dir='ltr' id='par_1_4' title="bbox 10 464 195 617">
     <span class='ocr_line' id='line_1_6' title="bbox 12 464 194 488; baseline -0.016 -3"><span class='ocrx_word' id='word_1_12' title='bbox 12 464 72 485; x_wconf 85' lang='lat' dir='ltr'>dotes</span> <span class='ocrx_word' id='word_1_13' title='bbox 103 469 194 488; x_wconf 71' lang='lat' dir='ltr'>augere.</span> 
     </span>
     <span class='ocr_line' id='line_1_7' title="bbox 11 489 194 515; baseline -0.011 -4"><span class='ocrx_word' id='word_1_14' title='bbox 11 492 47 511; x_wconf 82' lang='lat' dir='ltr'>aut</span> <span class='ocrx_word' id='word_1_15' title='bbox 57 489 100 510; x_wconf 86' lang='lat' dir='ltr'>alio</span> <span class='ocrx_word' id='word_1_16' title='bbox 110 491 194 515; x_wconf 76' lang='lat' dir='ltr'>praete-</span> 
     </span>
     <span class='ocr_line' id='line_1_8' title="bbox 10 516 195 542; baseline -0.011 -5"><span class='ocrx_word' id='word_1_17' title='bbox 10 519 45 538; x_wconf 86' lang='lat' dir='ltr'>xtu</span> <span class='ocrx_word' id='word_1_18' title='bbox 81 516 195 542; x_wconf 81' lang='lat' dir='ltr'>quicquam</span> 
     </span>
     <span class='ocr_line' id='line_1_9' title="bbox 11 542 195 564; baseline -0.011 0"><span class='ocrx_word' id='word_1_19' title='bbox 11 543 64 564; x_wconf 74' lang='lat' dir='ltr'>ultra</span> <span class='ocrx_word' id='word_1_20' title='bbox 95 542 195 562; x_wconf 69' lang='lat' dir='ltr'>tabellam</span> 
     </span>
     <span class='ocr_line' id='line_1_10' title="bbox 11 568 194 595; baseline -0.011 -4"><span class='ocrx_word' id='word_1_21' title='bbox 11 568 130 595; x_wconf 72' lang='lat' dir='ltr'>expendere</span> <span class='ocrx_word' id='word_1_22' title='bbox 154 574 194 589; x_wconf 87' lang='lat' dir='ltr'>non</span> 
     </span>
     <span class='ocr_line' id='line_1_11' title="bbox 13 597 101 617; baseline -0.011 -1"><span class='ocrx_word' id='word_1_23' title='bbox 13 597 101 617; x_wconf 74' lang='lat' dir='ltr'>valeant.</span> 
     </span>
    </p>
   </div>
   <div class='ocr_carea' id='block_1_5' title="bbox 12 2276 197 2590">
    <p class='ocr_par' dir='ltr' id='par_1_5' title="bbox 24 2276 196 2303">
     <span class='ocr_line' id='line_1_12' title="bbox 24 2276 196 2303; baseline 0 -6"><span class='ocrx_word' id='word_1_24' title='bbox 24 2276 141 2303; x_wconf 80' lang='lat' dir='ltr'>Litigantes</span> <span class='ocrx_word' id='word_1_25' title='bbox 149 2282 196 2297; x_wconf 83' lang='lat' dir='ltr'>cum</span> 
     </span>
    </p>

    <p class='ocr_par' dir='ltr' id='par_1_6' title="bbox 12 2303 197 2590">
     <span class='ocr_line' id='line_1_13' title="bbox 12 2303 196 2324; baseline -0.005 0"><span class='ocrx_word' id='word_1_26' title='bbox 12 2303 196 2324; x_wconf 66' lang='lat' dir='ltr'>communitatibus</span> 
     </span>
     <span class='ocr_line' id='line_1_14' title="bbox 13 2330 197 2351; baseline 0 -2"><span class='ocrx_word' id='word_1_27' title='bbox 13 2330 44 2351; x_wconf 75' lang='lat' dir='ltr'>vel</span> <span class='ocrx_word' id='word_1_28' title='bbox 56 2336 127 2350; x_wconf 83' lang='lat' dir='ltr'>earnm</span> <span class='ocrx_word' id='word_1_29' title='bbox 137 2330 197 2350; x_wconf 80' lang='lat' dir='ltr'>debi-</span> 
     </span>
     <span class='ocr_line' id='line_1_15' title="bbox 13 2357 196 2377; baseline -0.005 0"><span class='ocrx_word' id='word_1_30' title='bbox 13 2359 68 2377; x_wconf 83' lang='lat' dir='ltr'>tores</span> <span class='ocrx_word' id='word_1_31' title='bbox 80 2359 115 2377; x_wconf 81' lang='lat' dir='ltr'>aut</span> <span class='ocrx_word' id='word_1_32' title='bbox 131 2357 196 2377; x_wconf 85' lang='lat' dir='ltr'>bono-</span> 
     </span>
     <span class='ocr_line' id='line_1_16' title="bbox 13 2386 196 2409; baseline 0 -6"><span class='ocrx_word' id='word_1_33' title='bbox 13 2389 57 2404; x_wconf 86' lang='lat' dir='ltr'>rum</span> <span class='ocrx_word' id='word_1_34' title='bbox 81 2386 196 2409; x_wconf 74' lang='lat' dir='ltr'>occupato·</span> 
     </span>
     <span class='ocr_line' id='line_1_17' title="bbox 12 2410 196 2436; baseline 0 -6"><span class='ocrx_word' id='word_1_35' title='bbox 12 2415 46 2430; x_wconf 83' lang='lat' dir='ltr'>res</span> <span class='ocrx_word' id='word_1_36' title='bbox 68 2413 88 2430; x_wconf 81' lang='lat' dir='ltr'>et</span> <span class='ocrx_word' id='word_1_37' title='bbox 107 2410 143 2436; x_wconf 87' lang='lat' dir='ltr'>qui</span> <span class='ocrx_word' id='word_1_38' title='bbox 164 2416 196 2430; x_wconf 84' lang='lat' dir='ltr'>ra-</span> 
     </span>
     <span class='ocr_line' id='line_1_18' title="bbox 13 2435 197 2457; baseline 0 -1"><span class='ocrx_word' id='word_1_39' title='bbox 13 2435 90 2457; x_wconf 87' lang='lat' dir='ltr'>tionem</span> <span class='ocrx_word' id='word_1_40' title='bbox 109 2436 197 2457; x_wconf 78' lang='lat' dir='ltr'>admini-</span> 
     </span>
     <span class='ocr_line' id='line_1_19' title="bbox 13 2463 197 2483; baseline 0 0"><span class='ocrx_word' id='word_1_41' title='bbox 13 2463 120 2483; x_wconf 71' lang='lat' dir='ltr'>strationis</span> <span class='ocrx_word' id='word_1_42' title='bbox 155 2469 197 2483; x_wconf 88' lang='lat' dir='ltr'>non</span> 
     </span>
     <span class='ocr_line' id='line_1_20' title="bbox 13 2489 196 2513; baseline -0.005 -3"><span class='ocrx_word' id='word_1_43' title='bbox 13 2489 156 2513; x_wconf 78' lang='lat' dir='ltr'>reddiderunt,</span> <span class='ocrx_word' id='word_1_44' title='bbox 169 2489 196 2509; x_wconf 83' lang='lat' dir='ltr'>ad</span> 
     </span>
     <span class='ocr_line' id='line_1_21' title="bbox 13 2515 197 2542; baseline -0.005 -5"><span class='ocrx_word' id='word_1_45' title='bbox 13 2515 98 2542; x_wconf 79' lang='lat' dir='ltr'>publica</span> <span class='ocrx_word' id='word_1_46' title='bbox 126 2517 197 2537; x_wconf 82' lang='lat' dir='ltr'>officia</span> 
     </span>
     <span class='ocr_line' id='line_1_22' title="bbox 13 2543 196 2564; baseline 0 -1"><span class='ocrx_word' id='word_1_47' title='bbox 13 2547 54 2563; x_wconf 82' lang='lat' dir='ltr'>non</span> <span class='ocrx_word' id='word_1_48' title='bbox 84 2543 196 2564; x_wconf 78' lang='lat' dir='ltr'>admittan-</span> 
     </span>
     <span class='ocr_line' id='line_1_23' title="bbox 14 2571 53 2590; baseline 0.026 -1"><span class='ocrx_word' id='word_1_49' title='bbox 14 2571 53 2590; x_wconf 79' lang='lat' dir='ltr'>tur.</span> 
     </span>
    </p>
   </div>
   <div class='ocr_carea' id='block_1_6' title="bbox 209 299 976 2691">
    <p class='ocr_par' dir='ltr' id='par_1_7' title="bbox 209 299 976 2199">
     <span class='ocr_line' id='line_1_24' title="bbox 826 299 972 324; baseline -0.007 -1"><span class='ocrx_word' id='word_1_50' title='bbox 826 299 972 324; x_wconf 68' lang='lat' dir='ltr'>CLEMENs</span> 
     </span>
     <span class='ocr_line' id='line_1_25' title="bbox 211 346 952 391; baseline 0.001 -11"><span class='ocrx_word' id='word_1_51' title='bbox 211 346 399 380; x_wconf 89' lang='lat' dir='ltr'>muneribus</span> <span class='ocrx_word' id='word_1_52' title='bbox 425 346 585 391; x_wconf 84' lang='lat' dir='ltr'>publicis,</span> <span class='ocrx_word' id='word_1_53' title='bbox 609 357 663 380; x_wconf 88' lang='lat' dir='ltr'>seu</span> <span class='ocrx_word' id='word_1_54' title='bbox 686 347 781 380; x_wconf 88' lang='lat' dir='ltr'>etiam</span> <span class='ocrx_word' id='word_1_55' title='bbox 802 348 952 386; x_wconf 82' lang='lat' dir='ltr'>cibariis,</span> 
     </span>
     <span class='ocr_line' id='line_1_26' title="bbox 211 401 956 444; baseline -0.001 -11"><span class='ocrx_word' id='word_1_56' title='bbox 211 401 381 434; x_wconf 87' lang='lat' dir='ltr'>esculentis</span> <span class='ocrx_word' id='word_1_57' title='bbox 402 407 432 433; x_wconf 87' lang='lat' dir='ltr'>et</span> <span class='ocrx_word' id='word_1_58' title='bbox 452 401 642 444; x_wconf 82' lang='lat' dir='ltr'>poculentis,</span> <span class='ocrx_word' id='word_1_59' title='bbox 667 401 779 444; x_wconf 77' lang='lat' dir='ltr'>epulis,</span> <span class='ocrx_word' id='word_1_60' title='bbox 796 411 956 434; x_wconf 83' lang='lat' dir='ltr'>comessa-</span> 
     </span>
     <span class='ocr_line' id='line_1_27' title="bbox 211 454 957 498; baseline -0.001 -11"><span class='ocrx_word' id='word_1_61' title='bbox 211 455 352 487; x_wconf 83' lang='lat' dir='ltr'>tionibus</span> <span class='ocrx_word' id='word_1_62' title='bbox 373 460 427 488; x_wconf 89' lang='lat' dir='ltr'>aut</span> <span class='ocrx_word' id='word_1_63' title='bbox 446 454 750 498; x_wconf 80' lang='lat' dir='ltr'>compotationibus,</span> <span class='ocrx_word' id='word_1_64' title='bbox 772 455 892 498; x_wconf 88' lang='lat' dir='ltr'>populo</span> <span class='ocrx_word' id='word_1_65' title='bbox 904 460 957 487; x_wconf 81' lang='lat' dir='ltr'>aut</span> 
     </span>
     <span class='ocr_line' id='line_1_28' title="bbox 211 508 955 551; baseline -0.003 -10"><span class='ocrx_word' id='word_1_66' title='bbox 211 508 450 551; x_wconf 75' lang='lat' dir='ltr'>magistratibus</span> <span class='ocrx_word' id='word_1_67' title='bbox 471 509 518 541; x_wconf 87' lang='lat' dir='ltr'>vel</span> <span class='ocrx_word' id='word_1_68' title='bbox 539 508 730 541; x_wconf 78' lang='lat' dir='ltr'>officialibus</span> <span class='ocrx_word' id='word_1_69' title='bbox 748 509 831 541; x_wconf 89' lang='lat' dir='ltr'>ultra</span> <span class='ocrx_word' id='word_1_70' title='bbox 845 519 955 541; x_wconf 87' lang='lat' dir='ltr'>eorum</span> 
     </span>
     <span class='ocr_line' id='line_1_29' title="bbox 210 561 956 601; baseline -0.001 -7"><span class='ocrx_word' id='word_1_71' title='bbox 210 562 325 595; x_wconf 86' lang='lat' dir='ltr'>salaria</span> <span class='ocrx_word' id='word_1_72' title='bbox 339 568 368 594; x_wconf 88' lang='lat' dir='ltr'>et</span> <span class='ocrx_word' id='word_1_73' title='bbox 382 562 612 601; x_wconf 85' lang='lat' dir='ltr'>emolumenta,</span> <span class='ocrx_word' id='word_1_74' title='bbox 630 562 668 594; x_wconf 91' lang='lat' dir='ltr'>de</span> <span class='ocrx_word' id='word_1_75' title='bbox 683 562 751 594; x_wconf 87' lang='lat' dir='ltr'>iure</span> <span class='ocrx_word' id='word_1_76' title='bbox 771 561 817 594; x_wconf 87' lang='lat' dir='ltr'>vel</span> <span class='ocrx_word' id='word_1_77' title='bbox 834 572 868 594; x_wconf 82' lang='lat' dir='ltr'>ex</span> <span class='ocrx_word' id='word_1_78' title='bbox 889 563 956 594; x_wconf 89' lang='lat' dir='ltr'>lau-</span> 
     </span>
     <span class='ocr_line' id='line_1_30' title="bbox 211 614 954 656; baseline -0.001 -9"><span class='ocrx_word' id='word_1_79' title='bbox 211 615 308 647; x_wconf 87' lang='lat' dir='ltr'>dabili</span> <span class='ocrx_word' id='word_1_80' title='bbox 338 615 570 648; x_wconf 82' lang='lat' dir='ltr'>consuetudine</span> <span class='ocrx_word' id='word_1_81' title='bbox 605 615 732 655; x_wconf 89' lang='lat' dir='ltr'>debita,</span> <span class='ocrx_word' id='word_1_82' title='bbox 761 614 954 656; x_wconf 73' lang='lat' dir='ltr'>largiendis,</span> 
     </span>
     <span class='ocr_line' id='line_1_31' title="bbox 210 668 958 712; baseline -0.003 -11"><span class='ocrx_word' id='word_1_83' title='bbox 210 679 266 701; x_wconf 91' lang='lat' dir='ltr'>seu</span> <span class='ocrx_word' id='word_1_84' title='bbox 286 679 344 712; x_wconf 89' lang='lat' dir='ltr'>pro</span> <span class='ocrx_word' id='word_1_85' title='bbox 362 669 563 712; x_wconf 76' lang='lat' dir='ltr'>praestandis</span> <span class='ocrx_word' id='word_1_86' title='bbox 577 668 684 712; x_wconf 88' lang='lat' dir='ltr'>pueris</span> <span class='ocrx_word' id='word_1_87' title='bbox 705 669 752 710; x_wconf 76' lang='lat' dir='ltr'>vel</span> <span class='ocrx_word' id='word_1_88' title='bbox 773 668 958 700; x_wconf 80' lang='lat' dir='ltr'>adolescen-</span> 
     </span>
     <span class='ocr_line' id='line_1_32' title="bbox 211 721 954 761; baseline -0.001 -7"><span class='ocrx_word' id='word_1_89' title='bbox 211 721 294 754; x_wconf 83' lang='lat' dir='ltr'>tibus</span> <span class='ocrx_word' id='word_1_90' title='bbox 314 722 494 755; x_wconf 89' lang='lat' dir='ltr'>studiorum</span> <span class='ocrx_word' id='word_1_91' title='bbox 515 733 609 755; x_wconf 87' lang='lat' dir='ltr'>causa</span> <span class='ocrx_word' id='word_1_92' title='bbox 631 721 801 761; x_wconf 81' lang='lat' dir='ltr'>alimentis,</span> <span class='ocrx_word' id='word_1_93' title='bbox 825 721 873 753; x_wconf 90' lang='lat' dir='ltr'>vel</span> <span class='ocrx_word' id='word_1_94' title='bbox 895 721 954 754; x_wconf 92' lang='lat' dir='ltr'>do—</span> 
     </span>
     <span class='ocr_line' id='line_1_33' title="bbox 211 775 954 819; baseline 0 -12"><span class='ocrx_word' id='word_1_95' title='bbox 211 775 295 809; x_wconf 82' lang='lat' dir='ltr'>tibus</span> <span class='ocrx_word' id='word_1_96' title='bbox 313 776 576 819; x_wconf 83' lang='lat' dir='ltr'>puellarumnon</span> <span class='ocrx_word' id='word_1_97' title='bbox 596 776 758 818; x_wconf 68' lang='lat' dir='ltr'>egentium</span> <span class='ocrx_word' id='word_1_98' title='bbox 781 775 954 817; x_wconf 78' lang='lat' dir='ltr'>augendis,</span> 
     </span>
     <span class='ocr_line' id='line_1_34' title="bbox 212 828 955 873; baseline -0.001 -12"><span class='ocrx_word' id='word_1_99' title='bbox 212 835 265 862; x_wconf 90' lang='lat' dir='ltr'>aut</span> <span class='ocrx_word' id='word_1_100' title='bbox 285 839 344 873; x_wconf 88' lang='lat' dir='ltr'>pro</span> <span class='ocrx_word' id='word_1_101' title='bbox 358 829 545 862; x_wconf 76' lang='lat' dir='ltr'>exhibendis</span> <span class='ocrx_word' id='word_1_102' title='bbox 557 829 758 872; x_wconf 78' lang='lat' dir='ltr'>spectaculis,</span> <span class='ocrx_word' id='word_1_103' title='bbox 776 829 871 861; x_wconf 88' lang='lat' dir='ltr'>etiam</span> <span class='ocrx_word' id='word_1_104' title='bbox 885 828 955 872; x_wconf 84' lang='lat' dir='ltr'>piis,</span> 
     </span>
     <span class='ocr_line' id='line_1_35' title="bbox 213 882 959 925; baseline 0 -11"><span class='ocrx_word' id='word_1_105' title='bbox 213 888 243 915; x_wconf 90' lang='lat' dir='ltr'>et</span> <span class='ocrx_word' id='word_1_106' title='bbox 260 882 343 915; x_wconf 88' lang='lat' dir='ltr'>intra</span> <span class='ocrx_word' id='word_1_107' title='bbox 363 883 514 916; x_wconf 84' lang='lat' dir='ltr'>ecclesias</span> <span class='ocrx_word' id='word_1_108' title='bbox 534 884 581 917; x_wconf 89' lang='lat' dir='ltr'>vel</span> <span class='ocrx_word' id='word_1_109' title='bbox 603 889 690 916; x_wconf 83' lang='lat' dir='ltr'>extra</span> <span class='ocrx_word' id='word_1_110' title='bbox 711 894 764 916; x_wconf 86' lang='lat' dir='ltr'>eas</span> <span class='ocrx_word' id='word_1_111' title='bbox 782 883 813 915; x_wconf 90' lang='lat' dir='ltr'>in</span> <span class='ocrx_word' id='word_1_112' title='bbox 827 882 959 925; x_wconf 89' lang='lat' dir='ltr'>quibus-</span> 
     </span>
     <span class='ocr_line' id='line_1_36' title="bbox 211 935 958 980; baseline 0 -12"><span class='ocrx_word' id='word_1_113' title='bbox 211 935 257 969; x_wconf 87' lang='lat' dir='ltr'>vis</span> <span class='ocrx_word' id='word_1_114' title='bbox 276 936 414 980; x_wconf 89' lang='lat' dir='ltr'>publicis</span> <span class='ocrx_word' id='word_1_115' title='bbox 434 943 487 970; x_wconf 87' lang='lat' dir='ltr'>aut</span> <span class='ocrx_word' id='word_1_116' title='bbox 509 937 658 980; x_wconf 35' lang='lat' dir='ltr'>pri-vatis,</span> <span class='ocrx_word' id='word_1_117' title='bbox 682 936 780 969; x_wconf 83' lang='lat' dir='ltr'>saeris</span> <span class='ocrx_word' id='word_1_118' title='bbox 810 942 861 968; x_wconf 90' lang='lat' dir='ltr'>aut</span> <span class='ocrx_word' id='word_1_119' title='bbox 883 946 958 979; x_wconf 89' lang='lat' dir='ltr'>pro-</span> 
     </span>
     <span class='ocr_line' id='line_1_37' title="bbox 212 989 959 1033; baseline 0 -11"><span class='ocrx_word' id='word_1_120' title='bbox 212 989 326 1033; x_wconf 84' lang='lat' dir='ltr'>phanis</span> <span class='ocrx_word' id='word_1_121' title='bbox 343 990 432 1031; x_wconf 80' lang='lat' dir='ltr'>loeis‚</span> <span class='ocrx_word' id='word_1_122' title='bbox 450 991 544 1023; x_wconf 84' lang='lat' dir='ltr'>etiam</span> <span class='ocrx_word' id='word_1_123' title='bbox 559 991 613 1023; x_wconf 90' lang='lat' dir='ltr'>ubi</span> <span class='ocrx_word' id='word_1_124' title='bbox 634 991 824 1024; x_wconf 88' lang='lat' dir='ltr'>Sanctorum</span> <span class='ocrx_word' id='word_1_125' title='bbox 839 997 866 1022; x_wconf 89' lang='lat' dir='ltr'>et</span> <span class='ocrx_word' id='word_1_126' title='bbox 881 990 959 1023; x_wconf 84' lang='lat' dir='ltr'>San-</span> 
     </span>
     <span class='ocr_line' id='line_1_38' title="bbox 211 1042 959 1087; baseline -0.003 -11"><span class='ocrx_word' id='word_1_127' title='bbox 211 1048 334 1076; x_wconf 83' lang='lat' dir='ltr'>ctarum</span> <span class='ocrx_word' id='word_1_128' title='bbox 355 1043 418 1076; x_wconf 89' lang='lat' dir='ltr'>vita</span> <span class='ocrx_word' id='word_1_129' title='bbox 449 1049 503 1076; x_wconf 88' lang='lat' dir='ltr'>aut</span> <span class='ocrx_word' id='word_1_130' title='bbox 533 1054 582 1076; x_wconf 83' lang='lat' dir='ltr'>res</span> <span class='ocrx_word' id='word_1_131' title='bbox 612 1044 663 1087; x_wconf 87' lang='lat' dir='ltr'>pie</span> <span class='ocrx_word' id='word_1_132' title='bbox 693 1049 800 1086; x_wconf 74' lang='lat' dir='ltr'>gestae</span> <span class='ocrx_word' id='word_1_133' title='bbox 831 1042 959 1087; x_wconf 89' lang='lat' dir='ltr'>populis</span> 
     </span>
     <span class='ocr_line' id='line_1_39' title="bbox 211 1096 959 1141; baseline -0.001 -12"><span class='ocrx_word' id='word_1_134' title='bbox 211 1098 405 1140; x_wconf 80' lang='lat' dir='ltr'>spectandae</span> <span class='ocrx_word' id='word_1_135' title='bbox 426 1103 664 1141; x_wconf 72' lang='lat' dir='ltr'>proponuntur,</span> <span class='ocrx_word' id='word_1_136' title='bbox 688 1097 753 1131; x_wconf 84' lang='lat' dir='ltr'>sive</span> <span class='ocrx_word' id='word_1_137' title='bbox 774 1097 869 1130; x_wconf 86' lang='lat' dir='ltr'>etiam</span> <span class='ocrx_word' id='word_1_138' title='bbox 890 1096 959 1140; x_wconf 89' lang='lat' dir='ltr'>pio-</span> 
     </span>
     <span class='ocr_line' id='line_1_40' title="bbox 210 1151 958 1194; baseline -0.001 -11"><span class='ocrx_word' id='word_1_139' title='bbox 210 1161 282 1183; x_wconf 91' lang='lat' dir='ltr'>rum</span> <span class='ocrx_word' id='word_1_140' title='bbox 304 1161 438 1194; x_wconf 86' lang='lat' dir='ltr'>operum</span> <span class='ocrx_word' id='word_1_141' title='bbox 466 1156 496 1184; x_wconf 89' lang='lat' dir='ltr'>et.</span> <span class='ocrx_word' id='word_1_142' title='bbox 517 1151 680 1184; x_wconf 85' lang='lat' dir='ltr'>charitatis</span> <span class='ocrx_word' id='word_1_143' title='bbox 708 1162 763 1183; x_wconf 89' lang='lat' dir='ltr'>seu</span> <span class='ocrx_word' id='word_1_144' title='bbox 784 1151 958 1193; x_wconf 75' lang='lat' dir='ltr'>eleemosy-</span> 
     </span>
     <span class='ocr_line' id='line_1_41' title="bbox 211 1203 958 1248; baseline -0.001 -12"><span class='ocrx_word' id='word_1_145' title='bbox 211 1214 270 1237; x_wconf 85' lang='lat' dir='ltr'>nae</span> <span class='ocrx_word' id='word_1_146' title='bbox 291 1209 468 1248; x_wconf 81' lang='lat' dir='ltr'>praetextu,</span> <span class='ocrx_word' id='word_1_147' title='bbox 493 1210 546 1237; x_wconf 87' lang='lat' dir='ltr'>aut</span> <span class='ocrx_word' id='word_1_148' title='bbox 564 1204 642 1237; x_wconf 89' lang='lat' dir='ltr'>alias</span> <span class='ocrx_word' id='word_1_149' title='bbox 663 1204 693 1236; x_wconf 91' lang='lat' dir='ltr'>in</span> <span class='ocrx_word' id='word_1_150' title='bbox 715 1203 885 1247; x_wconf 86' lang='lat' dir='ltr'>praedictis</span> <span class='ocrx_word' id='word_1_151' title='bbox 903 1214 958 1235; x_wconf 89' lang='lat' dir='ltr'>seu</span> 
     </span>
     <span class='ocr_line' id='line_1_42' title="bbox 209 1256 957 1301; baseline -0.001 -12"><span class='ocrx_word' id='word_1_152' title='bbox 209 1257 279 1289; x_wconf 89' lang='lat' dir='ltr'>aliis</span> <span class='ocrx_word' id='word_1_153' title='bbox 297 1257 393 1290; x_wconf 90' lang='lat' dir='ltr'>rebus</span> <span class='ocrx_word' id='word_1_154' title='bbox 413 1258 658 1301; x_wconf 79' lang='lat' dir='ltr'>supervacaneis</span> <span class='ocrx_word' id='word_1_155' title='bbox 679 1256 710 1289; x_wconf 91' lang='lat' dir='ltr'>in</span> <span class='ocrx_word' id='word_1_156' title='bbox 732 1257 818 1290; x_wconf 85' lang='lat' dir='ltr'>dicto</span> <span class='ocrx_word' id='word_1_157' title='bbox 846 1256 957 1289; x_wconf 88' lang='lat' dir='ltr'>libello</span> 
     </span>
     <span class='ocr_line' id='line_1_43' title="bbox 209 1310 957 1355; baseline -0.001 -12"><span class='ocrx_word' id='word_1_158' title='bbox 209 1321 265 1343; x_wconf 86' lang='lat' dir='ltr'>seu</span> <span class='ocrx_word' id='word_1_159' title='bbox 287 1311 403 1343; x_wconf 88' lang='lat' dir='ltr'>tabella</span> <span class='ocrx_word' id='word_1_160' title='bbox 423 1321 486 1344; x_wconf 90' lang='lat' dir='ltr'>non</span> <span class='ocrx_word' id='word_1_161' title='bbox 508 1310 667 1344; x_wconf 85' lang='lat' dir='ltr'>contentis</span> <span class='ocrx_word' id='word_1_162' title='bbox 682 1338 689 1349; x_wconf 96' lang='lat'>,</span> <span class='ocrx_word' id='word_1_163' title='bbox 713 1311 767 1343; x_wconf 85' lang='lat' dir='ltr'>sed</span> <span class='ocrx_word' id='word_1_164' title='bbox 800 1311 839 1343; x_wconf 89' lang='lat' dir='ltr'>ad</span> <span class='ocrx_word' id='word_1_165' title='bbox 865 1321 957 1355; x_wconf 91' lang='lat' dir='ltr'>pom-</span> 
     </span>
     <span class='ocr_line' id='line_1_44' title="bbox 209 1364 958 1407; baseline -0.001 -10"><span class='ocrx_word' id='word_1_166' title='bbox 209 1374 284 1407; x_wconf 85' lang='lat' dir='ltr'>pam</span> <span class='ocrx_word' id='word_1_167' title='bbox 305 1370 334 1397; x_wconf 88' lang='lat' dir='ltr'>et</span> <span class='ocrx_word' id='word_1_168' title='bbox 361 1364 607 1397; x_wconf 81' lang='lat' dir='ltr'>ostentationem</span> <span class='ocrx_word' id='word_1_169' title='bbox 629 1370 681 1397; x_wconf 86' lang='lat' dir='ltr'>aut</span> <span class='ocrx_word' id='word_1_170' title='bbox 703 1365 741 1397; x_wconf 91' lang='lat' dir='ltr'>ad</span> <span class='ocrx_word' id='word_1_171' title='bbox 772 1364 958 1397; x_wconf 87' lang='lat' dir='ltr'>oblectatio-</span> 
     </span>
     <span class='ocr_line' id='line_1_45' title="bbox 209 1417 976 1461; baseline 0 -11"><span class='ocrx_word' id='word_1_172' title='bbox 209 1428 283 1450; x_wconf 86' lang='lat' dir='ltr'>nem</span> <span class='ocrx_word' id='word_1_173' title='bbox 315 1418 364 1450; x_wconf 89' lang='lat' dir='ltr'>vel</span> <span class='ocrx_word' id='word_1_174' title='bbox 395 1428 573 1461; x_wconf 89' lang='lat' dir='ltr'>paucorum</span> <span class='ocrx_word' id='word_1_175' title='bbox 608 1418 733 1450; x_wconf 86' lang='lat' dir='ltr'>lucrum</span> <span class='ocrx_word' id='word_1_176' title='bbox 771 1424 799 1450; x_wconf 85' lang='lat' dir='ltr'>et</span> <span class='ocrx_word' id='word_1_177' title='bbox 836 1417 976 1461; x_wconf 69' lang='lat' dir='ltr'>privata*</span> 
     </span>
     <span class='ocr_line' id='line_1_46' title="bbox 210 1472 954 1515; baseline 0 -11"><span class='ocrx_word' id='word_1_178' title='bbox 210 1472 382 1504; x_wconf 86' lang='lat' dir='ltr'>commoda</span> <span class='ocrx_word' id='word_1_179' title='bbox 413 1472 657 1515; x_wconf 82' lang='lat' dir='ltr'>quomodolibet</span> <span class='ocrx_word' id='word_1_180' title='bbox 695 1472 954 1515; x_wconf 88' lang='lat' dir='ltr'>pertinentibus,</span> 
     </span>
     <span class='ocr_line' id='line_1_47' title="bbox 210 1525 957 1568; baseline 0 -11"><span class='ocrx_word' id='word_1_181' title='bbox 210 1530 357 1568; x_wconf 89' lang='lat' dir='ltr'>sumptus</span> <span class='ocrx_word' id='word_1_182' title='bbox 377 1530 431 1557; x_wconf 84' lang='lat' dir='ltr'>aut</span> <span class='ocrx_word' id='word_1_183' title='bbox 453 1525 612 1568; x_wconf 86' lang='lat' dir='ltr'>impensas</span> <span class='ocrx_word' id='word_1_184' title='bbox 633 1525 757 1568; x_wconf 89' lang='lat' dir='ltr'>aliquas</span> <span class='ocrx_word' id='word_1_185' title='bbox 773 1525 957 1564; x_wconf 87' lang='lat' dir='ltr'>facerc,nisi</span> 
     </span>
     <span class='ocr_line' id='line_1_48' title="bbox 210 1578 957 1622; baseline 0 -12"><span class='ocrx_word' id='word_1_186' title='bbox 210 1588 244 1610; x_wconf 87' lang='lat' dir='ltr'>re</span> <span class='ocrx_word' id='word_1_187' title='bbox 264 1578 332 1621; x_wconf 89' lang='lat' dir='ltr'>ipsa</span> <span class='ocrx_word' id='word_1_188' title='bbox 352 1589 411 1622; x_wconf 90' lang='lat' dir='ltr'>pro</span> <span class='ocrx_word' id='word_1_189' title='bbox 433 1578 540 1611; x_wconf 89' lang='lat' dir='ltr'>divino</span> <span class='ocrx_word' id='word_1_190' title='bbox 562 1578 649 1611; x_wconf 89' lang='lat' dir='ltr'>cultu</span> <span class='ocrx_word' id='word_1_191' title='bbox 675 1585 702 1611; x_wconf 88' lang='lat' dir='ltr'>et</span> <span class='ocrx_word' id='word_1_192' title='bbox 732 1579 814 1611; x_wconf 86' lang='lat' dir='ltr'>veris</span> <span class='ocrx_word' id='word_1_193' title='bbox 844 1578 957 1612; x_wconf 78' lang='lat' dir='ltr'>Christi</span> 
     </span>
     <span class='ocr_line' id='line_1_49' title="bbox 210 1631 958 1675; baseline 0.001 -12"><span class='ocrx_word' id='word_1_194' title='bbox 210 1641 390 1675; x_wconf 86' lang='lat' dir='ltr'>pauperum</span> <span class='ocrx_word' id='word_1_195' title='bbox 412 1631 606 1674; x_wconf 76' lang='lat' dir='ltr'>indigentiis,</span> <span class='ocrx_word' id='word_1_196' title='bbox 623 1631 661 1664; x_wconf 89' lang='lat' dir='ltr'>de</span> <span class='ocrx_word' id='word_1_197' title='bbox 683 1632 818 1664; x_wconf 89' lang='lat' dir='ltr'>consilio</span> <span class='ocrx_word' id='word_1_198' title='bbox 840 1637 867 1663; x_wconf 84' lang='lat' dir='ltr'>ct</span> <span class='ocrx_word' id='word_1_199' title='bbox 883 1642 958 1664; x_wconf 88' lang='lat' dir='ltr'>con-</span> 
     </span>
     <span class='ocr_line' id='line_1_50' title="bbox 210 1684 958 1729; baseline 0.001 -13"><span class='ocrx_word' id='word_1_200' title='bbox 210 1695 305 1717; x_wconf 87' lang='lat' dir='ltr'>sensu</span> <span class='ocrx_word' id='word_1_201' title='bbox 326 1684 386 1718; x_wconf 77' lang='lat' dir='ltr'>loci</span> <span class='ocrx_word' id='word_1_202' title='bbox 405 1684 576 1724; x_wconf 83' lang='lat' dir='ltr'>Ordinarii‚</span> <span class='ocrx_word' id='word_1_203' title='bbox 593 1685 807 1725; x_wconf 83' lang='lat' dir='ltr'>sublevandis,</span> <span class='ocrx_word' id='word_1_204' title='bbox 825 1691 878 1718; x_wconf 89' lang='lat' dir='ltr'>aut</span> <span class='ocrx_word' id='word_1_205' title='bbox 898 1695 958 1729; x_wconf 84' lang='lat' dir='ltr'>pro</span> 
     </span>
     <span class='ocr_line' id='line_1_51' title="bbox 210 1737 958 1782; baseline 0.001 -12"><span class='ocrx_word' id='word_1_206' title='bbox 210 1737 248 1771; x_wconf 89' lang='lat' dir='ltr'>iis</span> <span class='ocrx_word' id='word_1_207' title='bbox 268 1743 391 1771; x_wconf 86' lang='lat' dir='ltr'>tantum</span> <span class='ocrx_word' id='word_1_208' title='bbox 420 1738 481 1782; x_wconf 91' lang='lat' dir='ltr'>piis</span> <span class='ocrx_word' id='word_1_209' title='bbox 502 1738 585 1771; x_wconf 91' lang='lat' dir='ltr'>ludis</span> <span class='ocrx_word' id='word_1_210' title='bbox 605 1738 755 1782; x_wconf 87' lang='lat' dir='ltr'>publicis,</span> <span class='ocrx_word' id='word_1_211' title='bbox 778 1739 831 1782; x_wconf 92' lang='lat' dir='ltr'>qui</span> <span class='ocrx_word' id='word_1_212' title='bbox 853 1750 890 1771; x_wconf 82' lang='lat' dir='ltr'>ex</span> <span class='ocrx_word' id='word_1_213' title='bbox 912 1739 958 1771; x_wconf 89' lang='lat' dir='ltr'>in-</span> 
     </span>
     <span class='ocr_line' id='line_1_52' title="bbox 210 1792 957 1836; baseline 0.003 -13"><span class='ocrx_word' id='word_1_214' title='bbox 210 1797 350 1825; x_wconf 86' lang='lat' dir='ltr'>veterato</span> <span class='ocrx_word' id='word_1_215' title='bbox 370 1803 430 1824; x_wconf 90' lang='lat' dir='ltr'>usu</span> <span class='ocrx_word' id='word_1_216' title='bbox 450 1792 702 1835; x_wconf 87' lang='lat' dir='ltr'>permittuntur,</span> <span class='ocrx_word' id='word_1_217' title='bbox 727 1798 757 1825; x_wconf 85' lang='lat' dir='ltr'>et</span> <span class='ocrx_word' id='word_1_218' title='bbox 777 1792 809 1824; x_wconf 91' lang='lat' dir='ltr'>in</span> <span class='ocrx_word' id='word_1_219' title='bbox 830 1792 957 1836; x_wconf 86' lang='lat' dir='ltr'>praedi-</span> 
     </span>
     <span class='ocr_line' id='line_1_53' title="bbox 211 1845 957 1889; baseline 0.001 -12"><span class='ocrx_word' id='word_1_220' title='bbox 211 1851 260 1878; x_wconf 79' lang='lat' dir='ltr'>cta</span> <span class='ocrx_word' id='word_1_221' title='bbox 274 1845 391 1878; x_wconf 87' lang='lat' dir='ltr'>tabella</span> <span class='ocrx_word' id='word_1_222' title='bbox 412 1855 468 1878; x_wconf 88' lang='lat' dir='ltr'>seu</span> <span class='ocrx_word' id='word_1_223' title='bbox 489 1845 597 1878; x_wconf 91' lang='lat' dir='ltr'>libello</span> <span class='ocrx_word' id='word_1_224' title='bbox 612 1845 843 1889; x_wconf 79' lang='lat' dir='ltr'>exprimentur,</span> <span class='ocrx_word' id='word_1_225' title='bbox 854 1851 957 1878; x_wconf 79' lang='lat' dir='ltr'>laxam</span> 
     </span>
     <span class='ocr_line' id='line_1_54' title="bbox 209 1898 958 1943; baseline 0.003 -13"><span class='ocrx_word' id='word_1_226' title='bbox 209 1909 227 1930; x_wconf 88' lang='lat' dir='ltr'>a</span> <span class='ocrx_word' id='word_1_227' title='bbox 248 1898 463 1940; x_wconf 82' lang='lat' dir='ltr'>gubernatore</span> <span class='ocrx_word' id='word_1_228' title='bbox 483 1909 539 1932; x_wconf 88' lang='lat' dir='ltr'>seu</span> <span class='ocrx_word' id='word_1_229' title='bbox 560 1899 708 1942; x_wconf 85' lang='lat' dir='ltr'>praeside</span> <span class='ocrx_word' id='word_1_230' title='bbox 729 1904 781 1932; x_wconf 87' lang='lat' dir='ltr'>aut</span> <span class='ocrx_word' id='word_1_231' title='bbox 802 1904 958 1943; x_wconf 78' lang='lat' dir='ltr'>potestate</span> 
     </span>
     <span class='ocr_line' id='line_1_55' title="bbox 209 1952 956 1996; baseline 0.001 -12"><span class='ocrx_word' id='word_1_232' title='bbox 209 1952 308 1996; x_wconf 89' lang='lat' dir='ltr'>ipsius</span> <span class='ocrx_word' id='word_1_233' title='bbox 328 1952 533 1996; x_wconf 82' lang='lat' dir='ltr'>provinciae,</span> <span class='ocrx_word' id='word_1_234' title='bbox 557 1952 692 1986; x_wconf 85' lang='lat' dir='ltr'>civitatis</span> <span class='ocrx_word' id='word_1_235' title='bbox 721 1959 775 1986; x_wconf 89' lang='lat' dir='ltr'>aut</span> <span class='ocrx_word' id='word_1_236' title='bbox 799 1953 882 1993; x_wconf 89' lang='lat' dir='ltr'>loci,</span> <span class='ocrx_word' id='word_1_237' title='bbox 907 1953 956 1986; x_wconf 80' lang='lat' dir='ltr'>cui</span> 
     </span>
     <span class='ocr_line' id='line_1_56' title="bbox 209 2006 957 2051; baseline 0.003 -13"><span class='ocrx_word' id='word_1_238' title='bbox 209 2006 354 2046; x_wconf 86' lang='lat' dir='ltr'>subsunt,</span> <span class='ocrx_word' id='word_1_239' title='bbox 378 2006 633 2050; x_wconf 81' lang='lat' dir='ltr'>praefigendam,</span> <span class='ocrx_word' id='word_1_240' title='bbox 655 2016 737 2050; x_wconf 89' lang='lat' dir='ltr'>quae</span> <span class='ocrx_word' id='word_1_241' title='bbox 758 2006 790 2039; x_wconf 88' lang='lat' dir='ltr'>in</span> <span class='ocrx_word' id='word_1_242' title='bbox 811 2007 957 2051; x_wconf 87' lang='lat' dir='ltr'>supradi-</span> 
     </span>
     <span class='ocr_line' id='line_1_57' title="bbox 210 2059 954 2103; baseline -0.001 -11"><span class='ocrx_word' id='word_1_243' title='bbox 210 2064 260 2092; x_wconf 84' lang='lat' dir='ltr'>cto</span> <span class='ocrx_word' id='word_1_244' title='bbox 280 2059 390 2092; x_wconf 90' lang='lat' dir='ltr'>libello</span> <span class='ocrx_word' id='word_1_245' title='bbox 411 2070 466 2092; x_wconf 92' lang='lat' dir='ltr'>seu</span> <span class='ocrx_word' id='word_1_246' title='bbox 488 2059 605 2092; x_wconf 87' lang='lat' dir='ltr'>tabella</span> <span class='ocrx_word' id='word_1_247' title='bbox 630 2059 864 2103; x_wconf 84' lang='lat' dir='ltr'>comprehensa</span> <span class='ocrx_word' id='word_1_248' title='bbox 884 2060 954 2099; x_wconf 87' lang='lat' dir='ltr'>erit,</span> 
     </span>
     <span class='ocr_line' id='line_1_58' title="bbox 209 2113 957 2157; baseline 0.001 -13"><span class='ocrx_word' id='word_1_249' title='bbox 209 2122 274 2145; x_wconf 89' lang='lat' dir='ltr'>non</span> <span class='ocrx_word' id='word_1_250' title='bbox 311 2113 554 2154; x_wconf 83' lang='lat' dir='ltr'>excedentibus,</span> <span class='ocrx_word' id='word_1_251' title='bbox 589 2119 735 2157; x_wconf 89' lang='lat' dir='ltr'>sumptus</span> <span class='ocrx_word' id='word_1_252' title='bbox 771 2113 957 2146; x_wconf 90' lang='lat' dir='ltr'>huiusmodi</span> 
     </span>
     <span class='ocr_line' id='line_1_59' title="bbox 210 2166 300 2199; baseline 0.011 -1"><span class='ocrx_word' id='word_1_253' title='bbox 210 2166 300 2199; x_wconf 86' lang='lat' dir='ltr'>fiant.</span> 
     </span>
    </p>

    <p class='ocr_par' dir='ltr' id='par_1_8' title="bbox 211 2219 961 2691">
     <span class='ocr_line' id='line_1_60' title="bbox 255 2219 957 2264; baseline -0.001 -11"><span class='ocrx_word' id='word_1_254' title='bbox 255 2222 272 2262; x_wconf 64' lang='grc' dir='ltr'>ξ</span> <span class='ocrx_word' id='word_1_255' title='bbox 294 2219 346 2253; x_wconf 77' lang='grc'>16,</span> <span class='ocrx_word' id='word_1_256' title='bbox 369 2220 582 2253; x_wconf 75' lang='lat' dir='ltr'>prohibemus</span> <span class='ocrx_word' id='word_1_257' title='bbox 597 2220 728 2264; x_wconf 87' lang='lat' dir='ltr'>insuper</span> <span class='ocrx_word' id='word_1_258' title='bbox 747 2231 787 2254; x_wconf 92' lang='lat' dir='ltr'>ne</span> <span class='ocrx_word' id='word_1_259' title='bbox 809 2220 957 2264; x_wconf 86' lang='lat' dir='ltr'>quicum-</span> 
     </span>
     <span class='ocr_line' id='line_1_61' title="bbox 211 2274 958 2318; baseline -0.001 -11"><span class='ocrx_word' id='word_1_260' title='bbox 211 2285 274 2317; x_wconf 85' lang='lat' dir='ltr'>que</span> <span class='ocrx_word' id='word_1_261' title='bbox 295 2274 389 2313; x_wconf 86' lang='lat' dir='ltr'>cives‚</span> <span class='ocrx_word' id='word_1_262' title='bbox 406 2274 558 2318; x_wconf 86' lang='lat' dir='ltr'>oppidani</span> <span class='ocrx_word' id='word_1_263' title='bbox 573 2279 633 2307; x_wconf 88' lang='lat' dir='ltr'>aut</span> <span class='ocrx_word' id='word_1_264' title='bbox 657 2274 792 2314; x_wconf 74' lang='lat' dir='ltr'>incolae,</span> <span class='ocrx_word' id='word_1_265' title='bbox 807 2274 861 2317; x_wconf 89' lang='lat' dir='ltr'>qui</span> <span class='ocrx_word' id='word_1_266' title='bbox 882 2285 958 2307; x_wconf 83' lang='lat' dir='ltr'>suae</span> 
     </span>
     <span class='ocr_line' id='line_1_62' title="bbox 212 2327 957 2361; baseline -0.001 -1"><span class='ocrx_word' id='word_1_267' title='bbox 212 2328 450 2361; x_wconf 82' lang='lat' dir='ltr'>communitatis</span> <span class='ocrx_word' id='word_1_268' title='bbox 480 2334 531 2360; x_wconf 90' lang='lat' dir='ltr'>aut</span> <span class='ocrx_word' id='word_1_269' title='bbox 555 2327 768 2361; x_wconf 85' lang='lat' dir='ltr'>universitatis</span> <span class='ocrx_word' id='word_1_270' title='bbox 797 2328 957 2360; x_wconf 88' lang='lat' dir='ltr'>bonorum</span> 
     </span>
     <span class='ocr_line' id='line_1_63' title="bbox 213 2381 958 2425; baseline -0.001 -11"><span class='ocrx_word' id='word_1_271' title='bbox 213 2381 409 2421; x_wconf 87' lang='lat' dir='ltr'>detentores,</span> <span class='ocrx_word' id='word_1_272' title='bbox 426 2386 646 2425; x_wconf 80' lang='lat' dir='ltr'>usurpatores,</span> <span class='ocrx_word' id='word_1_273' title='bbox 662 2387 872 2425; x_wconf 80' lang='lat' dir='ltr'>occupatores</span> <span class='ocrx_word' id='word_1_274' title='bbox 890 2383 958 2413; x_wconf 88' lang='lat' dir='ltr'>t&#39;ue-</span> 
     </span>
     <span class='ocr_line' id='line_1_64' title="bbox 212 2434 960 2479; baseline 0 -12"><span class='ocrx_word' id='word_1_275' title='bbox 212 2435 286 2475; x_wconf 90' lang='lat' dir='ltr'>rint,</span> <span class='ocrx_word' id='word_1_276' title='bbox 310 2434 404 2479; x_wconf 88' lang='lat' dir='ltr'>quive</span> <span class='ocrx_word' id='word_1_277' title='bbox 425 2440 538 2468; x_wconf 88' lang='lat' dir='ltr'>contra</span> <span class='ocrx_word' id='word_1_278' title='bbox 558 2434 641 2478; x_wconf 87' lang='lat' dir='ltr'>ipsas</span> <span class='ocrx_word' id='word_1_279' title='bbox 663 2434 910 2467; x_wconf 83' lang='lat' dir='ltr'>communitates</span> <span class='ocrx_word' id='word_1_280' title='bbox 923 2434 960 2466; x_wconf 91' lang='lat' dir='ltr'>li-</span> 
     </span>
     <span class='ocr_line' id='line_1_65' title="bbox 212 2488 961 2533; baseline -0.003 -11"><span class='ocrx_word' id='word_1_281' title='bbox 212 2495 276 2522; x_wconf 90' lang='lat' dir='ltr'>tem</span> <span class='ocrx_word' id='word_1_282' title='bbox 306 2489 447 2533; x_wconf 85' lang='lat' dir='ltr'>aliquam</span> <span class='ocrx_word' id='word_1_283' title='bbox 476 2499 531 2522; x_wconf 88' lang='lat' dir='ltr'>seu</span> <span class='ocrx_word' id='word_1_284' title='bbox 560 2488 809 2522; x_wconf 82' lang='lat' dir='ltr'>controversiam</span> <span class='ocrx_word' id='word_1_285' title='bbox 840 2488 961 2521; x_wconf 89' lang='lat' dir='ltr'>habue-</span> 
     </span>
     <span class='ocr_line' id='line_1_66' title="bbox 212 2542 959 2586; baseline -0.001 -11"><span class='ocrx_word' id='word_1_286' title='bbox 212 2543 286 2583; x_wconf 87' lang='lat' dir='ltr'>rint,</span> <span class='ocrx_word' id='word_1_287' title='bbox 308 2554 389 2586; x_wconf 79' lang='lat' dir='ltr'>quae</span> <span class='ocrx_word' id='word_1_288' title='bbox 410 2543 449 2575; x_wconf 91' lang='lat' dir='ltr'>ad</span> <span class='ocrx_word' id='word_1_289' title='bbox 482 2543 568 2575; x_wconf 88' lang='lat' dir='ltr'>hunc</span> <span class='ocrx_word' id='word_1_290' title='bbox 595 2542 743 2576; x_wconf 79' lang='lat' dir='ltr'>effectum</span> <span class='ocrx_word' id='word_1_291' title='bbox 773 2552 831 2585; x_wconf 90' lang='lat' dir='ltr'>per</span> <span class='ocrx_word' id='word_1_292' title='bbox 859 2542 959 2575; x_wconf 87' lang='lat' dir='ltr'>solam</span> 
     </span>
     <span class='ocr_line' id='line_1_67' title="bbox 212 2596 961 2641; baseline -0.001 -11"><span class='ocrx_word' id='word_1_293' title='bbox 212 2597 343 2630; x_wconf 89' lang='lat' dir='ltr'>unicam</span> <span class='ocrx_word' id='word_1_294' title='bbox 379 2596 565 2630; x_wconf 81' lang='lat' dir='ltr'>citationem</span> <span class='ocrx_word' id='word_1_295' title='bbox 601 2602 715 2641; x_wconf 86' lang='lat' dir='ltr'>coepta</span> <span class='ocrx_word' id='word_1_296' title='bbox 745 2602 776 2630; x_wconf 89' lang='lat' dir='ltr'>et</span> <span class='ocrx_word' id='word_1_297' title='bbox 812 2596 961 2629; x_wconf 86' lang='lat' dir='ltr'>inchoata</span> 
     </span>
     <span class='ocr_line' id='line_1_68' title="bbox 214 2649 961 2691; baseline 0 -8"><span class='ocrx_word' id='word_1_298' title='bbox 214 2655 401 2691; x_wconf 79' lang='lat' dir='ltr'>censeatur,</span> <span class='ocrx_word' id='word_1_299' title='bbox 426 2650 539 2683; x_wconf 86' lang='lat' dir='ltr'>eadem</span> <span class='ocrx_word' id='word_1_300' title='bbox 571 2650 625 2683; x_wconf 89' lang='lat' dir='ltr'>lite</span> <span class='ocrx_word' id='word_1_301' title='bbox 656 2660 712 2683; x_wconf 90' lang='lat' dir='ltr'>seu</span> <span class='ocrx_word' id='word_1_302' title='bbox 744 2649 961 2683; x_wconf 85' lang='lat' dir='ltr'>controversia</span> 
     </span>
    </p>
   </div>
   <div class='ocr_carea' id='block_1_7' title="bbox 975 363 980 2742">
    <p class='ocr_par' dir='ltr' id='par_1_9' title="bbox 975 363 980 2742">
     <span class='ocr_line' id='line_1_69' title="bbox 975 363 980 2742; baseline 0 0"><span class='ocrx_word' id='word_1_303' title='bbox 975 363 980 2742; x_wconf 95' lang='lat' dir='ltr'> </span> 
     </span>
    </p>
   </div>
   <div class='ocr_carea' id='block_1_8' title="bbox 214 2703 961 2747">
    <p class='ocr_par' dir='ltr' id='par_1_10' title="bbox 214 2703 961 2747">
     <span class='ocr_line' id='line_1_70' title="bbox 214 2703 961 2747; baseline -0.001 -11"><span class='ocrx_word' id='word_1_304' title='bbox 214 2704 361 2745; x_wconf 89' lang='lat' dir='ltr'>durante,</span> <span class='ocrx_word' id='word_1_305' title='bbox 385 2714 512 2737; x_wconf 79' lang='lat' dir='ltr'>necnon</span> <span class='ocrx_word' id='word_1_306' title='bbox 533 2704 587 2747; x_wconf 87' lang='lat' dir='ltr'>qui</span> <span class='ocrx_word' id='word_1_307' title='bbox 611 2703 753 2737; x_wconf 87' lang='lat' dir='ltr'>eiusdem</span> <span class='ocrx_word' id='word_1_308' title='bbox 775 2713 852 2737; x_wconf 84' lang='lat' dir='ltr'>suae</span> <span class='ocrx_word' id='word_1_309' title='bbox 873 2713 961 2736; x_wconf 89' lang='lat' dir='ltr'>com-</span> 
     </span>
    </p>
   </div>
   <div class='ocr_carea' id='block_1_9' title="bbox 991 298 1743 2746">
    <p class='ocr_par' dir='ltr' id='par_1_11' title="bbox 991 298 1741 1557">
     <span class='ocr_line' id='line_1_71' title="bbox 993 298 1120 323; baseline -0.008 -1"><span class='ocrx_word' id='word_1_310' title='bbox 993 299 1049 323; x_wconf 83' lang='lat' dir='ltr'>v111</span> <span class='ocrx_word' id='word_1_311' title='bbox 1071 298 1120 323; x_wconf 71' lang='lat'><em>1³1².</em></span> 
     </span>
     <span class='ocr_line' id='line_1_72' title="bbox 995 343 1737 380; baseline -0.005 0"><span class='ocrx_word' id='word_1_312' title='bbox 995 346 1159 380; x_wconf 85' lang='lat' dir='ltr'>munitatis</span> <span class='ocrx_word' id='word_1_313' title='bbox 1185 345 1249 379; x_wconf 83' lang='lat' dir='ltr'>sive</span> <span class='ocrx_word' id='word_1_314' title='bbox 1278 344 1492 378; x_wconf 83' lang='lat' dir='ltr'>universitatis</span> <span class='ocrx_word' id='word_1_315' title='bbox 1519 343 1680 377; x_wconf 83' lang='lat' dir='ltr'>debitores</span> <span class='ocrx_word' id='word_1_316' title='bbox 1701 354 1737 376; x_wconf 83' lang='lat' dir='ltr'>ex</span> 
     </span>
     <span class='ocr_line' id='line_1_73' title="bbox 991 397 1737 444; baseline -0.004 -13"><span class='ocrx_word' id='word_1_317' title='bbox 991 411 1195 444; x_wconf 77' lang='lat' dir='ltr'>quacumque</span> <span class='ocrx_word' id='word_1_318' title='bbox 1238 410 1334 431; x_wconf 81' lang='lat' dir='ltr'>causa</span> <span class='ocrx_word' id='word_1_319' title='bbox 1373 397 1555 435; x_wconf 77' lang='lat' dir='ltr'>extiterint,</span> <span class='ocrx_word' id='word_1_320' title='bbox 1587 408 1737 429; x_wconf 81' lang='lat' dir='ltr'>earumve</span> 
     </span>
     <span class='ocr_line' id='line_1_74' title="bbox 992 451 1734 497; baseline -0.004 -11"><span class='ocrx_word' id='word_1_321' title='bbox 992 455 1075 486; x_wconf 90' lang='lat' dir='ltr'>bona</span> <span class='ocrx_word' id='word_1_322' title='bbox 1096 460 1146 486; x_wconf 89' lang='lat' dir='ltr'>aut</span> <span class='ocrx_word' id='word_1_323' title='bbox 1170 453 1321 497; x_wconf 78' lang='lat' dir='ltr'>pecunias</span> <span class='ocrx_word' id='word_1_324' title='bbox 1349 451 1652 489; x_wconf 79' lang='lat' dir='ltr'>administraverint,</span> <span class='ocrx_word' id='word_1_325' title='bbox 1676 462 1734 483; x_wconf 89' lang='lat' dir='ltr'>an-</span> 
     </span>
     <span class='ocr_line' id='line_1_75' title="bbox 993 505 1735 551; baseline -0.005 -11"><span class='ocrx_word' id='word_1_326' title='bbox 993 514 1132 551; x_wconf 82' lang='lat' dir='ltr'>tequam,</span> <span class='ocrx_word' id='word_1_327' title='bbox 1156 507 1185 539; x_wconf 89' lang='lat' dir='ltr'>id</span> <span class='ocrx_word' id='word_1_328' title='bbox 1207 508 1293 550; x_wconf 90' lang='lat' dir='ltr'>quod</span> <span class='ocrx_word' id='word_1_329' title='bbox 1315 507 1443 545; x_wconf 85' lang='lat' dir='ltr'>debent,</span> <span class='ocrx_word' id='word_1_330' title='bbox 1469 506 1590 545; x_wconf 57' lang='lat' dir='ltr'>integre</span> <span class='ocrx_word' id='word_1_331' title='bbox 1611 505 1735 548; x_wconf 85' lang='lat' dir='ltr'>persol-</span> 
     </span>
     <span class='ocr_line' id='line_1_76' title="bbox 992 557 1739 599; baseline -0.004 -7"><span class='ocrx_word' id='word_1_332' title='bbox 992 561 1105 599; x_wconf 83' lang='lat' dir='ltr'>verint,</span> <span class='ocrx_word' id='word_1_333' title='bbox 1129 571 1183 593; x_wconf 82' lang='lat' dir='ltr'>seu</span> <span class='ocrx_word' id='word_1_334' title='bbox 1207 560 1346 593; x_wconf 86' lang='lat' dir='ltr'>rationes</span> <span class='ocrx_word' id='word_1_335' title='bbox 1367 558 1653 593; x_wconf 73' lang='lat' dir='ltr'>adn‘iinistrationis</span> <span class='ocrx_word' id='word_1_336' title='bbox 1668 557 1739 589; x_wconf 89' lang='lat' dir='ltr'>red-</span> 
     </span>
     <span class='ocr_line' id='line_1_77' title="bbox 993 611 1739 655; baseline -0.004 -9"><span class='ocrx_word' id='word_1_337' title='bbox 993 613 1142 654; x_wconf 87' lang='lat' dir='ltr'>diderint,</span> <span class='ocrx_word' id='word_1_338' title='bbox 1167 625 1239 646; x_wconf 81' lang='lat' dir='ltr'>cum</span> <span class='ocrx_word' id='word_1_339' title='bbox 1266 614 1333 646; x_wconf 85' lang='lat' dir='ltr'>eius</span> <span class='ocrx_word' id='word_1_340' title='bbox 1366 612 1501 651; x_wconf 81' lang='lat' dir='ltr'>residui,</span> <span class='ocrx_word' id='word_1_341' title='bbox 1526 612 1556 644; x_wconf 89' lang='lat' dir='ltr'>in</span> <span class='ocrx_word' id='word_1_342' title='bbox 1589 622 1653 655; x_wconf 86' lang='lat' dir='ltr'>quo</span> <span class='ocrx_word' id='word_1_343' title='bbox 1686 611 1739 643; x_wconf 88' lang='lat' dir='ltr'>de-</span> 
     </span>
     <span class='ocr_line' id='line_1_78' title="bbox 993 664 1736 706; baseline -0.004 -7"><span class='ocrx_word' id='word_1_344' title='bbox 993 666 1113 699; x_wconf 88' lang='lat' dir='ltr'>bitores</span> <span class='ocrx_word' id='word_1_345' title='bbox 1153 666 1386 706; x_wconf 81' lang='lat' dir='ltr'>remanserint,</span> <span class='ocrx_word' id='word_1_346' title='bbox 1412 665 1487 698; x_wconf 88' lang='lat' dir='ltr'>reali</span> <span class='ocrx_word' id='word_1_347' title='bbox 1523 664 1736 703; x_wconf 81' lang='lat' dir='ltr'>restitutione,</span> 
     </span>
     <span class='ocr_line' id='line_1_79' title="bbox 993 720 1739 762; baseline -0.003 -10"><span class='ocrx_word' id='word_1_348' title='bbox 993 721 1031 752; x_wconf 88' lang='lat' dir='ltr'>ad</span> <span class='ocrx_word' id='word_1_349' title='bbox 1068 720 1282 759; x_wconf 87' lang='lat' dir='ltr'>obtinendos,</span> <span class='ocrx_word' id='word_1_350' title='bbox 1306 720 1466 762; x_wconf 72' lang='lat' dir='ltr'>gerendos</span> <span class='ocrx_word' id='word_1_351' title='bbox 1501 724 1551 751; x_wconf 87' lang='lat' dir='ltr'>aut</span> <span class='ocrx_word' id='word_1_352' title='bbox 1588 728 1739 752; x_wconf 81' lang='lat' dir='ltr'>exercen-</span> 
     </span>
     <span class='ocr_line' id='line_1_80' title="bbox 994 771 1736 816; baseline -0.003 -11"><span class='ocrx_word' id='word_1_353' title='bbox 994 773 1050 805; x_wconf 87' lang='lat' dir='ltr'>dos</span> <span class='ocrx_word' id='word_1_354' title='bbox 1082 773 1207 816; x_wconf 88' lang='lat' dir='ltr'>aliquos</span> <span class='ocrx_word' id='word_1_355' title='bbox 1239 773 1269 805; x_wconf 91' lang='lat' dir='ltr'>in</span> <span class='ocrx_word' id='word_1_356' title='bbox 1301 783 1337 805; x_wconf 85' lang='lat' dir='ltr'>ea</span> <span class='ocrx_word' id='word_1_357' title='bbox 1369 773 1514 813; x_wconf 84' lang='lat' dir='ltr'>civitate,</span> <span class='ocrx_word' id='word_1_358' title='bbox 1550 771 1736 816; x_wconf 87' lang='lat' dir='ltr'>provincia,</span> 
     </span>
     <span class='ocr_line' id='line_1_81' title="bbox 993 825 1736 870; baseline -0.003 -11"><span class='ocrx_word' id='word_1_359' title='bbox 993 827 1129 870; x_wconf 88' lang='lat' dir='ltr'>oppido,</span> <span class='ocrx_word' id='word_1_360' title='bbox 1155 833 1253 866; x_wconf 87' lang='lat' dir='ltr'>terra,</span> <span class='ocrx_word' id='word_1_361' title='bbox 1275 832 1378 860; x_wconf 85' lang='lat' dir='ltr'>castro</span> <span class='ocrx_word' id='word_1_362' title='bbox 1400 832 1450 859; x_wconf 89' lang='lat' dir='ltr'>aut</span> <span class='ocrx_word' id='word_1_363' title='bbox 1475 826 1546 859; x_wconf 85' lang='lat' dir='ltr'>loco</span> <span class='ocrx_word' id='word_1_364' title='bbox 1568 825 1736 868; x_wconf 71' lang='lat' dir='ltr'>magistra-</span> 
     </span>
     <span class='ocr_line' id='line_1_82' title="bbox 995 879 1741 924; baseline -0.003 -11"><span class='ocrx_word' id='word_1_365' title='bbox 995 886 1043 913; x_wconf 89' lang='lat' dir='ltr'>tus</span> <span class='ocrx_word' id='word_1_366' title='bbox 1061 887 1112 913; x_wconf 88' lang='lat' dir='ltr'>aut</span> <span class='ocrx_word' id='word_1_367' title='bbox 1148 891 1283 913; x_wconf 87' lang='lat' dir='ltr'>munera</span> <span class='ocrx_word' id='word_1_368' title='bbox 1314 890 1537 924; x_wconf 70' lang='lat' dir='ltr'>quaecumqur¹</span> <span class='ocrx_word' id='word_1_369' title='bbox 1558 880 1605 911; x_wconf 88' lang='lat' dir='ltr'>vel</span> <span class='ocrx_word' id='word_1_370' title='bbox 1636 879 1741 911; x_wconf 83' lang='lat' dir='ltr'>officia</span> 
     </span>
     <span class='ocr_line' id='line_1_83' title="bbox 994 933 1740 979; baseline -0.004 -11"><span class='ocrx_word' id='word_1_371' title='bbox 994 936 1121 979; x_wconf 79' lang='lat' dir='ltr'>publica</span> <span class='ocrx_word' id='word_1_372' title='bbox 1143 936 1208 968; x_wconf 89' lang='lat' dir='ltr'>ullo</span> <span class='ocrx_word' id='word_1_373' title='bbox 1231 935 1327 967; x_wconf 89' lang='lat' dir='ltr'>modo</span> <span class='ocrx_word' id='word_1_374' title='bbox 1354 934 1515 976; x_wconf 69' lang='lat' dir='ltr'>eligantur</span> <span class='ocrx_word' id='word_1_375' title='bbox 1548 934 1592 965; x_wconf 82' lang='lat' dir='ltr'>vel</span> <span class='ocrx_word' id='word_1_376' title='bbox 1626 933 1740 966; x_wconf 88' lang='lat' dir='ltr'>admit-</span> 
     </span>
     <span class='ocr_line' id='line_1_84' title="bbox 995 986 1739 1027; baseline -0.005 -6"><span class='ocrx_word' id='word_1_377' title='bbox 995 994 1121 1027; x_wconf 68' lang='lat' dir='ltr'>tantur‘,</span> <span class='ocrx_word' id='word_1_378' title='bbox 1149 994 1177 1020; x_wconf 90' lang='lat' dir='ltr'>et</span> <span class='ocrx_word' id='word_1_379' title='bbox 1211 988 1236 1020; x_wconf 89' lang='lat' dir='ltr'>si</span> <span class='ocrx_word' id='word_1_380' title='bbox 1269 987 1307 1019; x_wconf 86' lang='lat' dir='ltr'>de</span> <span class='ocrx_word' id='word_1_381' title='bbox 1338 988 1419 1020; x_wconf 79' lang='lat' dir='ltr'>sacto</span> <span class='ocrx_word' id='word_1_382' title='bbox 1450 987 1541 1019; x_wconf 80' lang='lat' dir='ltr'>electi</span> <span class='ocrx_word' id='word_1_383' title='bbox 1571 986 1739 1019; x_wconf 76' lang='lat' dir='ltr'>admissive.</span> 
     </span>
     <span class='ocr_line' id='line_1_85' title="bbox 994 1039 1737 1079; baseline -0.005 -5"><span class='ocrx_word' id='word_1_384' title='bbox 994 1041 1123 1079; x_wconf 86' lang='lat' dir='ltr'>suerint,</span> <span class='ocrx_word' id='word_1_385' title='bbox 1148 1041 1261 1073; x_wconf 72' lang='lat' dir='ltr'>electio</span> <span class='ocrx_word' id='word_1_386' title='bbox 1291 1047 1321 1073; x_wconf 84' lang='lat' dir='ltr'>et</span> <span class='ocrx_word' id='word_1_387' title='bbox 1341 1040 1493 1073; x_wconf 83' lang='lat' dir='ltr'>admissio</span> <span class='ocrx_word' id='word_1_388' title='bbox 1521 1039 1612 1071; x_wconf 90' lang='lat' dir='ltr'>irrita</span> <span class='ocrx_word' id='word_1_389' title='bbox 1646 1039 1682 1071; x_wconf 83' lang='lat' dir='ltr'>sit</span> <span class='ocrx_word' id='word_1_390' title='bbox 1711 1046 1737 1071; x_wconf 87' lang='lat' dir='ltr'>et</span> 
     </span>
     <span class='ocr_line' id='line_1_86' title="bbox 993 1093 1740 1137; baseline -0.004 -10"><span class='ocrx_word' id='word_1_391' title='bbox 993 1095 1091 1131; x_wconf 78' lang='lat' dir='ltr'>nulla,</span> <span class='ocrx_word' id='word_1_392' title='bbox 1117 1100 1144 1127; x_wconf 91' lang='lat' dir='ltr'>et</span> <span class='ocrx_word' id='word_1_393' title='bbox 1180 1100 1242 1126; x_wconf 89' lang='lat' dir='ltr'>tam</span> <span class='ocrx_word' id='word_1_394' title='bbox 1276 1093 1335 1137; x_wconf 89' lang='lat' dir='ltr'>ipsi</span> <span class='ocrx_word' id='word_1_395' title='bbox 1365 1103 1462 1136; x_wconf 89' lang='lat' dir='ltr'>quam</span> <span class='ocrx_word' id='word_1_396' title='bbox 1494 1093 1648 1135; x_wconf 68' lang='lat' dir='ltr'>eligentes</span> <span class='ocrx_word' id='word_1_397' title='bbox 1677 1093 1740 1125; x_wconf 77' lang='lat' dir='ltr'>sive</span> 
     </span>
     <span class='ocr_line' id='line_1_87' title="bbox 992 1147 1740 1189; baseline -0.003 -9"><span class='ocrx_word' id='word_1_398' title='bbox 992 1148 1214 1187; x_wconf 82' lang='lat' dir='ltr'>admittentes,</span> <span class='ocrx_word' id='word_1_399' title='bbox 1238 1157 1363 1180; x_wconf 78' lang='lat' dir='ltr'>necnon</span> <span class='ocrx_word' id='word_1_400' title='bbox 1384 1147 1626 1189; x_wconf 77' lang='lat' dir='ltr'>gubernatores,</span> <span class='ocrx_word' id='word_1_401' title='bbox 1648 1157 1740 1189; x_wconf 90' lang='lat' dir='ltr'>prae-</span> 
     </span>
     <span class='ocr_line' id='line_1_88' title="bbox 992 1199 1737 1245; baseline -0.004 -11"><span class='ocrx_word' id='word_1_402' title='bbox 992 1201 1076 1235; x_wconf 87' lang='lat' dir='ltr'>sides</span> <span class='ocrx_word' id='word_1_403' title='bbox 1097 1207 1123 1234; x_wconf 88' lang='lat' dir='ltr'>et</span> <span class='ocrx_word' id='word_1_404' title='bbox 1148 1206 1341 1245; x_wconf 76' lang='lat' dir='ltr'>potestates,</span> <span class='ocrx_word' id='word_1_405' title='bbox 1366 1200 1420 1243; x_wconf 88' lang='lat' dir='ltr'>qui</span> <span class='ocrx_word' id='word_1_406' title='bbox 1447 1200 1477 1232; x_wconf 89' lang='lat' dir='ltr'>id</span> <span class='ocrx_word' id='word_1_407' title='bbox 1509 1199 1737 1243; x_wconf 89' lang='lat' dir='ltr'>permiserint,</span> 
     </span>
     <span class='ocr_line' id='line_1_89' title="bbox 993 1253 1741 1297; baseline -0.005 -9"><span class='ocrx_word' id='word_1_408' title='bbox 993 1256 1040 1288; x_wconf 83' lang='lat' dir='ltr'>vel</span> <span class='ocrx_word' id='word_1_409' title='bbox 1061 1255 1157 1288; x_wconf 87' lang='lat' dir='ltr'>etiam</span> <span class='ocrx_word' id='word_1_410' title='bbox 1179 1260 1321 1287; x_wconf 64' lang='lat' dir='ltr'>exactam</span> <span class='ocrx_word' id='word_1_411' title='bbox 1344 1264 1440 1297; x_wconf 86' lang='lat' dir='ltr'>super</span> <span class='ocrx_word' id='word_1_412' title='bbox 1468 1253 1516 1285; x_wconf 86' lang='lat' dir='ltr'>his</span> <span class='ocrx_word' id='word_1_413' title='bbox 1540 1253 1741 1296; x_wconf 79' lang='lat' dir='ltr'>inquirendis</span> 
     </span>
     <span class='ocr_line' id='line_1_90' title="bbox 993 1308 1741 1353; baseline -0.004 -11"><span class='ocrx_word' id='word_1_414' title='bbox 993 1316 1021 1342; x_wconf 89' lang='lat' dir='ltr'>et</span> <span class='ocrx_word' id='word_1_415' title='bbox 1057 1309 1268 1353; x_wconf 85' lang='lat' dir='ltr'>prohibendis</span> <span class='ocrx_word' id='word_1_416' title='bbox 1305 1308 1528 1350; x_wconf 66' lang='lat' dir='ltr'>diligentiam,</span> <span class='ocrx_word' id='word_1_417' title='bbox 1558 1313 1651 1351; x_wconf 88' lang='lat' dir='ltr'>prout</span> <span class='ocrx_word' id='word_1_418' title='bbox 1687 1317 1741 1339; x_wconf 87' lang='lat' dir='ltr'>eos</span> 
     </span>
     <span class='ocr_line' id='line_1_91' title="bbox 994 1361 1741 1401; baseline -0.004 -6"><span class='ocrx_word' id='word_1_419' title='bbox 994 1364 1094 1397; x_wconf 84' lang='lat' dir='ltr'>teneri</span> <span class='ocrx_word' id='word_1_420' title='bbox 1116 1364 1263 1396; x_wconf 83' lang='lat' dir='ltr'>volumus</span> <span class='ocrx_word' id='word_1_421' title='bbox 1284 1369 1311 1395; x_wconf 90' lang='lat' dir='ltr'>et</span> <span class='ocrx_word' id='word_1_422' title='bbox 1334 1362 1549 1401; x_wconf 86' lang='lat' dir='ltr'>decernimus,</span> <span class='ocrx_word' id='word_1_423' title='bbox 1565 1372 1629 1394; x_wconf 91' lang='lat' dir='ltr'>non</span> <span class='ocrx_word' id='word_1_424' title='bbox 1650 1361 1741 1393; x_wconf 88' lang='lat' dir='ltr'>adhi-</span> 
     </span>
     <span class='ocr_line' id='line_1_92' title="bbox 993 1415 1741 1460; baseline -0.005 -10"><span class='ocrx_word' id='word_1_425' title='bbox 993 1417 1141 1455; x_wconf 80' lang='lat' dir='ltr'>buerint,</span> <span class='ocrx_word' id='word_1_426' title='bbox 1183 1417 1295 1460; x_wconf 88' lang='lat' dir='ltr'>poenis</span> <span class='ocrx_word' id='word_1_427' title='bbox 1335 1416 1366 1448; x_wconf 90' lang='lat' dir='ltr'>in</span> <span class='ocrx_word' id='word_1_428' title='bbox 1413 1416 1470 1448; x_wconf 80' lang='lat' dir='ltr'>hac</span> <span class='ocrx_word' id='word_1_429' title='bbox 1512 1415 1741 1448; x_wconf 83' lang='lat' dir='ltr'>constitutione</span> 
     </span>
     <span class='ocr_line' id='line_1_93' title="bbox 993 1468 1740 1512; baseline -0.004 -9"><span class='ocrx_word' id='word_1_430' title='bbox 993 1477 1104 1504; x_wconf 83' lang='lat' dir='ltr'>contra</span> <span class='ocrx_word' id='word_1_431' title='bbox 1133 1470 1217 1502; x_wconf 88' lang='lat' dir='ltr'>illius</span> <span class='ocrx_word' id='word_1_432' title='bbox 1247 1476 1499 1512; x_wconf 74' lang='lat' dir='ltr'>transgressores</span> <span class='ocrx_word' id='word_1_433' title='bbox 1524 1468 1652 1501; x_wconf 82' lang='lat' dir='ltr'>intlictis</span> <span class='ocrx_word' id='word_1_434' title='bbox 1673 1468 1740 1512; x_wconf 86' lang='lat' dir='ltr'>ple-</span> 
     </span>
     <span class='ocr_line' id='line_1_94' title="bbox 993 1530 1130 1557; baseline 0 -1"><span class='ocrx_word' id='word_1_435' title='bbox 993 1530 1130 1557; x_wconf 63' lang='lat' dir='ltr'>(tantur.</span> 
     </span>
    </p>

    <p class='ocr_par' dir='ltr' id='par_1_12' title="bbox 993 1575 1743 2746">
     <span class='ocr_line' id='line_1_95' title="bbox 1037 1575 1739 1619; baseline -0.004 -9"><span class='ocrx_word' id='word_1_436' title='bbox 1037 1579 1053 1619; x_wconf 63' lang='grc' dir='ltr'>ξ</span> <span class='ocrx_word' id='word_1_437' title='bbox 1075 1577 1126 1610; x_wconf 72' lang='grc'>17.</span> <span class='ocrx_word' id='word_1_438' title='bbox 1145 1578 1244 1610; x_wconf 82' lang='lat' dir='ltr'>Porro</span> <span class='ocrx_word' id='word_1_439' title='bbox 1265 1577 1442 1610; x_wconf 83' lang='lat' dir='ltr'>locationes</span> <span class='ocrx_word' id='word_1_440' title='bbox 1462 1586 1517 1609; x_wconf 80' lang='lat' dir='ltr'>seu</span> <span class='ocrx_word' id='word_1_441' title='bbox 1536 1575 1658 1608; x_wconf 76' lang='lat' dir='ltr'>affictus</span> <span class='ocrx_word' id='word_1_442' title='bbox 1677 1581 1739 1607; x_wconf 86' lang='lat' dir='ltr'>tam</span> 
     </span>
     <span class='ocr_line' id='line_1_96' title="bbox 993 1628 1740 1673; baseline -0.004 -10"><span class='ocrx_word' id='word_1_443' title='bbox 993 1630 1207 1673; x_wconf 70' lang='lat' dir='ltr'>vectigalium,</span> <span class='ocrx_word' id='word_1_444' title='bbox 1231 1641 1313 1673; x_wconf 88' lang='lat' dir='ltr'>quae</span> <span class='ocrx_word' id='word_1_445' title='bbox 1333 1630 1477 1672; x_wconf 76' lang='lat' dir='ltr'>gabellae</span> <span class='ocrx_word' id='word_1_446' title='bbox 1502 1635 1555 1661; x_wconf 89' lang='lat' dir='ltr'>aut</span> <span class='ocrx_word' id='word_1_447' title='bbox 1587 1628 1672 1661; x_wconf 89' lang='lat' dir='ltr'>datia</span> <span class='ocrx_word' id='word_1_448' title='bbox 1693 1628 1740 1660; x_wconf 93' lang='lat' dir='ltr'>di-</span> 
     </span>
     <span class='ocr_line' id='line_1_97' title="bbox 993 1683 1741 1728; baseline -0.004 -12"><span class='ocrx_word' id='word_1_449' title='bbox 993 1690 1126 1724; x_wconf 86' lang='lat' dir='ltr'>cuntur,</span> <span class='ocrx_word' id='word_1_450' title='bbox 1157 1694 1254 1728; x_wconf 87' lang='lat' dir='ltr'>quam</span> <span class='ocrx_word' id='word_1_451' title='bbox 1288 1683 1426 1716; x_wconf 85' lang='lat' dir='ltr'>aliorum</span> <span class='ocrx_word' id='word_1_452' title='bbox 1458 1692 1741 1725; x_wconf 88' lang='lat' dir='ltr'>quorumcumque</span> 
     </span>
     <span class='ocr_line' id='line_1_98' title="bbox 993 1737 1740 1781; baseline -0.001 -12"><span class='ocrx_word' id='word_1_453' title='bbox 993 1738 1189 1778; x_wconf 82' lang='lat' dir='ltr'>reddituum,</span> <span class='ocrx_word' id='word_1_454' title='bbox 1213 1743 1440 1781; x_wconf 88' lang='lat' dir='ltr'>proventuum,</span> <span class='ocrx_word' id='word_1_455' title='bbox 1457 1737 1576 1769; x_wconf 82' lang='lat' dir='ltr'>iuriuni</span> <span class='ocrx_word' id='word_1_456' title='bbox 1599 1742 1626 1769; x_wconf 91' lang='lat' dir='ltr'>et</span> <span class='ocrx_word' id='word_1_457' title='bbox 1650 1747 1740 1769; x_wconf 89' lang='lat' dir='ltr'>emo—</span> 
     </span>
     <span class='ocr_line' id='line_1_99' title="bbox 993 1789 1739 1834; baseline -0.003 -11"><span class='ocrx_word' id='word_1_458' title='bbox 993 1792 1212 1824; x_wconf 88' lang='lat' dir='ltr'>lumentorum</span> <span class='ocrx_word' id='word_1_459' title='bbox 1233 1791 1273 1824; x_wconf 91' lang='lat' dir='ltr'>ad</span> <span class='ocrx_word' id='word_1_460' title='bbox 1302 1801 1475 1824; x_wconf 84' lang='lat' dir='ltr'>commune</span> <span class='ocrx_word' id='word_1_461' title='bbox 1498 1790 1640 1834; x_wconf 88' lang='lat' dir='ltr'>ipsarum</span> <span class='ocrx_word' id='word_1_462' title='bbox 1662 1789 1739 1822; x_wconf 83' lang='lat' dir='ltr'>civi-</span> 
     </span>
     <span class='ocr_line' id='line_1_100' title="bbox 994 1843 1741 1887; baseline -0.003 -10"><span class='ocrx_word' id='word_1_463' title='bbox 994 1851 1093 1878; x_wconf 88' lang='lat' dir='ltr'>tatum</span> <span class='ocrx_word' id='word_1_464' title='bbox 1115 1851 1142 1877; x_wconf 91' lang='lat' dir='ltr'>et</span> <span class='ocrx_word' id='word_1_465' title='bbox 1170 1845 1316 1877; x_wconf 86' lang='lat' dir='ltr'>locorum</span> <span class='ocrx_word' id='word_1_466' title='bbox 1343 1844 1505 1877; x_wconf 88' lang='lat' dir='ltr'>aerarium</span> <span class='ocrx_word' id='word_1_467' title='bbox 1536 1843 1741 1887; x_wconf 86' lang='lat' dir='ltr'>quomodoli-</span> 
     </span>
     <span class='ocr_line' id='line_1_101' title="bbox 993 1897 1739 1942; baseline -0.003 -11"><span class='ocrx_word' id='word_1_468' title='bbox 993 1899 1043 1931; x_wconf 88' lang='lat' dir='ltr'>bet</span> <span class='ocrx_word' id='word_1_469' title='bbox 1062 1899 1288 1942; x_wconf 80' lang='lat' dir='ltr'>spectantium,</span> <span class='ocrx_word' id='word_1_470' title='bbox 1312 1897 1481 1931; x_wconf 86' lang='lat' dir='ltr'>statuimus</span> <span class='ocrx_word' id='word_1_471' title='bbox 1512 1903 1540 1929; x_wconf 89' lang='lat' dir='ltr'>et</span> <span class='ocrx_word' id='word_1_472' title='bbox 1572 1897 1739 1935; x_wconf 89' lang='lat' dir='ltr'>iubemus,</span> 
     </span>
     <span class='ocr_line' id='line_1_102' title="bbox 993 1950 1742 1994; baseline -0.003 -10"><span class='ocrx_word' id='word_1_473' title='bbox 993 1952 1125 1985; x_wconf 86' lang='lat' dir='ltr'>omuino</span> <span class='ocrx_word' id='word_1_474' title='bbox 1147 1952 1278 1984; x_wconf 75' lang='lat' dir='ltr'>servatIs</span> <span class='ocrx_word' id='word_1_475' title='bbox 1298 1950 1474 1989; x_wconf 80' lang='lat' dir='ltr'>servandis,</span> <span class='ocrx_word' id='word_1_476' title='bbox 1499 1956 1595 1994; x_wconf 88' lang='lat' dir='ltr'>atque</span> <span class='ocrx_word' id='word_1_477' title='bbox 1616 1950 1742 1982; x_wconf 88' lang='lat' dir='ltr'>adhibi—</span> 
     </span>
     <span class='ocr_line' id='line_1_103' title="bbox 994 2003 1743 2048; baseline -0.004 -10"><span class='ocrx_word' id='word_1_478' title='bbox 994 2006 1031 2038; x_wconf 87' lang='lat' dir='ltr'>tis</span> <span class='ocrx_word' id='word_1_479' title='bbox 1052 2005 1320 2044; x_wconf 83' lang='lat' dir='ltr'>solemnitatibus,</span> <span class='ocrx_word' id='word_1_480' title='bbox 1337 2015 1418 2048; x_wconf 86' lang='lat' dir='ltr'>quae</span> <span class='ocrx_word' id='word_1_481' title='bbox 1432 2005 1471 2037; x_wconf 93' lang='lat' dir='ltr'>de</span> <span class='ocrx_word' id='word_1_482' title='bbox 1493 2004 1560 2036; x_wconf 88' lang='lat' dir='ltr'>iure</span> <span class='ocrx_word' id='word_1_483' title='bbox 1572 2009 1624 2036; x_wconf 89' lang='lat' dir='ltr'>aut</span> <span class='ocrx_word' id='word_1_484' title='bbox 1639 2003 1743 2036; x_wconf 87' lang='lat' dir='ltr'>cuius-</span> 
     </span>
     <span class='ocr_line' id='line_1_104' title="bbox 993 2057 1743 2100; baseline -0.003 -9"><span class='ocrx_word' id='word_1_485' title='bbox 993 2059 1070 2092; x_wconf 80' lang='lat' dir='ltr'>libet</span> <span class='ocrx_word' id='word_1_486' title='bbox 1090 2059 1151 2092; x_wconf 85' lang='lat' dir='ltr'>loci</span> <span class='ocrx_word' id='word_1_487' title='bbox 1172 2065 1289 2092; x_wconf 87' lang='lat' dir='ltr'>statuto</span> <span class='ocrx_word' id='word_1_488' title='bbox 1310 2059 1357 2091; x_wconf 89' lang='lat' dir='ltr'>vel</span> <span class='ocrx_word' id='word_1_489' title='bbox 1380 2058 1613 2091; x_wconf 81' lang='lat' dir='ltr'>consuetudine</span> <span class='ocrx_word' id='word_1_490' title='bbox 1635 2057 1743 2100; x_wconf 89' lang='lat' dir='ltr'>requi-</span> 
     </span>
     <span class='ocr_line' id='line_1_105' title="bbox 993 2110 1743 2156; baseline -0.004 -11"><span class='ocrx_word' id='word_1_491' title='bbox 993 2118 1118 2153; x_wconf 86' lang='lat' dir='ltr'>runtur,</span> <span class='ocrx_word' id='word_1_492' title='bbox 1139 2123 1212 2145; x_wconf 87' lang='lat' dir='ltr'>cum</span> <span class='ocrx_word' id='word_1_493' title='bbox 1233 2111 1379 2156; x_wconf 87' lang='lat' dir='ltr'>personis</span> <span class='ocrx_word' id='word_1_494' title='bbox 1401 2111 1464 2143; x_wconf 83' lang='lat' dir='ltr'>fide</span> <span class='ocrx_word' id='word_1_495' title='bbox 1482 2116 1512 2144; x_wconf 85' lang='lat' dir='ltr'>et</span> <span class='ocrx_word' id='word_1_496' title='bbox 1540 2110 1743 2143; x_wconf 76' lang='lat' dir='ltr'>facultatibus</span> 
     </span>
     <span class='ocr_line' id='line_1_106' title="bbox 994 2163 1742 2209; baseline -0.004 -11"><span class='ocrx_word' id='word_1_497' title='bbox 994 2165 1128 2205; x_wconf 87' lang='lat' dir='ltr'>idoneis,</span> <span class='ocrx_word' id='word_1_498' title='bbox 1153 2175 1235 2209; x_wconf 88' lang='lat' dir='ltr'>quae</span> <span class='ocrx_word' id='word_1_499' title='bbox 1256 2165 1388 2198; x_wconf 88' lang='lat' dir='ltr'>idoneas</span> <span class='ocrx_word' id='word_1_500' title='bbox 1416 2164 1539 2208; x_wconf 83' lang='lat' dir='ltr'>pariter</span> <span class='ocrx_word' id='word_1_501' title='bbox 1559 2163 1590 2196; x_wconf 91' lang='lat' dir='ltr'>in</span> <span class='ocrx_word' id='word_1_502' title='bbox 1611 2163 1742 2207; x_wconf 87' lang='lat' dir='ltr'>publico</span> 
     </span>
     <span class='ocr_line' id='line_1_107' title="bbox 993 2218 1738 2263; baseline -0.004 -11"><span class='ocrx_word' id='word_1_503' title='bbox 993 2219 1126 2252; x_wconf 87' lang='lat' dir='ltr'>consilio</span> <span class='ocrx_word' id='word_1_504' title='bbox 1154 2219 1347 2263; x_wconf 86' lang='lat' dir='ltr'>approbatas</span> <span class='ocrx_word' id='word_1_505' title='bbox 1372 2218 1537 2251; x_wconf 85' lang='lat' dir='ltr'>cautiones</span> <span class='ocrx_word' id='word_1_506' title='bbox 1557 2222 1738 2261; x_wconf 81' lang='lat' dir='ltr'>praestent,</span> 
     </span>
     <span class='ocr_line' id='line_1_108' title="bbox 994 2271 1742 2315; baseline -0.001 -10"><span class='ocrx_word' id='word_1_507' title='bbox 994 2273 1065 2306; x_wconf 89' lang='lat' dir='ltr'>iniri</span> <span class='ocrx_word' id='word_1_508' title='bbox 1087 2279 1115 2306; x_wconf 78' lang='lat' dir='ltr'>et</span> <span class='ocrx_word' id='word_1_509' title='bbox 1137 2273 1284 2306; x_wconf 86' lang='lat' dir='ltr'>contrabi</span> <span class='ocrx_word' id='word_1_510' title='bbox 1307 2273 1435 2306; x_wconf 87' lang='lat' dir='ltr'>debere.</span> <span class='ocrx_word' id='word_1_511' title='bbox 1459 2273 1493 2306; x_wconf 93' lang='lat' dir='ltr'>In</span> <span class='ocrx_word' id='word_1_512' title='bbox 1525 2271 1641 2315; x_wconf 87' lang='lat' dir='ltr'>quibus</span> <span class='ocrx_word' id='word_1_513' title='bbox 1666 2282 1742 2304; x_wconf 82' lang='lat' dir='ltr'>sane</span> 
     </span>
     <span class='ocr_line' id='line_1_109' title="bbox 994 2326 1742 2369; baseline -0.004 -9"><span class='ocrx_word' id='word_1_514' title='bbox 994 2327 1207 2360; x_wconf 83' lang='lat' dir='ltr'>locationibus</span> <span class='ocrx_word' id='word_1_515' title='bbox 1224 2337 1280 2359; x_wconf 89' lang='lat' dir='ltr'>seu</span> <span class='ocrx_word' id='word_1_516' title='bbox 1291 2326 1449 2360; x_wconf 83' lang='lat' dir='ltr'>affictibus</span> <span class='ocrx_word' id='word_1_517' title='bbox 1463 2337 1501 2359; x_wconf 88' lang='lat' dir='ltr'>ea</span> <span class='ocrx_word' id='word_1_518' title='bbox 1521 2336 1649 2369; x_wconf 88' lang='lat' dir='ltr'>semper</span> <span class='ocrx_word' id='word_1_519' title='bbox 1666 2335 1742 2358; x_wconf 91' lang='lat' dir='ltr'>con-</span> 
     </span>
     <span class='ocr_line' id='line_1_110' title="bbox 993 2380 1742 2424; baseline -0.004 -10"><span class='ocrx_word' id='word_1_520' title='bbox 993 2381 1071 2414; x_wconf 86' lang='lat' dir='ltr'>ditio</span> <span class='ocrx_word' id='word_1_521' title='bbox 1092 2387 1119 2413; x_wconf 90' lang='lat' dir='ltr'>et</span> <span class='ocrx_word' id='word_1_522' title='bbox 1142 2380 1248 2424; x_wconf 66' lang='lat' dir='ltr'>pactio</span> <span class='ocrx_word' id='word_1_523' title='bbox 1270 2381 1416 2420; x_wconf 87' lang='lat' dir='ltr'>addatur,</span> <span class='ocrx_word' id='word_1_524' title='bbox 1435 2385 1467 2412; x_wconf 90' lang='lat' dir='ltr'>ut</span> <span class='ocrx_word' id='word_1_525' title='bbox 1489 2380 1575 2423; x_wconf 87' lang='lat' dir='ltr'>ipsae</span> <span class='ocrx_word' id='word_1_526' title='bbox 1597 2389 1742 2412; x_wconf 88' lang='lat' dir='ltr'>commu-</span> 
     </span>
     <span class='ocr_line' id='line_1_111' title="bbox 993 2432 1742 2476; baseline -0.003 -10"><span class='ocrx_word' id='word_1_527' title='bbox 993 2434 1107 2467; x_wconf 84' lang='lat' dir='ltr'>nitates</span> <span class='ocrx_word' id='word_1_528' title='bbox 1135 2434 1199 2467; x_wconf 84' lang='lat' dir='ltr'>sive</span> <span class='ocrx_word' id='word_1_529' title='bbox 1219 2434 1442 2467; x_wconf 83' lang='lat' dir='ltr'>universitates</span> <span class='ocrx_word' id='word_1_530' title='bbox 1462 2434 1501 2466; x_wconf 85' lang='lat' dir='ltr'>ab</span> <span class='ocrx_word' id='word_1_531' title='bbox 1527 2432 1615 2466; x_wconf 90' lang='lat' dir='ltr'>omni</span> <span class='ocrx_word' id='word_1_532' title='bbox 1651 2443 1742 2476; x_wconf 87' lang='lat' dir='ltr'>pror-</span> 
     </span>
     <span class='ocr_line' id='line_1_112' title="bbox 994 2486 1741 2528; baseline -0.005 -7"><span class='ocrx_word' id='word_1_533' title='bbox 994 2499 1046 2521; x_wconf 86' lang='lat' dir='ltr'>sus</span> <span class='ocrx_word' id='word_1_534' title='bbox 1058 2488 1256 2521; x_wconf 77' lang='lat' dir='ltr'>detractione</span> <span class='ocrx_word' id='word_1_535' title='bbox 1268 2498 1325 2521; x_wconf 89' lang='lat' dir='ltr'>seu</span> <span class='ocrx_word' id='word_1_536' title='bbox 1337 2487 1526 2521; x_wconf 89' lang='lat' dir='ltr'>remissione</span> <span class='ocrx_word' id='word_1_537' title='bbox 1541 2491 1581 2526; x_wconf 91' lang='lat' dir='ltr'>et,</span> <span class='ocrx_word' id='word_1_538' title='bbox 1598 2491 1633 2518; x_wconf 86' lang='lat' dir='ltr'>ut</span> <span class='ocrx_word' id='word_1_539' title='bbox 1646 2486 1741 2528; x_wconf 70' lang='lat' dir='ltr'>vulgo</span> 
     </span>
     <span class='ocr_line' id='line_1_113' title="bbox 995 2541 1742 2584; baseline -0.005 -10"><span class='ocrx_word' id='word_1_540' title='bbox 995 2541 1133 2581; x_wconf 89' lang='lat' dir='ltr'>dicitur,</span> <span class='ocrx_word' id='word_1_541' title='bbox 1155 2541 1385 2581; x_wconf 83' lang='lat' dir='ltr'>defalcatione‚</span> <span class='ocrx_word' id='word_1_542' title='bbox 1409 2551 1446 2574; x_wconf 81' lang='lat' dir='ltr'>ex</span> <span class='ocrx_word' id='word_1_543' title='bbox 1475 2550 1680 2584; x_wconf 88' lang='lat' dir='ltr'>quocumque</span> <span class='ocrx_word' id='word_1_544' title='bbox 1706 2549 1742 2571; x_wconf 74' lang='lat' dir='ltr'>ae</span> 
     </span>
     <span class='ocr_line' id='line_1_114' title="bbox 996 2593 1741 2639; baseline -0.007 -11"><span class='ocrx_word' id='word_1_545' title='bbox 996 2595 1161 2639; x_wconf 90' lang='lat' dir='ltr'>inopinato</span> <span class='ocrx_word' id='word_1_546' title='bbox 1183 2600 1213 2628; x_wconf 88' lang='lat' dir='ltr'>et</span> <span class='ocrx_word' id='word_1_547' title='bbox 1232 2594 1453 2628; x_wconf 84' lang='lat' dir='ltr'>insolitissimo</span> <span class='ocrx_word' id='word_1_548' title='bbox 1476 2593 1570 2633; x_wconf 88' lang='lat' dir='ltr'>belli,</span> <span class='ocrx_word' id='word_1_549' title='bbox 1596 2593 1741 2625; x_wconf 85' lang='lat' dir='ltr'>incursus</span> 
     </span>
     <span class='ocr_line' id='line_1_115' title="bbox 995 2645 1741 2692; baseline -0.005 -11"><span class='ocrx_word' id='word_1_550' title='bbox 995 2648 1131 2682; x_wconf 90' lang='lat' dir='ltr'>militum</span> <span class='ocrx_word' id='word_1_551' title='bbox 1148 2676 1154 2689; x_wconf 91' lang='lat'>,</span> <span class='ocrx_word' id='word_1_552' title='bbox 1179 2648 1438 2692; x_wconf 83' lang='lat' dir='ltr'>depopulationis</span> <span class='ocrx_word' id='word_1_553' title='bbox 1458 2657 1609 2690; x_wconf 84' lang='lat' dir='ltr'>agrorum</span> <span class='ocrx_word' id='word_1_554' title='bbox 1626 2673 1632 2686; x_wconf 94' lang='lat'>,</span> <span class='ocrx_word' id='word_1_555' title='bbox 1657 2645 1741 2678; x_wconf 89' lang='lat' dir='ltr'>dire-</span> 
     </span>
     <span class='ocr_line' id='line_1_116' title="bbox 996 2698 1741 2746; baseline -0.005 -12"><span class='ocrx_word' id='word_1_556' title='bbox 996 2702 1113 2746; x_wconf 80' lang='lat' dir='ltr'>ptionis</span> <span class='ocrx_word' id='word_1_557' title='bbox 1133 2708 1188 2735; x_wconf 86' lang='lat' dir='ltr'>aut</span> <span class='ocrx_word' id='word_1_558' title='bbox 1215 2702 1376 2743; x_wconf 86' lang='lat' dir='ltr'>siccitatis,</span> <span class='ocrx_word' id='word_1_559' title='bbox 1398 2700 1587 2738; x_wconf 82' lang='lat' dir='ltr'>alluvionis,</span> <span class='ocrx_word' id='word_1_560' title='bbox 1612 2698 1741 2741; x_wconf 68' lang='lat' dir='ltr'>grandi-</span> 
     </span>
    </p>
   </div>
   <div class='ocr_carea' id='block_1_10' title="bbox 1637 285 1940 322">
    <p class='ocr_par' dir='ltr' id='par_1_13' title="bbox 1637 285 1940 322">
     <span class='ocr_line' id='line_1_117' title="bbox 1637 285 1940 322; baseline 0 -1"><span class='ocrx_word' id='word_1_561' title='bbox 1637 285 1701 318; x_wconf 77' lang='lat'>599</span> <span class='ocrx_word' id='word_1_562' title='bbox 1749 295 1796 321; x_wconf 69' lang='lat' dir='ltr'>An.</span> <span class='ocrx_word' id='word_1_563' title='bbox 1822 295 1850 321; x_wconf 86' lang='lat' dir='ltr'>c.</span> <span class='ocrx_word' id='word_1_564' title='bbox 1872 295 1940 322; x_wconf 75' lang='lat'>1592</span> 
     </span>
    </p>
   </div>
   <div class='ocr_carea' id='block_1_11' title="bbox 1757 1583 1942 1816">
    <p class='ocr_par' dir='ltr' id='par_1_14' title="bbox 1757 1583 1942 1816">
     <span class='ocr_line' id='line_1_118' title="bbox 1815 1583 1942 1603; baseline 0 0"><span class='ocrx_word' id='word_1_565' title='bbox 1815 1583 1942 1603; x_wconf 67' lang='lat' dir='ltr'>Locationei</span> 
     </span>
     <span class='ocr_line' id='line_1_119' title="bbox 1759 1610 1942 1630; baseline 0 -1"><span class='ocrx_word' id='word_1_566' title='bbox 1759 1610 1942 1630; x_wconf 66' lang='lat' dir='ltr'>iclaittlctuscon.⁴</span> 
     </span>
     <span class='ocr_line' id='line_1_120' title="bbox 1757 1637 1941 1657; baseline 0 -1"><span class='ocrx_word' id='word_1_567' title='bbox 1757 1637 1881 1656; x_wconf 86' lang='lat' dir='ltr'>munitatum</span> <span class='ocrx_word' id='word_1_568' title='bbox 1891 1637 1941 1657; x_wconf 83' lang='lat' dir='ltr'>liant</span> 
     </span>
     <span class='ocr_line' id='line_1_121' title="bbox 1757 1663 1942 1683; baseline 0 0"><span class='ocrx_word' id='word_1_569' title='bbox 1757 1669 1803 1683; x_wconf 65' lang='lat' dir='ltr'>vum</span> <span class='ocrx_word' id='word_1_570' title='bbox 1824 1663 1942 1683; x_wconf 60' lang='lat' dir='ltr'>fideiussio-</span> 
     </span>
     <span class='ocr_line' id='line_1_122' title="bbox 1758 1690 1939 1710; baseline 0 -1"><span class='ocrx_word' id='word_1_571' title='bbox 1758 1696 1782 1710; x_wconf 81' lang='lat' dir='ltr'>ne</span> <span class='ocrx_word' id='word_1_572' title='bbox 1813 1690 1890 1709; x_wconf 76' lang='lat' dir='ltr'>idonea</span> <span class='ocrx_word' id='word_1_573' title='bbox 1922 1693 1939 1709; x_wconf 70' lang='lat' dir='ltr'>et</span> 
     </span>
     <span class='ocr_line' id='line_1_123' title="bbox 1757 1719 1941 1741; baseline 0.011 -7"><span class='ocrx_word' id='word_1_574' title='bbox 1757 1722 1804 1736; x_wconf 66' lang='lat' dir='ltr'>vum</span> <span class='ocrx_word' id='word_1_575' title='bbox 1820 1719 1882 1741; x_wconf 69' lang='lat' dir='ltr'>pacto</span> <span class='ocrx_word' id='word_1_576' title='bbox 1894 1722 1941 1741; x_wconf 81' lang='lat' dir='ltr'>pro-</span> 
     </span>
     <span class='ocr_line' id='line_1_124' title="bbox 1757 1743 1942 1763; baseline -0.011 0"><span class='ocrx_word' id='word_1_577' title='bbox 1757 1743 1847 1763; x_wconf 73' lang='lat' dir='ltr'>lnlntixo</span> <span class='ocrx_word' id='word_1_578' title='bbox 1874 1743 1942 1762; x_wconf 57' lang='lat' dir='ltr'>cuin&lt;-</span> 
     </span>
     <span class='ocr_line' id='line_1_125' title="bbox 1758 1769 1941 1795; baseline -0.005 -6"><span class='ocrx_word' id='word_1_579' title='bbox 1758 1776 1846 1795; x_wconf 76' lang='lat' dir='ltr'>cumque</span> <span class='ocrx_word' id='word_1_580' title='bbox 1877 1769 1941 1789; x_wconf 58' lang='lat' dir='ltr'>desal-</span> 
     </span>
     <span class='ocr_line' id='line_1_126' title="bbox 1758 1797 1855 1816; baseline -0.01 0"><span class='ocrx_word' id='word_1_581' title='bbox 1758 1797 1855 1816; x_wconf 34' lang='lat' dir='ltr'>cati-nnis</span> 
     </span>
    </p>
   </div>
  </div>
 </body>
</html>
