2226 3070
57 220 109 248 An.
126 219 156 247 C.
172 219 239 247 1588

80 2176 139 2197 Fiden
154 2180 211 2198 tran-

30 2210 166 2233 nummorum.

29 2292 117 2314 sancito
129 2299 212 2319 poena—

912 216 1016 240 stxrus
1036 217 1054 240 v
1074 217 1122 240 1³1¹.
1712 208 1751 241 27

1043 270 1196 312 Sequitur
1221 270 1335 301 erectio
1360 270 1454 312 offirii'
1485 271 1622 312 regiratis
1646 272 1796 314 supradi-

252 275 405 310 strentur,
430 270 565 313 aliisque
591 269 873 303 constitutionibus
898 274 928 301 et
948 280 1000 302 or-

252 323 468 357 dinationibus
499 323 693 367 apostolicis,
717 334 843 356 necnon
870 323 999 367 provin-

252 377 376 410 ciarum
406 379 513 411 Status
549 377 763 411 Ecclesiastici
793 377 998 417 huiusmodi,

251 443 288 464 ac
313 432 498 476 quarumvis
524 431 609 463 illius
638 431 811 471 civitatum,
839 432 997 471 locorum,

251 485 467 525 districtuum,
490 495 617 517 necnon
642 485 926 523 monasteriorum,
951 497 1000 518 ec—

251 539 421 572 clesiarum
443 544 473 572 et
493 538 631 570 aliorum
648 538 776 581 piorum
795 548 831 570 ac
853 548 917 570 non
934 538 999 581 pio-

249 604 319 625 rum
352 594 510 632 locorum,
541 591 635 624 etiam
661 591 855 631 iuramento,
879 592 997 623 contir-

248 646 387 679 inatione
404 645 593 689 apostolica,
615 645 662 677 vel
680 644 788 687 quavis
806 645 956 677 tirmitate
968 657 998 677 a·

247 700 287 732 lia
312 698 482 739 roboratis,
504 699 630 731 statutis
650 704 681 731 et
692 698 995 739 consuetudinibus,

245 752 417 797 privilegiis
431 763 571 797 quoque,
586 752 719 785 indultis
740 758 770 785 et
790 752 904 785 litteris
921 764 998 796 apo-

243 806 376 845 stolicis,
394 805 663 850 exemptionibus,
683 805 953 846 innnunitatibUS,
966 818 996 838 ‹J-

244 861 319 894 tiam
341 872 415 894 cum
438 860 530 893 titulo
552 871 702 901 oneroso,
731 865 794 893 tam
820 872 837 893 a
862 860 996 893 Camera

243 926 340 958 quam
362 926 379 947 a
400 914 493 947 nobis
521 926 576 948 seu
607 914 910 958 praedecessoribus
938 925 994 947 no-

242 970 316 1001 stris
336 968 591 1012 quomodolibet,
611 968 707 1000 etiam
723 968 798 1008 inis,
817 979 994 1011 corumque

243 1027 364 1070 legatis,
386 1027 577 1069 vicelegatis,
601 1027 885 1069 gubernatoribus,
910 1026 993 1059 iudi-

242 1086 345 1125 cibus,
371 1085 516 1125 notariis,
539 1084 739 1118 cancellariis
759 1090 790 1117 ct
810 1085 882 1118 aliis
903 1097 992 1128 prac-

241 1144 312 1177 satis
326 1143 587 1187 quibuscumque
603 1143 900 1185 communitatilnis,
923 1143 993 1176 uni-

240 1201 454 1242 versitatibus,
467 1202 685 1246 Cameraeque
707 1207 834 1235 nostrae
857 1207 888 1235 et
905 1202 992 1235 illius

239 1260 378 1293 auditori
400 1260 541 1303 generali
562 1271 599 1293 ac
620 1260 709 1300 fisro,
737 1260 872 1304 aliisque
894 1260 988 1293 ctiam

239 1319 395 1363 personis,
417 1319 476 1352 sub
497 1319 758 1363 quibuscumque
779 1319 947 1351 tenoribus·
961 1326 988 1352 et

238 1378 360 1418 formis,
384 1390 420 1411 ac
438 1389 512 1411 cum
533 1377 699 1422 quibusvis
720 1378 874 1410 clausulis
890 1384 920 1411 ct
937 1379 990 1411 de-

237 1429 342 1475 cretis,
363 1436 459 1469 etiam
482 1441 570 1469 motu
593 1435 701 1476 simili,
722 1436 817 1468 etiam
836 1437 989 1469 ‹stoiisisto-

237 1494 370 1535 rialiter,
393 1506 430 1527 ac
448 1495 526 1528 alias
544 1495 575 1527 in
588 1495 788 1528 contrarium
809 1496 988 1538 quomodo-

238 1553 316 1586 libet
336 1552 526 1585 facientibus
551 1559 581 1586 ct
602 1553 762 1586 concessis
783 1564 819 1585 ac
846 1553 877 1585 in
900 1554 987 1585 sutu-

237 1623 307 1644 runi
336 1612 569 1652 concedendis,
597 1612 714 1656 quibus
745 1612 917 1649 omnibus,
954 1623 987 1644 e-

236 1669 339 1702 tiamsi
361 1670 400 1703 de
422 1670 484 1702 illis
504 1670 702 1713 illorumque
723 1670 796 1703 totis
822 1670 987 1703 tenoribus

234 1727 395 1771 specialis,
418 1728 570 1772 specifica
583 1734 775 1771 etexpressa
793 1728 912 1761 mentio
932 1729 987 1762 ba·

234 1786 340 1818 benda
361 1786 454 1826 soret,
479 1792 606 1819 tenores
623 1786 809 1819 huiusmodi
837 1798 986 1829 praesen-

232 1843 318 1877 tibus
340 1855 398 1888 pro
423 1845 621 1878 sufficienter
639 1845 796 1890 expressis
817 1846 983 1887 babentes,

234 1902 296 1935 illis
317 1902 395 1935 alias
415 1903 446 1935 in
459 1914 516 1936 suo
533 1904 649 1936 robore
672 1905 904 1948 permansuris,
925 1905 985 1937 hac

232 1961 298 1995 vice
318 1962 492 2003 dumtaxat,
513 1963 696 2006 specialiter
717 1969 747 1995 et
767 1975 915 2007 expresse
928 1964 984 1997 dc-

231 2030 395 2062 rogamus,
426 2020 606 2063 ceterisque
640 2021 811 2054 contrariis
849 2022 983 2065 quibus-

230 2088 381 2122 cumque.

273 2138 288 2181 ἓ
313 2137 344 2170 9.
372 2137 528 2171 Volumus
544 2139 747 2182 autemquod
763 2141 981 2183 praesentium

228 2195 394 2239 exemplis,
412 2201 470 2229 etc.

273 2253 287 2296 ἓ
322 2254 374 2287 10.
411 2254 494 2287 Nulli
529 2267 605 2298 crgo
639 2257 770 2290 omnino
796 2258 978 2300 bominum,

228 2311 333 2352 liceat,
356 2316 414 2345 etc.

271 2370 383 2403 Datum
406 2371 524 2404 Rornae
545 2373 630 2416 apud
651 2374 804 2406 Sanctum
827 2375 978 2416 lllarcum,

227 2439 312 2461 anno
332 2428 564 2463 Incarnationis
585 2431 767 2465 dominicae
783 2442 976 2475 iiianxxvni,

227 2486 373 2519 kalendis
393 2488 532 2530 augusti,
546 2489 754 2532 pontificatus
771 2491 871 2523 nostri
893 2502 977 2525 anno

226 2550 354 2588 quarto.

264 2606 326 2637 Dat.
344 2606 390 2638 die
408 2608 420 2637 l
441 2609 558 2648 augusti
576 2609 664 2649 1588,
683 2611 787 2653 pontis.
804 2621 880 2644 anno
894 2621 934 2644 tv.

1814 220 1865 247 An.
1883 220 1910 247 C.
1931 222 1996 248 158⁸

1087 324 1130 356 cli
1150 323 1303 363 archivii,
1326 334 1397 355 cam
1420 324 1657 356 iurisdiccimiss
1679 330 1706 357 vl
1726 327 1795 368 pri-

1090 377 1276 419 m'ayz'arum
1295 377 1505 409 concessione.

1103 480 1197 508 Sixtus
1216 481 1372 516 episcopus,
1389 487 1485 508 servus
1505 488 1644 509 servorum
1659 482 1719 514 Dei,

1182 535 1214 561 ad
1234 535 1397 569 perpetuam
1421 534 1461 562 rei
1480 535 1650 562 memoriam.

1841 639 1949 660 Ιίιίιιῐιιιτιι

1085 628 1276 659 Sollicitudo
1295 628 1464 660 ministerii
1484 629 1652 671 pastoralis
1670 640 1727 661 nos
1741 630 1794 661 acl-

1041 686 1145 712 monet
1170 687 1199 713 ct
1220 681 1341 714 inducit
1364 687 1408 721 ut,
1432 694 1490 725 pro
1512 682 1596 715 l'elici
1619 694 1791 725 progressu

1039 744 1152 766 eorum
1179 746 1261 777 quae
1287 736 1325 767 ad
1361 747 1568 769 communem
1594 737 1793 780 reipublicae

1039 792 1069 819 et
1103 787 1307 820 subditorum
1340 795 1525 822 nostrorum
1566 790 1733 822 utilitatem
1763 796 1793 823 et

1038 840 1246 873 commodum
1270 851 1328 884 per
1348 853 1406 874 nos
1427 843 1573 875 ordinata
1597 844 1738 881 suci-uin,
1759 845 1791 876 il-

1038 894 1144 926 lorum
1172 905 1282 926 curam
1306 895 1513 937 egregiorum
1541 896 1683 929 virorum
1712 909 1790 940 pru-

1037 947 1164 980 dentiae
1192 949 1438 987 deinandeinns,
1470 961 1608 992 quorum
1636 962 1734 993 opera
1761 957 1788 983 cet

1037 1002 1142 1034 studio
1176 1003 1313 1036 feliciter
1352 1009 1506 1047 regantur
1545 1010 1571 1036 et
1609 1006 1790 1047 gulwrnvn—

1037 1060 1099 1095 tur,
1122 1055 1192 1089 lites
1208 1067 1338 1100 quoque
1361 1062 1388 1089 et
1412 1057 1593 1090 discordiae
1612 1070 1789 1101 quaerum-

1035 1120 1097 1151 que
1123 1109 1249 1142 facilius
1281 1110 1475 1142 decidantur
1506 1116 1535 1143 et
1561 1112 1788 1151 teri‘ninrntur,

1034 1168 1130 1205 prout
1168 1168 1231 1195 tani
1276 1174 1334 1207 pro
1373 1163 1512 1196 iustitiae
1540 1165 1789 1207 complemcnto,

1033 1226 1129 1257 quain
1147 1216 1351 1250 subditorum
1374 1218 1562 1250 corumdem
1585 1219 1684 1261 quir-ti
1711 1230 1788 1251 con-

1033 1269 1189 1312 spicimus
1210 1270 1241 1302 in
1267 1270 1403 1303 Domino
1428 1271 1601 1304 salubriter
1622 1273 1785 1316 expedire.

1076 1323 1090 1365 ξ
1115 1322 1146 1355 1.
1165 1323 1243 1356 Cum
1272 1324 1380 1367 itaque
1402 1336 1458 1357 nos
1481 1336 1595 1368 nuper,
1619 1327 1657 1358 ad
1680 1327 1786 1370 publi-

1032 1385 1143 1406 carum
1177 1382 1411 1419 scripturarum
1443 1378 1733 1418 conservationitun,
1756 1385 1782 1411 et

1032 1428 1159 1461 illarum
1181 1430 1397 1473 deperditioni
1424 1442 1458 1463 ar
1473 1432 1674 1471 falsitatibus,
1701 1444 1784 1476 quae
1802 1430 1986 1481 'L[¹{‘1f'¹:⁰¹,‘f,''“¹{¹lj

1031 1482 1089 1514 nisi
1115 1483 1253 1525 diligens
1270 1495 1348 1516 cura
1374 1490 1399 1517 et
1423 1485 1610 1518 sollicitudo
1630 1487 1783 1520 adbibea—
1801 1491 1821 1510 *¹¹
1851 1478 1984 1517 ¹¹¹³G¹⁰⁵<3¹¹¹¹

1031 1541 1083 1568 tur
1104 1536 1188 1569 eirca
1210 1549 1273 1577 cas,
1292 1538 1323 1569 in
1343 1538 1487 1571 l'raudem
1506 1539 1644 1573 iustitiae
1659 1552 1693 1572 ar
1711 1543 1784 1575 sub-
1802 1526 1871 1543 ΨΜ

1030 1589 1171 1622 ditoruin
1207 1597 1391 1623 nostrorum
1414 1603 1508 1634 grave
1535 1594 1783 1636 praeiudicium,

1029 1644 1157 1676 evenire
1184 1650 1330 1687 possunt,
1362 1645 1571 1685 obviandum,
1603 1647 1672 1680 lites
1705 1661 1783 1692 quo·

1029 1707 1104 1739 quc,
1128 1697 1307 1730 disrordias
1329 1703 1358 1730 ct
1379 1698 1441 1731 alia
1463 1699 1621 1742 pericula,
1643 1713 1724 1744 quae
1739 1703 1784 1734 di-

1028 1756 1153 1783 ctarum
1172 1752 1407 1796 scripturarum
1427 1754 1597 1787 occasione
1612 1755 1695 1788 inter
1713 1768 1782 1788 cos-

1028 1804 1100 1836 dem
1119 1805 1265 1837 subditos
1287 1812 1413 1839 nostros
1428 1807 1459 1839 in
1481 1807 1560 1845 dies,
1581 1819 1694 1849 magna
1709 1822 1782 1842 runi

1027 1869 1141 1891 eorum
1164 1859 1285 1891 iactura
1306 1866 1334 1893 et
1358 1860 1510 1899 laesione,
1533 1862 1688 1896 bartenus
1714 1875 1781 1895 rno-

1028 1917 1075 1945 tae
1097 1912 1246 1951 suerunt,
1270 1914 1516 1958 extirpandum,
1539 1916 1782 1960 certisqnealiis

1028 1966 1274 1999 tationabilibus
1294 1968 1439 2000 animum
1462 1974 1607 2001 nostruin
1629 1972 1781 2004 moventi—

1026 2020 1085 2052 bus
1106 2026 1133 2052 ct
1157 2026 1232 2053 tunc
1250 2022 1535 2065 expressisrausis,
1560 2024 1590 2055 in
1613 2026 1778 2059 tedestatn

1025 2073 1249 2107 Eccl=1=siasti‹:‹ii
1284 2076 1376 2107 nobis
1405 2082 1435 2108 et
1468 2077 1540 2109 Sedi
1576 2079 1778 2121 Apostolirae

1025 2128 1163 2161 mediate
1176 2134 1206 2161 et
1222 2128 1406 2161 inimicitiam
1421 2130 1565 2163 subiecto
1578 2133 1674 2167 (alma
1696 2134 1777 2166 Urbi·

1025 2187 1133 2214 nostra
1153 2188 1179 2215 et
1204 2182 1327 2215 civitate
1349 2188 1379 2216 ct
1404 2185 1555 2217 comitatu
1583 2185 1775 2220 bononiensi

1024 2235 1185 2268 dumtaxat
1216 2237 1368 2280 exceptis)
1395 2238 1535 2270 arcliiria
1569 2239 1709 2282 publica,
1745 2242 1774 2273 in

1023 2289 1142 2331 quibus
1171 2290 1275 2323 dictae.
1300 2290 1480 2334 scripturae
1501 2303 1538 2324 ac
1562 2292 1784 2327 instrumenta‘

1022 2343 1152 2386 publica
1201 2343 1358 2387 asportari
1392 2350 1422 2377 et
1456 2345 1628 2385 diligenter
1666 2354 1773 2380 custo-

1022 2396 1083 2428 diri
1114 2396 1271 2437 debeant,
1300 2398 1498 2431 erexerimus
1529 2405 1556 2431 ct
1595 2399 1772 2433 institueri-

1022 2460 1093 2482 mus
1113 2454 1169 2482 ecc.

1064 2503 1078 2546 ἓ
1103 2503 1134 2535 02.
1151 2503 1273 2548 Operae
1296 2505 1502 2549 pretiumque
1523 2506 1767 2548 duxeriinusut,
1786 2511 1969 2561 οιῗιζᾞνωῃάωε

1019 2567 1078 2600 pro
1094 2556 1214 2590 salubri
1236 2558 1414 2595 directione
1435 2560 1635 2604 providoque
1655 2562 1770 2603 guber-
1785 2565 1874 2595 ⁰.ffi1·⁵¹¹¹¹¹
1891 2573 1968 2591 svm<

1786 2595 1811 2611 tis
1827 2593 1968 2615 archiviorum

1019 2610 1072 2643 nio
1093 2610 1255 2645 dictorum
1277 2612 1506 2655 archiviorum,
1527 2614 1644 2658 aliquis
1661 2626 1770 2659 supre-
1785 2620 1968 2672 ffgssfdffi'fflum'

1833 1334 1869 1353 {tir
1891 1335 1986 1356 tuintttex

1804 1367 1892 1386 institnit
1910 1368 1986 1386 ari-tn?

1804 1403 1834 1416 via
1846 1398 1926 1422 publica
1937 1405 1978 1418 scii

1900 2517 1968 2534 autem
