2226 3070
242 311 289 338 An.
311 311 340 339 C.
358 310 419 338 ¹591

253 1061 363 1081 Concessio
371 1060 422 1080 Pon-

241 1087 301 1107 tificis
343 1093 422 1107 eorum-

240 1114 286 1133 dem
304 1114 422 1139 privilegio-

241 1146 290 1160 rum.

470 299 533 334 390

438 359 565 393 illorum
602 357 855 400 congregationis
891 361 1099 397 augumento,
1138 360 1170 388 ut

438 412 496 457 ipsi
520 412 551 445 in
576 412 624 444 via
648 410 772 444 Domini
804 410 861 442 sub
893 408 977 440 suavi
1009 408 1170 450 religionis

438 467 522 509 iugo,
535 467 598 499 Deo
619 466 723 501 dante,
741 463 913 506 plurimum
929 463 1084 505 proficere
1098 473 1169 505 pos-

437 520 508 559 sint,
533 518 639 551 omnia
660 516 834 560 privilegia,
851 515 977 557 gratias,
993 516 1167 551 facultates,

438 579 500 605 tam
522 571 699 615 spirituales
724 580 820 612 quam
851 569 1042 612 temporales
1067 579 1101 600 ac
1124 567 1170 599 in-

437 627 523 659 dulta
543 623 780 665 congregationi
793 622 1051 666 presbyterorum
1071 622 1171 654 Thea-

437 680 574 711 tinorum
597 682 853 719 nuncupatorum
875 686 1036 712 concessa,
1060 687 1171 708 eorum

436 731 673 774 congregationi
700 730 881 763 huiusmodi
907 730 1056 766 concedi,
1082 730 1172 762 nobis

437 786 598 819 humiliter
612 785 783 828 supplicari
798 785 938 817 fecerunt
953 790 1107 827 quatenus
1121 795 1173 816 eo-

437 850 506 871 rum
526 838 682 871 desiderio
702 838 883 870 huiusmodi
907 847 1061 877 annuere,
1083 837 1173 869 alias-

436 903 497 935 que
531 892 561 924 in
589 891 770 935 praemissis
800 897 978 935 opportune
1008 890 1172 934 providere

437 946 476 978 de
496 945 690 986 benignitate
712 945 891 988 apostoliea
906 944 1124 986 dignaremur:

482 999 496 1040 ᾖ
517 998 545 1031 02.
571 999 632 1031 Nos
654 998 759 1038 igitur,
774 997 956 1030 huiusmodi
968 997 1172 1041 supplicatio-

438 1053 531 1086 nibus
552 1053 704 1091 inclinati,
721 1053 826 1085 omnia
849 1058 879 1085 et
902 1053 1026 1094 singula
1047 1052 1172 1096 privile-

438 1106 499 1149 gia,
520 1106 766 1149 praerogativas,
790 1106 1021 1143 concessiones,
1046 1106 1173 1137 t'aeulta-

438 1166 500 1197 tes,
525 1160 758 1203 exemptiones,
784 1159 1009 1195 immunitates,
1034 1159 1169 1196 indulta,

438 1213 650 1256 indulgentias
677 1219 704 1246 et
727 1219 932 1257 peccatorum
953 1213 1169 1252 remissiones,

437 1273 640 1311 caeterasque
661 1268 775 1307 *gratias
796 1267 975 1311 spirituales
996 1273 1022 1300 et
1053 1273 1174 1310 tempo-

437 1322 537 1361 rales,
561 1332 597 1353 ac.
624 1328 687 1353 tam
710 1321 905 1354 coniunctim
931 1332 1026 1364 quam
1051 1321 1172 1353 divisim

437 1375 531 1407 etiam
543 1385 598 1418 per
609 1375 689 1407 viam
703 1374 1003 1406 communicationis
1013 1375 1059 1406 vel
1069 1380 1174 1406 exten-

437 1429 533 1461 sionis
554 1434 604 1461 aut
627 1429 703 1461 alias
723 1429 963 1472 quomodolibet
988 1428 1174 1461 dictaeeon-

438 1483 612 1526 {negationi
652 1483 910 1527 presbyterorum
948 1483 1172 1515 Tlteatinorum

438 1542 707 1580 nuncupatorum,
723 1536 870 1579 illiusque
889 1536 1028 1578 generali
1043 1536 1175 1579 aliisque

439 1590 667 1634 superiorilms,
683 1590 882 1626 officialibus,
898 1590 1050 1622 ministris
1063 1595 1091 1623 et
1103 1602 1174 1633 per-

439 1644 542 1683 sonis,
576 1654 751 1687 eorumque
788 1643 937 1676 domibus
974 1644 1176 1684 regularibus

441 1697 697 1741 ‹petibusoumque
719 1707 883 1734 concessa,
907 1708 943 1730 ae
963 1697 1078 1740 quibus
1094 1697 1175 1730 dicta

442 1751 622 1793 congregati
657 1751 898 1787 'Tlieatinorunn
922 1750 1052 1793 eiusque
1064 1751 1177 1782 domus

442 1805 613 1846 regulares,
638 1814 762 1836 necnon
779 1804 959 1843 generales,
983 1803 1173 1846 superiores,

442 1859 604 1897 officiales,
629 1858 762 1891 ministri
795 1864 825 1890 et
856 1858 935 1890 aliae
956 1868 1178 1900 quaecumque

443 1912 526 1945 illius
548 1922 714 1956 personae,
739 1912 777 1944 de
798 1911 883 1950 iure,
907 1922 987 1947 usu,
1012 1916 1179 1943 cousuetu-

443 1966 531 2005 dine,
556 1965 719 2009 privilegio
744 1970 798 1997 aut,
828 1964 1032 1997 concessione
1052 1969 1178 2007 aposto-

443 2019 502 2052 lica
532 2019 577 2051 vel
611 2018 687 2051 alias
719 2018 976 2061 quomodolibet,
1001 2017 1093 2049 etiam
1125 2029 1181 2060 per

443 2073 524 2105 viam
565 2071 864 2105 communicationis
906 2076 933 2103 et
971 2071 1176 2106 extentionis,

447 2132 588 2165 utuntur,
614 2127 770 2164 fruuntur,
795 2125 960 2169 potiuntur
979 2131 1007 2157 et
1029 2125 1177 2166 gaudent,

445 2192 480 2213 ac
501 2180 556 2217 uti,
581 2180 654 2216 l'rui,
678 2179 771 2223 potiri
793 2185 821 2211 et
842 2179 981 2220 gaudere
1001 2184 1130 2222 possunt
1153 2185 1180 2211 et

447 2239 593 2278 poterunt
608 2233 850 2277 quomodolibet
861 2233 892 2264 in
906 2234 1062 2270 futurum,
1078 2233 1181 2265 eidem

447 2287 684 2329 congregationi
697 2286 889 2319 Clericorum
904 2286 1060 2318 Minorum
1083 2286 1181 2318 illius-

447 2352 508 2384 que
529 2341 677 2372 domibus
707 2340 921 2382 regularibus,
944 2350 1069 2372 necnon
1091 2351 1182 2383 prae-

448 2394 549 2438 posito
585 2394 744 2435 generali,
774 2394 906 2437 aliisque
942 2393 1179 2437 superiorilms,

447 2448 646 2485 officialibus,
670 2447 820 2479 ministris
839 2453 866 2479 et
889 2447 957 2480 aliis
977 2447 1183 2490 quibuscum-

448 2512 509 2545 que
531 2501 614 2533 illius
634 2500 778 2544 personis
798 2511 882 2533 nunc
913 2507 941 2533 et
962 2511 1020 2544 pro
1041 2506 1184 2544 tempore

448 2554 663 2595 existentibus,
674 2554 846 2597 apostolica
862 2554 1059 2593 auctoritate,
1078 2560 1185 2587 tenore

448 2608 674 2653 praesentium,
698 2613 851 2651 perpetuo
873 2607 1090 2648 concedimus,
1116 2607 1184 2639 illa-

449 2674 510 2707 que
530 2662 638 2695 omnia
658 2667 686 2694 et
707 2661 831 2703 singula
851 2662 890 2693 ad
917 2661 1033 2694 dietam
1055 2671 1186 2703 congre-

450 2716 610 2757 gationem
635 2715 829 2749 Clericorum
856 2714 1011 2747 Minorum
1038 2714 1186 2757 illiusque

1017 307 1197 331 nuLLARIUM
1218 307 1367 331 ROMANUM

1204 356 1318 388 domus
1338 356 1499 397 regulares
1511 366 1636 389 necnon
1654 357 1868 400 praepositum
1884 368 1937 400 ge-

1205 410 1356 447 neralem,
1381 409 1571 453 superiores,
1595 409 1756 448 officiales,
1779 410 1939 443 ministros

1205 468 1233 494 et
1255 473 1405 506 personas
1429 462 1625 506 praedictas,
1650 462 1728 495 itaut
1755 462 1837 495 dicta
1863 474 1938 496 con—

1205 515 1346 557 gregatio
1375 516 1568 549 Clerioorum
1605 516 1781 553 Minorum,
1811 515 1940 560 eiusque

1206 570 1367 610 rog-alares
1392 570 1517 607 domus,
1547 569 1740 612 illorumque
1772 570 1938 611 generalis,

1205 623 1396 666 superiores,
1412 623 1573 659 officiales,
1589 623 1723 656 ministri
1739 629 1767 656 et
1787 634 1942 666 personae

1207 687 1289 709 uum·
1310 682 1338 708 et
1358 687 1414 720 pro
1434 682 1575 720 tempore
1596 676 1772 715 existentes,
1789 677 1942 720 praemis-

1188 758 1190 764 ,
1206 729 1247 760 sis
1265 729 1412 761 omnibus
1433 735 1463 761 et
1482 729 1624 770 singulis,
1637 740 1738 772 aeque
1759 736 1787 762 et
1808 730 1942 773 parisor-

1208 784 1310 821 miter,
1326 790 1352 816 et
1369 784 1435 817 sine
1456 785 1561 828 aliqua
1582 784 1770 825 differentia,
1790 785 1846 825 uti,
1863 785 1938 825 frui,

1208 837 1299 880 potiri
1321 843 1352 870 et
1370 838 1508 879 gaudere
1529 837 1627 870 libere
1648 843 1678 870 et
1694 837 1778 871 licite
1798 838 1939 881 possint,

1209 891 1339 934 perinde
1355 902 1390 923 ac
1411 891 1435 923 si
1453 891 1578 933 singula
1599 891 1772 934 praemissa
1792 891 1852 924 illis
1872 903 1943 936 spe-

1209 943 1328 976 cialiter
1349 949 1378 976 et
1398 955 1543 987 expresse
1563 955 1597 976 ac
1625 944 1855 988 principaliter,
1879 955 1943 978 non

1208 1003 1312 1030 autem
1328 998 1366 1030 ad
1385 998 1492 1037 instar,
1505 1008 1655 1031 concessa
1677 1004 1704 1030 et
1726 998 1945 1041 praesentibus

1209 1062 1363 1094 expressa,
1388 1062 1423 1083 ae
1444 1052 1482 1083 de
1503 1052 1599 1084 verbo
1629 1052 1668 1084 ad
1696 1051 1843 1091 verbum,
1868 1051 1944 1084 nihil

1209 1104 1332 1147 penitus
1352 1104 1481 1142 omisso,
1507 1104 1622 1137 inserta
1642 1104 1783 1145 fuissent,
1807 1104 1945 1138 auctori-

1209 1163 1269 1190 tate
1290 1163 1320 1190 et
1346 1163 1454 1189 tenore
1480 1158 1649 1201 praedictis
1674 1157 1884 1198 extendimus,
1908 1158 1946 1190 il—

1209 1212 1301 1255 laque
1321 1212 1428 1244 onmia
1449 1217 1476 1244 et
1499 1212 1622 1253 singula
1644 1212 1745 1245 dictae
1773 1222 1947 1254 congrega-

1210 1265 1284 1297 tioni
1306 1265 1513 1302 (noricorum,
1538 1265 1706 1302 Minorum,
1724 1265 1871 1308 illiusque
1892 1265 1947 1298 do-

1210 1318 1313 1350 mibus
1334 1318 1534 1358 regularilms
1559 1324 1586 1350 et
1612 1318 1756 1361 personis
1777 1318 1947 1361 praedictis

1210 1373 1494 1405 con11‘1'mnicamus.

1254 1426 1268 1467 ξ
1288 1425 1317 1457 ῖῖ.
1339 1426 1548 1458 Deeernentes
1568 1431 1750 1468 praesentes
1770 1425 1889 1458 litteras
1909 1426 1947 1458 de

1209 1478 1422 1522 subreptionis
1442 1484 1496 1511 aut
1515 1478 1711 1522 obreptionis
1731 1478 1805 1511 vitio
1826 1489 1880 1511 seu
1898 1478 1946 1511 in-

1211 1532 1358 1564 tentionis
1379 1538 1504 1564 nostrae.
1524 1532 1572 1564 vel
1593 1532 1704 1575 quovis
1733 1531 1794 1564 alio
1824 1532 1947 1565 defectu

1210 1585 1323 1622 notari,
1349 1585 1527 1628 impugnari
1554 1590 1608 1617 aut
1636 1585 1713 1617 alias
1743 1585 1947 1628 quomodoli-

1212 1639 1258 1670 bet
1281 1638 1405 1679 insrinei
1417 1639 1598 1671 nullatenus
1610 1648 1764 1682 uniquam
1776 1648 1878 1681 posse,
1893 1638 1948 1670 sed

1212 1693 1279 1724 illas
1305 1703 1431 1735 semper
1457 1697 1484 1724 et
1513 1697 1667 1735 perpetuo
1694 1691 1813 1724 validas
1833 1696 1863 1724 et
1883 1690 1949 1723 effi-

1212 1757 1301 1778 caces
1321 1746 1463 1786 existere,
1479 1756 1616 1789 suosque
1637 1744 1797 1789 plenarios
1818 1750 1848 1778 et
1868 1744 1948 1777 inte-

1212 1811 1284 1840 gros
1305 1800 1434 1832 nitet-tus
1454 1799 1569 1832 sortiri.

1257 1853 1313 1895 §se
1329 1854 1443 1897 Sicque
1464 1859 1493 1886 et
1512 1864 1574 1885 nou
1597 1853 1687 1885 aliter
1706 1863 1948 1896 perquoseum-

1213 1919 1273 1951 quc
1289 1908 1418 1945 iudices,
1433 1908 1542 1951 quavis
1561 1907 1748 1940 auctoritate
1769 1908 1946 1949 (ungentes,

1215 1962 1307 1994 etiam
1333 1962 1362 1995 S.
1388 1962 1421 1994 R.
1452 1962 1485 1994 E.
1515 1961 1692 1994 cardinales
1721 1967 1751 1994 et.
1780 1971 1948 1994 causarum

1216 2015 1322 2048 Palatii
1354 2014 1525 2058 Apostolioi
1556 2015 1734 2051 auditores,
1759 2015 1882 2047 sublata
1907 2015 1951 2047 eis

1216 2080 1325 2102 eorum
1345 2070 1472 2103 cuilibet
1494 2069 1602 2113 quavis
1629 2069 1720 2102 aliter
1740 2069 1901 2102 iudicandi
1922 2075 1950 2102 et

1216 2123 1443 2167 interpretandi
1465 2124 1610 2155 facultate
1630 2128 1657 2155 et
1684 2122 1886 2159 auctoritate,
1903 2122 1951 2156 iu-

1216 2177 1312 2210 dicari
1328 2182 1356 2209 et
1369 2176 1493 2209 deliniri
1509 2176 1640 2212 debere:
1665 2175 1788 2208 irritum
1810 2186 1948 2219 quoque,

1216 2236 1242 2263 et
1266 2230 1358 2262 inane
1378 2229 1529 2273 quicquid
1550 2240 1640 2262 secus
1657 2240 1751 2272 super
1771 2229 1819 2261 his
1837 2240 1854 2261 a
1871 2239 1951 2272 quo—

1216 2296 1311 2327 quam
1324 2284 1432 2327 quavis
1445 2283 1641 2323 auctoritate,
1656 2283 1792 2315 scienter
1803 2283 1848 2315 vel
1863 2282 1952 2325 igno-

1217 2343 1324 2370 ranter
1343 2337 1511 2380 eontigerit.
1528 2336 1683 2369 attentari.

1262 2390 1326 2434 §Tr
1354 2391 1420 2423 Non
1453 2390 1651 2423 obstantibus
1681 2395 1789 2423 nostra
1820 2391 1858 2422 de
1888 2401 1951 2423 non

1219 2445 1423 2477 concedendo
1439 2444 1642 2486 indulgentiis
1656 2444 1694 2476 ad
1710 2443 1819 2483 instar,
1834 2453 1871 2476 ae
1884 2443 1953 2487 qui-

1219 2498 1323 2530 busvis
1345 2498 1623 2531 constitutionibus
1643 2503 1673 2530 et
1699 2497 1953 2530 ordinationibus

1219 2552 1409 2595 apostolicis,
1427 2563 1463 2585 ae
1479 2552 1561 2585 dicta
1579 2551 1953 2594 congregatione¹Thea-

1220 2607 1370 2646 tinorum,
1387 2607 1480 2639 etiam
1503 2606 1693 2645 iuramento,
1710 2604 1952 2639 confirmatione

1220 2661 1393 2705 apostoliea
1412 2661 1459 2693 vel
1481 2661 1589 2704 quavis
1610 2660 1758 2693 firmitate
1778 2659 1839 2692 alia
1859 2659 1953 2692 robo-

1269 2724 1276 2749 t
1295 2722 1423 2756 Crinitus„
1440 2722 1533 2750 dictae
1548 2721 1787 2757 conyreqacionis.
1810 2725 1845 2753 (a.
1857 2721 1896 2755 τ.)

1954 309 2000 335 An.
2022 307 2050 335 C.
2069 307 2131 335 {591

1963 1436 2072 1457 Clausulas
2085 1442 2144 1462 prau-

1962 1465 2088 1484 servatirae.

1991 1863 2101 1883 clausulae
2115 1869 2147 1883 su-

1965 1890 2043 1913 blatae,
2052 1891 2090 1910 etc.

1989 2396 2099 2417 clausuian
2115 2396 2148 2416 de-

1967 2423 2093 2449 rugat-uriae.
