2226 3070
51 221 103 249 An·
118 219 146 247 C.
170 218 237 247 1588

89 280 236 306 Mandavitque
253 267 332 307 eliis,
356 267 560 311 primatibus,
583 267 849 311 archiepiscopis,
883 267 1011 310 episco-

54 312 237 370 ζζξῗζξμῆξῗξζὴὺῇζ
254 321 313 363 pis,
337 320 507 353 abbatibus
526 320 663 363 aliisque
690 320 843 364 praelatis
863 326 893 352 1-1
920 331 1012 364 prae-

54 373 237 431 ζῒῐξξήοῑζᾟᾛζῗ
252 374 432 407 sidentibus
463 374 688 413 eeclesiarum,
723 374 1009 410 monasteriorum,

55 437 183 457 ctesiasuris
198 442 237 471 per
253 427 511 467 universitatum,
526 427 753 470 collegiorum,
771 427 1011 470 praeceptoria-

55 468 237 519 i'}.',i⁵2'ss¹52,¹¹²„'‚'2¹.1
254 491 326 513 rum
356 481 514 513 maiorum
545 493 581 513 ac
601 480 756 513 similium
778 480 1011 512 eeclesiastica-

54 536 107 582 ζξζζζζ
129 530 240 580 ᾓξξῃῇζζὲ
254 546 326 567 rum
339 534 544 577 dignitatum,
559 544 769 577 quocumque
783 532 916 565 nomine
937 543 1010 565 cen-

51 594 132 626 riwffn'
149 591 237 611 ⁸¹⁶1>⁵b³
254 593 412 628 serentur,
448 586 663 620 saecularium
686 592 715 619 et
740 585 930 628 quorumvis
955 585 1011 619 Or-

53 623 366 681 isiiiiiiiiilgitism'dinum
388 646 418 674 et
442 640 633 673 militiarum
668 639 881 681 regularium,
916 639 1009 672 nobis

253 700 284 727 et
303 693 377 727 Sedi
404 693 607 737 Apostolicae
636 692 821 725 immediate
849 691 1010 724 subiecto-

252 759 337 787 rum,
363 758 421 790 per
444 746 567 780 Italiam
589 745 781 785 constitutis,
802 751 837 778 ut
862 746 933 778 loco
957 756 1008 778 ar-

253 801 348 834 chivii
375 801 535 843 generalis
571 799 779 834 ecelesiastici
818 799 1008 832 huiusmodi

252 854 313 897 ipsi
335 859 366 887 et
390 864 505 887 eorum
527 853 762 897 unusquisque,
783 852 1009 896 quibactenus

252 908 429 940 inventaria
459 907 645 940 huiusmodi
680 917 747 940 non
775 905 1006 946 confecissent,

253 961 420 1001 deberent,
440 960 574 994 omnino
590 960 674 993 intra
695 971 815 993 annum
836 971 853 993 a
874 960 926 993 die
945 970 1008 1002 quo

253 1020 380 1048 nostrae
402 1014 527 1048 litterae
548 1014 689 1057 desuper
709 1014 876 1047 consectae
896 1014 935 1047 ad
956 1025 1008 1047 eo-

254 1079 326 1101 rum
352 1067 498 1101 notitiam
535 1067 771 1111 pervenissent,
801 1067 947 1100 omnium
978 1073 1007 1100 et

255 1132 538 1165 quorumcumque
558 1122 721 1155 bonorum
742 1121 960 1154 immobilium
979 1121 1005 1161 ¹,

253 1186 428 1215 canonum,
443 1175 638 1216 livellorum,
654 1181 869 1218 proventuum
884 1185 1008 1208 annuo-

254 1240 338 1269 rum,
364 1229 499 1269 iurium,
527 1228 802 1269 iurisdictionum,
825 1228 1007 1272 privilegio-

253 1294 324 1316 rum
341 1288 371 1315 et
387 1282 635 1325 seripturarum,
652 1292 736 1326 quae
761 1282 806 1315 eis
826 1292 1007 1325 eorumque

251 1335 385 1369 arbitrio
402 1335 497 1378 digna
517 1335 725 1368 annotatione
745 1335 944 1375 viderentur,
967 1336 1005 1368 ad

252 1389 405 1423 eeclesias
421 1416 428 1429 ,
449 1389 664 1427 monasteria,
691 1389 845 1431 collegia,
876 1389 1005 1422 univer-

252 1443 372 1483 sitates,
395 1443 636 1486 praeceptorias
658 1443 797 1475 maiores
817 1448 847 1475 ct
867 1442 1005 1485 dignita-

252 1502 310 1536 tes,
329 1496 448 1540 quibus
469 1496 528 1540 ipsi
553 1502 738 1539 prreessent,
758 1496 1003 1540 pertinentium,

252 1555 279 1582 et
307 1549 337 1582 in
365 1560 505 1593 quorum
528 1549 727 1593 possessione
749 1550 932 1590 existerent,
956 1550 1004 1582 in-

252 1603 394 1636 ventaria
414 1603 585 1646 diligenter
617 1603 798 1643 conficere,
830 1609 858 1635 et
889 1603 1005 1636 deinde

173 1650 178 1651 ⁷
219 1688 221 1690 ,
250 1657 451 1700 quicumque
472 1667 585 1689 eorum
605 1656 635 1688 in
657 1656 814 1699 regimine
831 1668 886 1689 seu
904 1656 1006 1689 admi-

250 1706 440 1738 nistratione
468 1705 692 1745 ecclesiarum,
716 1706 1002 1745 monasteriorum,

250 1755 475 1797 collegiorum,
500 1755 744 1788 universitatum
767 1761 795 1787 et
813 1762 1003 1799 praecepto-

250 1805 372 1837 riarum
394 1803 568 1844 maiorum,
591 1815 646 1837 seu
668 1804 699 1836 in
718 1804 926 1847 dignitatibus
943 1805 1004 1837 1111-

251 1853 390 1886 iusuiodi
415 1863 619 1886 successores
643 1854 760 1893 forent,
789 1853 938 1886 similiter
958 1854 1005 1886 in-

251 1909 298 1935 tra
318 1913 439 1935 annum
464 1902 548 1935 adio
574 1902 702 1935 habitae
724 1903 947 1946 possessionis,
966 1904 1005 1937 si-

250 1951 338 1984 milia
364 1951 541 1984 inventaria
566 1951 605 1984 de
634 1962 717 1984 novo
752 1952 914 1985 conficere
948 1964 1004 1987 seu

250 2011 403 2034 renovare
423 2006 624 2040 tenerentur,
648 2007 811 2034 curarent.

294 2050 461 2083 Praeterea
474 2049 541 2082 sino
554 2050 619 2082 ulla
636 2050 793 2094 impensa,
805 2051 1002 2094 gravamine,

249 2099 415 2133 exactione
436 2104 491 2131 aut
519 2099 681 2132 ¹solutione
703 2110 836 2132 suorum
862 2101 1006 2134 subdito-

249 2159 321 2181 rum
343 2159 401 2191 per
425 2158 538 2181 omnes
567 2154 599 2181 et
618 2148 776 2191 singulos,
799 2149 853 2192 qui
875 2151 923 2182 vel
949 2161 1004 2183 eo-

250 2208 321 2229 rum
350 2196 565 2229 iurisdictioni
590 2197 837 2239 quomodolibet.
867 2198 1002 2232 subiecti

249 2250 375 2284 essent,
403 2246 450 2278 vel
472 2245 503 2277 in
524 2256 636 2278 eorum
658 2245 855 2286 civitatibus,
879 2246 1004 2280 dioece-

249 2294 337 2327 sibus
357 2299 385 2326 et
412 2293 612 2327 districtibus
628 2293 810 2333 existerent,
832 2295 957 2329 etiamsi
974 2308 1004 2330 c-

249 2343 418 2387 xemptiae
439 2343 530 2376 nobis
546 2343 700 2392 011111101·
721 2343 793 2376 Sedi
816 2344 1003 2379 iimuediate

248 2392 366 2424 subditi
388 2403 456 2425 esse
488 2398 708 2431 noscerentur,
731 2393 874 2433 abbates,
909 2405 1003 2437 prae-

249 2440 381 2483 positos,
404 2440 538 2485 priores,
560 2440 706 2481 vicarios,
729 2442 1001 2484 guardianos,ab-

248 2490 393 2529 batissas‚
412 2489 580 2533 priorissas
600 2496 629 2523 et
645 2491 881 2534 cuiuscumque
893 2492 1002 2525 Eccle-

249 2539 313 2571 siae
334 2538 377 2583 pii
404 2538 466 2571 loci
487 2540 669 2572 saeculares
691 2539 738 2572 vel
764 2541 943 2582 regulares,
973 2547 1003 2574 et

79 2112 102 2132 Et
118 2114 141 2131 1111
152 2118 174 2131 si·
191 2113 232 2132 de—

48 2142 110 2167 (11111,

286 2612 294 2637 1
319 2610 506 2640 Fontaninus.
529 2610 604 2639 addit
620 2612 755 2640 Censu'zun.
774 2614 813 2646 (11.
833 2614 882 2646 r).

922 215 1026 240 SIXTUS
1045 215 1064 236 V
1084 215 1131 239 PP-

1720 206 1756 238 22¹1

1050 267 1129 300 alios
1150 277 1360 311 quocumque
1387 267 1478 299 titulo
1504 272 1532 300 et
1560 267 1691 299 nomine
1716 279 1807 310 prae-

1053 322 1163 361 fectos,
1182 320 1353 363 utriusque
1366 332 1470 357 sexus,
1483 320 1713 359 bonastabilia,
1732 332 1805 353 cen-

1052 385 1116 413 sus,
1141 374 1224 414 iura,
1259 372 1380 406 reditus
1410 378 1440 405 et
1469 378 1641 415 proventus
1668 383 1806 416 quomo-

1052 427 1174 460 dolibet.
1195 426 1407 470 possidentes,
1431 425 1514 458 intra
1536 426 1661 458 dietum
1680 432 1807 469 tempus

1053 480 1230 513 inventaria
1248 478 1433 513 huiusmodi
1448 479 1610 512 bonorum
1626 484 1656 511 et
1668 479 1806 511 aliorum

1052 533 1316 577 supradictorum
1338 532 1486 565 similiter
1506 537 1657 565 accurate
1679 537 1710 565 ct
1734 532 1806 565 dili-

1051 592 1164 628 genter
1186 586 1302 619 contici
1323 592 1351 618 et
1374 586 1413 618 ad
1431 597 1463 618 se
1485 585 1617 625 deferri,
1641 586 1807 628 eosquead

1052 639 1082 671 id
1105 651 1162 683 per
1193 651 1346 672 censuras
1367 645 1396 672 et
1422 650 1541 683 poenas
1571 638 1808 672 ecclesiasticas

1821 215 1873 242 An.
1890 215 1919 243 C.
1941 216 2007 243 1588

1051 692 1177 735 aliaque
1213 698 1397 736 opportuna
1426 693 1506 725 iuris
1535 698 1566 725 et
1597 693 1668 726 l'acti
1700 703 1806 726 reme-
1851 728 1861 739 ,

1051 745 1102 778 dia
1127 745 1188 777 sibi
1219 746 1380 787 lwnevisa,
1403 751 1555 789 cogerent
1574 752 1605 779 et
1631 747 1806 790 compelle-

1051 804 1133 831 rent.

1095 852 1131 884 Et
1151 852 1282 885 demum
1306 852 1484 885 inventaria
1509 853 1617 885 omnia
1642 853 1807 896 praedicta

1052 906 1083 938 in
1100 906 1172 938 loco
1194 916 1339 948 congruo
1361 906 1399 938 ad
1416 905 1447 937 id
1469 906 1624 949 deputato
1637 918 1674 940 ae
1695 912 1763 939 tuto
1777 913 1808 939 et

1050 960 1246 992 beneclauso
1268 965 1480 1003 rii-ponerent,
1504 965 1600 1002 prout
1628 960 1660 992 111
1692 961 1807 994 cedula

1051 1020 1158 1047 motus
1179 1013 1314 1056 proprii,
1333 1018 1550 1045 manunostra
1563 1013 1699 1055 signata,
1715 1014 1806 1046 cuius

1049 1068 1151 1101 solam
1168 1067 1365 1109 signaturam
1378 1066 1528 1099 sufficere
1548 1066 1722 1107 voluimus,
1740 1068 1807 1111 ple-

1049 1122 1123 1154 nius
1143 1121 1339 1154 continetur.

1093 1176 1108 1219 ξ
1134 1175 1164 1207 9,.
1193 1174 1272 1208 Cum
1294 1181 1414 1213 autmu,
1436 1174 1519 1207 sieut
1539 1174 1738 1217 accepimns,
1757 1174 1805 1206 (11-

1050 1230 1123 1261 lecti
1138 1229 1195 1261 filii
1211 1228 1388 1261 Fredianus
1408 1228 1648 1267 Cremonensis,
1668 1238 1805 1270 eongre-

1049 1282 1186 1325 gationis
1207 1281 1445 1321 Lateranensis,
1465 1287 1496 1314 et
1514 1280 1612 1313 David
1633 1280 1806 1313 Paduanus

1048 1336 1257 1375 Cassinensis‚
1284 1346 1412 1368 necnon
1432 1335 1588 1377 Iosephus
1616 1334 1806 1378 Neapoleta-

1048 1400 1120 1429 nus,
1140 1389 1441 1429 Cartliusianorum,
1456 1399 1493 1421 ae
1507 1388 1620 1421 Petrus
1636 1387 1674 1420 de
1686 1387 1805 1430 Bagna-

1049 1443 1169 1476 cavallo
1190 1442 1456 1479 Camaldulensis,
1480 1446 1510 1475 et
1529 1441 1690 1474 Barnabas
1711 1441 1805 1474 Rico-

1047 1492 1153 1525 bonus
1174 1490 1288 1524 Montis
1317 1491 1443 1530 Oliveti,
1466 1502 1502 1523 ae
1529 1490 1723 1523 Laurentius
1747 1491 1805 1523 Ur-

1047 1540 1267 1573 bevetanensis
1289 1540 1322 1573 S.
1346 1539 1429 1572 Petri
1451 1539 1489 1572 ad
1520 1539 1667 1579 Vincula,
1691 1545 1721 1571 et
1735 1539 1804 1571 Ste-

1048 1590 1174 1633 pli-anus
1191 1590 1297 1622 Leone
1317 1588 1604 1627 Cruciferatorum,
1627 1599 1663 1620 ac
1680 1588 1805 1621 Marcus

1047 1639 1205 1671 Antonius
1232 1637 1443 1671 tuizzonasius
1466 1637 1474 1659 ¹
1498 1637 1606 1670 Sancti
1632 1637 1805 1670 Salvatoris

1048 1687 1085 1719 tit)
1098 1688 1202 1719 Lauro
1215 1692 1242 1718 et
1258 1686 1288 1719 S.
1309 1686 1436 1729 Georgii
1454 1687 1486 1718 in
1506 1687 1583 1728 Alga
1599 1685 1802 1718 Venetiarum

1047 1737 1336 1779 congregationum
1369 1741 1597 1779 procuratores
1624 1737 1801 1779 generales,

1047 1786 1101 1830 qui
1123 1798 1180 1819 sua
1202 1785 1379 1830 peculiaria
1404 1785 1547 1818 arcliivia
1568 1786 1628 1818 rite.
1655 1785 1803 1818 ordinata

1047 1841 1075 1869 et
1088 1848 1105 1868 a
1118 1836 1185 1868 suis
1197 1834 1416 1867 visitatoribus
1428 1835 1555 1877 singulo
1572 1846 1701 1878 quoque
1716 1846 1802 1867 anno

1048 1885 1186 1917 revideri
1218 1884 1311 1917 solita
1338 1884 1470 1923 babent,
1494 1884 1611 1916 multas
1637 1890 1665 1916 et
1695 1884 1801 1927 magui

1048 1934 1203 1967 momenti
1217 1934 1464 1967 difficultatesin
1473 1933 1717 1975 consignatione
1730 1944 1802 1967 suo-

1048 1995 1119 2017 rum
1142 1983 1397 2016 inventariorum
1419 1993 1478 2026 per
1498 1993 1552 2015 eos
1573 1982 1634 2014 iam
1650 1983 1804 2015 formato-

1048 2045 1120 2066 rum
1141 2034 1289 2065 loeorum
1311 2031 1484 2065 ordinariis
1508 2036 1539 2064 et
1564 2031 1704 2064 aliorum
1732 2042 1805 2073 pro-

1047 2082 1220 2114 missorum
1242 2081 1434 2114 executione
1464 2080 1572 2113 fienda
1599 2080 1800 2117 invenerint:

1048 2130 1195 2174 inprimis
1208 2129 1325 2162 etenim
1341 2130 1537 2162 monasteria
1550 2130 1711 2162 dictarum
1729 2140 1803 2162 con-

1046 2179 1271 2223 gregationum
1293 2180 1394 2212 multa
1416 2180 1501 2212 bona
1522 2179 1553 2211 in
1576 2179 1670 2212 terris
1688 2179 1803 2212 ditioni

1048 2229 1231 2272 principum
1262 2227 1476 2261 saecularimn
1513 2228 1666 2261 subiectis
1701 2227 1802 2272 possi-

1047 2279 1133 2318 dent,
1161 2288 1299 2321 quorum
1316 2277 1549 2309 nonnullorum
1569 2276 1651 2310 tituli
1670 2288 1803 2324 propter

1046 2327 1142 2367 bella,
1166 2325 1316 2359 incendia
1330 2337 1365 2358 ac
1383 2325 1539 2369 temporis
1554 2325 1800 2363 diuturnitatem

1046 2386 1110 2408 non
1132 2376 1207 2408 satis
1228 2376 1429 2415 elucescunt,
1453 2380 1481 2407 et
1496 2376 1672 2408 verendum
1689 2383 1736 2410 est
1751 2390 1801 2419 ne,

1046 2425 1122 2457 1111111
1144 2425 1274 2457 illorum
1296 2424 1478 2468 scripturae
1496 2423 1714 2467 divulgantur,
1728 2438 1800 2469 gra-

1046 2485 1098 2507 ves
1119 2474 1190 2507 lites
1211 2479 1242 2506 et
1262 2474 1502 2507 controversiae
1520 2474 1729 2515 suscitentur,
1745 2475 1801 2508 ita-

1046 2528 1080 2556 ut
1100 2523 1184 2556 bona
1204 2523 1420 2557 ecclesiastiea
1441 2523 1519 2556 liant
1537 2522 1686 2563 laicalia,
1706 2525 1799 2557 item-

1082 2606 1090 2631 1
1111 2604 1186 2632 Bull.
1205 2604 1270 2632 Can.
1289 2604 1355 2640 ch.
1375 2605 1449 2639 legit.
1472 2604 1638 2632 Pozzonaus
1653 2606 1691 2639 (n.
1713 2605 1761 2637 T.).

1849 859 1872 879 Ei
1882 865 1976 885 congruo
1985 860 2006 878 ln

1822 891 1870 911 loco
1886 891 1973 916 deponi.

1868 1186 2006 1207 litu-cutmes

1821 1222 1932 1245 oppositae
1985 1220 2005 1238 iu

1822 1252 1950 1269 executione
1977 1253 2006 1268 111Α

1822 1281 1847 1301 tis
1862 1281 1951 1301 mandati
1968 1287 2001 1307 pei

1822 1316 1954 1339 picturator
1971 1319 2005 1338 ge-

1822 1344 1907 1364 nerales
1941 1345 2005 1364 oidi-

1821 1379 2006 1395 nunimouasiuc-

1821 1413 1874 1427 runh
