2226 3070
865 297 1043 322 Gnssoomns
1062 298 1115 322 x1v
1135 298 1184 321 PP.
1680 286 1744 319 443
1791 295 1839 321 An.
1860 295 1887 321 C.
1907 295 1970 321 1591

262 346 440 380 stinctiores
461 352 489 379 et
511 345 779 383 abundantiores,
800 351 833 378 ut
863 345 998 379 confidi-
1034 345 1209 379 Resorinati
1239 345 1500 379 Conventualium
1532 345 1703 384 dicuntur,
1733 345 1775 377 ita
1803 357 1973 378 ineman-on-

262 411 342 439 mus,
367 400 397 432 in
419 400 486 433 dies
506 400 648 443 proferre
670 410 733 432 non
754 405 864 432 cessat.
1035 399 1217 432 consimiles
1249 399 1368 432 eisdem
1401 398 1554 431 fratribus
1589 398 1774 441 Capuccinis
1790 384 1974 431 iisfflieniiii'iiiiff?

306 456 321 496 ξ
344 454 372 487 l.
398 454 490 492 Sane,
514 465 585 487 cum
607 454 646 486 ad
665 465 757 486 aures
778 459 900 486 nostras
928 464 999 497 per-

1036 453 1183 485 iucedere
1212 458 1436 496 praesumunt,
1460 457 1493 484 ut
1524 451 1640 495 passim
1670 462 1687 483 a
1720 462 1774 495 po·
1790 437 1974 488 J-t'iil‘lffssi‘lssfb&¹0¹1

64 517 246 568 hahusstffiuui
261 508 384 541 venerit
401 508 478 541 alias
496 507 595 540 felicis
616 507 847 540 recordationis
867 507 999 539 Paulum

65 301 111 327 An.
129 299 157 326 C.
186 299 249 326 ¹591

1791 497 1836 510 ncm
1849 493 1941 512 mnu-iat,
1955 493 1975 510 et

1035 507 1109 549 pulo
1131 517 1189 549 pro
1218 506 1405 550 Capuccinis
1436 505 1632 543 habeantur,
1656 516 1692 537 ac
1714 505 1775 537 illis
1792 517 1974 538 itturunitiabuum

1792 544 1894 567 designat.

87 1319 172 1340 PiusIX'v
188 1319 244 1339 simi-

60 1347 99 1366 tem
108 1346 202 1366 habitum
209 1352 243 1371 pa·

60 1373 111 1393 riter
130 1373 243 1398 prohibuit,

61 1399 94 1419 dic
127 1406 139 1420 ιι
172 1399 243 1426 aprilis

60 1432 121 1446 unm.

78 1906 242 1931 Gregoriuzxttt

59 1933 146 1953 similem
183 1933 242 1953 liabi-

59 1961 100 1979 tum
133 1959 241 1979 Fratribus

59 1986 124 2006 Tertii
158 1986 241 2006 Ordinis

59 2013 166 2038 prohibuit

59 2045 104 2059 xxix
147 2039 240 2060 octobris

59 2072 151 2086 siucxxxi.

63 571 246 617 iiss‘iiiiss'vffiiii'
261 562 378 605 Papam
398 562 448 601 III,
473 562 753 605 praedecessorem
775 566 930 596 nostrum,
955 560 1001 592 in-

263 621 309 648 ter
328 615 390 648 alia
408 626 466 659 per
485 626 557 648 suas
579 615 610 647 in
632 615 733 647 forma
749 614 852 646 brevis
867 614 997 651 litteras,

261 669 422 712 quibusvis
446 668 611 712 personis,
633 668 863 710 cuiuscumque
892 668 1001 699 eondi-

260 721 354 754 tionis
372 721 556 758 existerent,
580 721 638 753 sub
661 720 1001 753 excommunicationis

260 775 340 807 latae
355 774 529 807 sententiae
542 785 646 818 poena
660 784 697 806 eo
712 773 780 817 ipso
795 774 997 812 incurrenda,

260 839 299 861 ne
320 828 463 861 habitum
485 839 542 872 per
561 828 674 860 fratres
695 827 821 861 Ordinis
842 828 999 860 Minorum

259 882 363 916 Sancti
385 881 543 915 Francisci
563 881 817 925 Capuccinorum
837 892 1001 925 nuncupa-

261 941 364 969 torum
385 936 500 978 gestari
515 935 655 973 solitum,
675 935 734 967 nisi
750 935 780 967 in
799 935 909 967 eadem
925 946 1000 968 con-

259 989 444 1031 gregatione
473 995 596 1027 essent,
632 994 662 1021 et
700 988 757 1021 sub
786 988 930 1021 moderni
971 994 1000 1021 et

258 1053 317 1086 pro
338 1048 480 1086 [empore
502 1042 661 1075 existentis
678 1042 836 1084 generalis
856 1041 998 1074 eiusdem

258 1095 385 1129 Ordinis
405 1095 598 1135 obedientia,
615 1101 643 1128 et
663 1106 739 1128 cura
759 1100 995 1138 permanerem,

259 1155 382 1192 gestare
411 1150 641 1193 quoquomodo
670 1154 926 1193 praesuu‘ierent,
950 1149 999 1181 di-

259 1203 397 1236 strictius
418 1203 604 1236 inhibuisse.

304 1258 320 1298 g
350 1256 379 1289 2.
412 1257 449 1289 Et
483 1257 553 1300 piae
593 1257 768 1290 memoriae
807 1257 896 1290 Pium
936 1258 996 1290 Pa-

259 1321 333 1354 pam
354 1311 391 1343 IV
413 1310 507 1343 etiam
529 1312 808 1354 praedecessorem
836 1317 995 1351 nostrum,

260 1364 380 1397 litteras
401 1364 543 1397 eiusdem
557 1365 646 1398 Pauli
659 1365 913 1409 praedecessoris
925 1376 1000 1398 con-

260 1418 429 1455 firmando,
447 1418 577 1462 insuper
597 1429 661 1451 non
682 1419 785 1451 solum
801 1430 840 1452 ne
854 1419 998 1452 habitum

258 1472 468 1516 praedictum,
492 1472 577 1505 iuxta
596 1473 772 1505 litterarum
794 1473 892 1516 ipsius
910 1473 998 1505 Pauli

259 1526 513 1570 praedecessoris
524 1526 709 1559 huiusmodi
722 1532 876 1565 tenorem,
888 1537 998 1558 verum

259 1580 353 1613 etiam
375 1590 433 1612 nec
458 1580 499 1612 ita
515 1579 732 1616 consimilem,
761 1581 847 1623 quod
868 1586 1000 1624 propter

239 1644 331 1666 .eum
362 1638 491 1677 possent
523 1633 609 1666 credi
628 1634 739 1666 fratres
770 1634 995 1676 congregatio-

258 1687 307 1719 nis
327 1686 725 1730 Capuccinorum,gestare
749 1688 911 1724 deberent,
940 1688 997 1720 suh

259 1741 369 1773 eadem
388 1740 726 1773 excommunicationis
744 1751 858 1784 poena,
876 1752 913 1773 eo
930 1741 997 1784 ipso

260 1795 462 1833 incurrenda,
486 1794 698 1838 prohibuisse.

303 1847 369 1890 §3
404 1848 441 1881 Et
469 1848 615 1880 similiter
638 1848 738 1881 felicis
766 1848 997 1881 recordationis

257 1901 445 1943 Gregorium
466 1901 583 1945 Papam
598 1902 674 1939 XIII,
690 1901 786 1934 etiam
808 1902 996 1945 praedeees-

257 1965 363 1988 sorem
387 1960 533 1988 nostrum
560 1955 679 1988 litteras
710 1956 996 1998 praedecessorum

257 2008 440 2042 huiusmodi
462 2014 490 2041 et
512 2009 543 2041 in
577 2009 621 2042 eis
651 2014 798 2042 contenta
825 2020 998 2052 quaecum-

257 2073 318 2106 que
335 2073 393 2106 pro
407 2063 562 2106 expressis
577 2063 727 2095 habendo
748 2068 778 2095 et
799 2062 993 2101 innovando,

223 2139 225 2141 .
256 2122 344 2150 motu
365 2116 496 2160 proprio
517 2121 545 2149 et
571 2127 607 2149 ex
637 2122 722 2149 certa
747 2116 814 2149 cius
841 2117 993 2154 scicntia,

256 2171 385 2204 eosdem
403 2172 531 2211 fratres,
555 2171 609 2214 qui
640 2171 784 2204 Tertiarii
814 2183 850 2204 ex
880 2172 996 2205 Ordine

255 2224 517 2258 Conventualium
539 2224 704 2263 dicuntur,
729 2235 792 2257 non
813 2226 917 2258 solunt
947 2236 998 2258 ca-

255 2278 383 2322 pucium
413 2278 603 2315 rotundum,
638 2278 693 2310 sed
724 2277 818 2310 etiam
850 2278 996 2310 habitum

255 2333 370 2365 coloris
390 2332 538 2365 berettini
553 2343 608 2364 seu
622 2332 837 2371 subcinericii,
851 2332 889 2365 ad
901 2332 998 2365 instar

257 2388 388 2419 fratrum
423 2387 610 2419 eorumdem
636 2386 915 2425 conventualium,
944 2388 998 2420 de-

256 2441 336 2473 ferre
356 2440 526 2477 deberent,
550 2439 593 2472 ita
609 2445 643 2472 ut
673 2450 689 2472 a
710 2440 858 2472 fratribus
879 2440 997 2484 Capuc-

256 2493 334 2526 cinis
362 2493 453 2525 facile
478 2493 760 2531 discernerentur,
784 2493 842 2526 sub
875 2493 996 2526 eisdem

256 2547 343 2580 Pauli
365 2547 401 2579 Ill
424 2552 450 2579 ct
473 2546 518 2579 Pii
540 2546 577 2579 IV
598 2546 719 2590 poenis,
741 2552 812 2590 post
832 2558 884 2580 sex
906 2558 995 2580 meu-

255 2611 303 2634 ses
333 2600 401 2644 ipso
432 2601 513 2633 sacto
546 2600 762 2639 incurrendis,
791 2601 937 2634 statuisse
964 2606 995 2634 et

258 2654 434 2688 ordinasse.
870 2655 876 2661 '

301 2709 317 2750 g
337 2708 367 2741 4.
391 2708 525 2749 Verum,
549 2707 624 2752 quia
653 2707 751 2742 iidem
780 2708 914 2750 fratres,
938 2708 990 2753 qui

1037 565 1199 603 tamquam
1216 559 1401 603 Capuccinis
1413 559 1632 603 eleemosynae
1647 564 1674 591 et
1688 559 1776 591 obla-

1037 613 1137 645 tiones
1158 614 1376 653 conferantur,
1396 624 1460 645 non
1481 613 1548 645 sinc
1567 612 1653 655 grai-i
1675 612 1776 656 plebis

1035 666 1210 699 offensione
1231 672 1258 699 et
1288 667 1456 705 scandalo,
1481 667 1557 699 dum
1588 671 1777 710 reputantur

1034 719 1202 762 Capuceini
1224 731 1305 759 esse;
1330 720 1461 757 ideirco,
1477 720 1667 753 rationabile
1685 719 1777 753 exsti-

1038 779 1160 805 mantcs
1182 779 1214 806 ut
1236 774 1290 817 qui
1309 785 1344 806 ex
1366 773 1510 806 instituto
1533 774 1661 815 regulae
1682 780 1777 817 atque

1036 827 1066 858 in
1088 827 1169 859 ritae
1191 827 1347 869 regularis
1368 827 1570 860 observantia
1599 827 1776 861 uniformes

1035 890 1098 912 non
1119 886 1211 919 sunt,
1236 880 1332 913 etiam
1355 880 1482 913 habitus
1505 881 1708 914 distinctione
1730 881 1776 914 di-

1034 940 1249 975 gnoscantur,
1273 939 1373 977 utque
1404 935 1687 977 praedecessorum
1719 935 1777 968 hu-

1035 988 1173 1020 iusmodi
1195 988 1375 1021 litterarum
1396 994 1598 1031 contemptus
1615 994 1642 1021 et
1665 995 1777 1022 contu-

1035 1042 1153 1081 macia,
1188 1042 1356 1075 severioris
1391 1042 1578 1085 disciplinae
1608 1053 1776 1075 censuram

1035 1095 1206 1133 inveniant,
1230 1095 1270 1127 ad
1291 1095 1452 1128 evitandas
1484 1095 1578 1128 etiam
1610 1096 1774 1129 confusio-

1034 1159 1089 1181 nes
1118 1155 1146 1181 et
1181 1149 1402 1182 contentiones
1438 1160 1519 1192 quae
1556 1149 1669 1182 exinde
1699 1150 1777 1182 oriri

1034 1208 1173 1246 possent,
1209 1202 1268 1235 hac
1304 1209 1414 1235 nostra
1450 1208 1606 1247 perpetuo
1643 1203 1778 1237 valitura

1034 1256 1277 1295 constitutione,
1319 1257 1459 1299 singulas
1492 1257 1776 1300 praedecessorum

1034 1310 1219 1343 huiusmodi
1259 1311 1381 1343 litteras
1415 1316 1446 1343 et
1480 1311 1511 1343 in
1548 1311 1592 1343 eis
1628 1316 1778 1344 contenta

1034 1374 1256 1407 quaecumque
1283 1375 1343 1407 pro
1374 1364 1530 1408 expressis
1562 1365 1715 1397 habentes
1747 1371 1778 1398 etv

1016 1412 1018 1416 ⁸
1034 1418 1149 1450 harum
1170 1417 1252 1450 serie
1273 1418 1488 1461 approbantes
1505 1424 1535 1451 et
1547 1418 1777 1452 confirmantes

1034 1476 1128 1514 atque
1149 1471 1245 1503 etiam
1266 1471 1469 1511 innovantes;
1494 1477 1583 1505 motu
1611 1472 1706 1505 etiam
1736 1473 1777 1505 si-

1034 1524 1101 1556 mili
1123 1530 1153 1557 et
1173 1535 1209 1557 ex
1231 1531 1317 1558 certa
1337 1525 1469 1558 scientia
1483 1531 1591 1558 nostra
1609 1526 1777 1559 statuimus

1034 1583 1062 1611 et
1084 1578 1271 1611 ordinamus
1292 1579 1378 1622 quod
1399 1590 1435 1611 ex
1455 1590 1540 1612 nunc
1567 1580 1605 1612 de
1635 1585 1773 1620 caetero,

1033 1632 1194 1675 perpetuis
1215 1632 1330 1665 suturis
1353 1632 1566 1676 temporibus,
1591 1633 1775 1666 huiusmodi

1034 1686 1144 1718 fratres
1165 1686 1339 1719 Reformati
1360 1697 1424 1719 non
1445 1687 1548 1720 solum
1564 1687 1595 1719 in
1609 1688 1704 1726 Urbe,
1721 1688 1776 1721 sed

1033 1739 1128 1772 etiam
1160 1740 1279 1783 ubique
1317 1741 1463 1773 locorum
1500 1752 1557 1785 per
1591 1741 1776 1774 universum

1032 1794 1144 1826 orbem
1177 1794 1356 1833 existentes,
1380 1799 1414 1827 ut
1443 1805 1515 1827 vere
1547 1801 1574 1827 et
1610 1795 1739 1829 realiter
1759 1807 1777 1828 a

1031 1847 1217 1891 Capuecinis
1238 1848 1477 1891 distinguantur
1488 1853 1517 1881 et
1532 1848 1773 1891 dignoscantur,

1032 1907 1159 1945 praeter
1190 1901 1358 1945 capucium
1389 1902 1516 1946 penitus
1546 1903 1720 1935 rotundum
1746 1909 1777 1936 et

1032 1956 1173 1988 colorem
1194 1956 1390 1989 herettinum
1408 1957 1455 1989 vel
1469 1956 1728 1997 subcinericium,
1741 1963 1774 1990 ut

1031 2009 1243 2053 praemissum
1262 2015 1317 2047 est,
1335 2010 1431 2043 etiam
1446 2011 1633 2043 mantellum
1649 2011 1775 2054 longius

1032 2064 1070 2095 ad
1097 2063 1357 2096 conventualium
1379 2064 1613 2106 longitudinem
1635 2065 1771 2105 deferre,

1032 2122 1062 2149 et
1083 2122 1269 2149 mozzettam
1295 2118 1391 2154 latam
1413 2123 1443 2150 et
1464 2118 1591 2160 longam
1622 2128 1685 2150 non
1716 2118 1774 2151 sub

1034 2171 1183 2203 mantello
1205 2172 1260 2203 sed
1280 2182 1376 2215 supra
1396 2177 1520 2213 gestare
1542 2177 1719 2204 teneantur.

1077 2223 1143 2265 §5
1177 2225 1310 2267 Insuper
1337 2224 1489 2257 strictiori
1520 2225 1773 2268 Capuccinorum

1032 2277 1270 2321 praedictorum
1301 2278 1382 2311 ritae
1412 2279 1633 2317 consulentes,
1667 2290 1705 2312 ne
1734 2280 1773 2312 ab

1013 2327 1150 2364 'eisdem
1172 2332 1362 2364 Resormatis
1383 2332 1440 2375 ipsi
1462 2332 1631 2375 Capuccini
1648 2333 1772 2366 admitti

1032 2386 1078 2417 rel
1099 2385 1197 2428 recipi
1220 2385 1352 2429 possint,
1377 2386 1435 2418 sub
1457 2386 1568 2419 eadem
1589 2397 1773 2419 excommu-

1031 2438 1200 2471 nicationis
1231 2439 1406 2479 sententia,
1432 2439 1500 2483 ipso
1530 2440 1610 2472 sacto
1640 2445 1703 2472 tam
1733 2440 1772 2472 ab

1031 2493 1104 2536 ipsis
1125 2493 1310 2536 Capuccinis
1330 2493 1464 2537 receptis
1485 2505 1580 2537 quam
1602 2494 1769 2527 Reforma-

1030 2547 1068 2579 tis
1084 2547 1311 2590 recipientibus
1324 2547 1529 2585 incurrenda,
1548 2547 1770 2580 interdicimus

1029 2607 1055 2634 ct
1089 2600 1308 2643 prohibemus.
1343 2601 1377 2634 Et
1417 2601 1626 2634 nihilominus
1662 2606 1766 2633 actum

1029 2654 1220 2698 receptionis
1240 2660 1270 2687 et
1288 2655 1438 2689 transitus
1454 2661 1616 2699 tamquam
1630 2654 1769 2687 indebite

1027 2709 1145 2742 sactum
1165 2719 1201 2742 ex
1217 2719 1303 2742 nunc
1323 2714 1419 2753 prout
1439 2720 1476 2743 ex
1497 2714 1571 2742 tunc..
1591 2708 1717 2741 irritum
1739 2713 1771 2741 et

1824 2231 1973 2257 Receptionem

1797 2258 1962 2283 Capucctnorum

1790 2286 1869 2305 eisdem
1901 2285 1973 2305 Refor-

1789 2314 1850 2332 umus
1862 2312 1973 2332 interdicit.
