2226 3070
59 304 107 331 An.
124 303 152 330 C.
173 302 237 329 1591

83 1426 140 1446 FACll
160 1431 232 1446 nrm-1.

83 2170 201 2191 Moderatio
213 2171 241 2191 in·

59 2197 161 2218 dultorum
190 2198 242 2218 San-

59 2226 105 2244 ctae
133 2224 241 2245 Romanae

59 2250 166 2271 Ecclesiae
197 2257 242 2271 car-

59 2277 158 2298 dinalium
178 2283 243 2303 super

59 2304 169 2325 collatione
178 2304 242 2325 bene-

59 2329 158 2351 fictorum.

855 306 993 330 GREGORI
1000 307 1036 331 US
1056 307 1110 331 XIV
1131 307 1180 331 ΡΡ.

256 350 559 391 consuetudinibus;
587 352 711 395 legibus
737 364 866 397 quoque
898 355 1001 398 ponti-

257 404 348 445 ficiis,
372 405 594 449 imperialibus
615 412 643 439 et
657 407 917 451 municipalibus,
936 409 1001 452 pri-

256 458 389 498 vilegiis,
411 459 544 492 indultis
565 465 595 492 et
621 460 733 493 litteris
759 461 942 504 apostolicis
970 462 1001 494 in

256 512 455 544 eontrarium
486 513 793 557 quomodocumque
828 515 998 553 concessis,

256 565 456 598 confirmatis
477 571 505 598 et
527 566 696 604 innovatis,
712 560 910 610 caeterisque
924 578 1001 600 ron-

257 617 361 650 trariis
382 618 650 662 quibuscumque.

299 671 413 704 Datum
434 672 554 705 Romae
575 673 659 716 apud
681 673 831 706 Sanctum
845 675 997 713 Marcum,

224 718 231 723 ¹
256 725 315 757 sub
336 726 455 758 annulo
475 726 655 764 Piscatori&
680 727 730 760 die
745 727 849 770 prima
861 728 1001 760 octobris

257 787 365 819 ulixei,
389 779 595 822 pontificatus
615 780 714 813 nostri
733 791 818 813 anno
840 792 860 814 1.

291 841 352 868 Dat.
365 841 408 868 die
427 842 434 868 l
454 842 572 870 octobris
595 843 671 876 1591,
689 847 764 879 pont.
781 852 824 871 an.
840 851 858 871 1.

580 1004 679 1037 XLVI.

256 1101 435 1134 Moderatio
462 1101 667 1134 imtultorvzmz
690 1102 722 1135 S.
741 1103 777 1135 R.
795 1103 831 1135 E.
850 1102 1003 1135 conlimi-

286 1153 369 1186 lium
389 1165 486 1198 super
505 1154 677 1188 collatione
703 1155 927 1198 beneficiorum
951 1156 970 1188 ¹.

463 1243 618 1278 Gregorius
635 1243 713 1277 Papa
728 1244 799 1276 XIV,

398 1297 434 1324 ad
452 1297 586 1324 futuram
601 1296 645 1324 rei
663 1297 845 1324 memoriam.

299 1367 526 1402 Sanctissimus
539 1368 570 1400 in
582 1368 705 1401 Christo
717 1374 807 1411 pater
821 1374 848 1401 et
861 1369 895 1401 D.
913 1368 948 1400 N.
964 1368 998 1400 D.

256 1421 429 1464 Gregorius
447 1421 554 1455 divina
574 1422 775 1465 providentia
804 1422 889 1465 Papa
922 1422 999 1461 Xlll,

257 1486 292 1508 ex
314 1476 507 1519 quibusdam
528 1481 640 1509 eontra
661 1475 903 1519 dispositionem
926 1475 1003 1508 iuris

257 1529 440 1562 communis
472 1529 502 1562 S.
532 1529 568 1562 R.
591 1529 625 1562 E.
659 1529 876 1561 cardinalibus
907 1539 1003 1572 super

256 1583 427 1616 collatione
444 1583 678 1616 beneficiorum
700 1583 998 1621 ecclesiasticorum,

256 1637 340 1681 apud
358 1637 473 1670 Sedem
494 1637 710 1680 Apostolicam
728 1636 908 1669 vacantium
928 1647 1003 1669 con-

255 1691 351 1724 cessis
377 1691 507 1723 indultis
537 1697 565 1724 et
598 1691 813 1728 facultatibus,
847 1701 1002 1734 saepenu-

257 1756 345 1778 mero
363 1745 545 1788 impeditus,
561 1756 625 1788 quo
646 1744 752 1777 minus
769 1744 895 1777 solitam
914 1744 1003 1777 Sedis

257 1798 350 1831 liuius
369 1798 600 1840 benignitatem
623 1808 697 1840 erga
718 1808 876 1841 pauperes
897 1803 924 1830 ct
946 1798 1002 1830 be-

255 1852 429 1885 nemeritos
454 1852 629 1885 liberaliter
653 1862 800 1884 exercere
821 1858 941 1895 posset,
966 1862 1001 1884 ac

254 1905 349 1938 simul
370 1905 480 1938 volens
500 1905 609 1937 litibus
635 1905 779 1943 obviare,
804 1916 886 1948 quae
906 1916 1003 1948 super

256 1958 383 1991 illorum
416 1958 680 2001 interpretatione
712 1958 871 1995 oriuntur,
904 1958 1002 1991 felicis

255 2011 489 2044 recordationis
506 2011 552 2044 Pii
573 2012 676 2054 Papae
696 2011 731 2048 V,
755 2011 802 2044 sui
815 2012 1003 2055 praedeces-

256 2066 347 2104 soris,
372 2065 510 2108 vestigiis
531 2065 563 2097 in
584 2065 643 2098 hac
667 2071 757 2109 parte
778 2065 997 2098 inhaerendo:

302 2122 318 2162 ξ
345 2120 374 2152 l.
405 2119 519 2153 Omnia
550 2125 581 2153 et
612 2130 835 2163 quaecumque
865 2120 998 2157 indulta,

257 2173 491 2213 concessiones,
516 2174 681 2206 facultates
699 2179 726 2206 et
742 2173 907 2217 privilegia
924 2185 1002 2207 con-

258 2227 381 2260 serendi
402 2237 625 2270 quaecumque
646 2227 729 2270 apud
740 2227 854 2260 Sedem
869 2228 1003 2270 Aposto-

258 2279 352 2313 licam
373 2280 518 2313 vacantia
540 2285 592 2313 aut
614 2280 645 2312 in
671 2285 834 2323 posterum
853 2286 1002 2313 vacatura

258 2333 416 2367 beneficia
437 2333 661 2371 ecclesiastica,
687 2344 759 2366 cum
780 2344 857 2366 cura
875 2339 902 2366 et
935 2334 1002 2366 sine

258 2398 345 2427 cura,
366 2387 542 2420 saecularia
572 2392 602 2419 et
631 2386 817 2430 quorumvis
845 2386 1000 2420 Ordinum

257 2440 428 2483 regularia,
462 2440 769 2483 quomodocumque
805 2440 998 2483 qualificata,

258 2493 298 2526 ad
319 2493 536 2532 collationem,
560 2493 789 2536 provisionem,
819 2499 1002 2536 praesenta-

259 2547 389 2587 tionem,
406 2547 595 2580 electionem
610 2552 641 2579 et
653 2557 892 2591 quamcumque
906 2547 1000 2580 aliam

258 2600 501 2644 dispositionem
521 2606 586 2633 tam
601 2600 759 2634 dictorum
777 2601 998 2641 cardinalium,

298 2674 306 2698 1
332 2672 418 2700 Aliam
441 2672 654 2701 moderationem
678 2672 760 2700 edidit
785 2672 848 2699 Pius
868 2672 929 2699 Vin
945 2672 1003 2699 eius

259 2719 403 2747 Constitut.
416 2725 458 2746 Lvt
471 2728 476 2746 :
489 2718 704 2753 Sanctissimae,
720 2722 785 2746 tom.
801 2724 847 2753 vlt,
864 2726 923 2753 pag.
939 2717 1001 2745 571.

1037 355 1161 388 ratione
1172 355 1446 399 patriarchalium,
1460 355 1780 399 metropolitanarum

1037 415 1066 442 et
1087 409 1221 442 aliarum
1234 409 1467 442 cathedralium
1480 409 1699 447 ecclesiarum,
1717 421 1779 444 non

1038 468 1142 495 tamen
1165 473 1287 503 earum,
1312 462 1428 506 quibus
1450 463 1479 495 in
1505 463 1631 495 titulum
1650 469 1702 496 aut
1726 465 1780 496 ‹lc-

1036 516 1291 549 nominationem
1309 516 1357 549 sui
1379 516 1594 549 cardinalatus
1615 523 1778 559 praesunt,

1036 569 1120 602 circa
1140 581 1221 613 quae
1243 570 1363 613 aliquid
1385 571 1422 603 de
1437 581 1519 603 novo
1532 570 1703 614 disponere
1718 581 1780 603 non

1037 623 1182 661 intendi&
1204 634 1329 656 necnon
1352 624 1633 661 monasteriorum,
1656 624 1781 667 priora-

1036 681 1144 713 tuum,
1180 676 1370 718 dignitatum
1402 683 1430 709 et
1463 677 1599 710 aliorum
1627 688 1781 720 quorum-

1036 740 1174 773 cumque
1203 730 1434 763 beneficiorum
1474 731 1777 768 ccclesiastieorum‚

1036 794 1118 826 quae
1139 784 1382 826 quomodolibet
1404 784 1546 817 obtinent
1570 790 1597 817 ct
1621 784 1650 816 in
1677 790 1781 827 poste-

1036 846 1108 868 rum
1130 836 1331 875 obtinebunt,
1356 848 1392 869 ac
1413 837 1507 869 etiam
1530 847 1668 880 quorum
1682 838 1780 869 colla-

1038 889 1091 929 tio,
1116 890 1255 933 provisio
1276 895 1305 922 et
1327 890 1456 933 quaevis
1468 890 1529 922 alia
1541 890 1707 934 dispositio
1722 890 1781 922 illis

1037 953 1073 975 ex
1095 953 1190 975 causa
1211 944 1312 975 sactae
1332 953 1390 986 per
1416 954 1470 976 eos
1502 943 1664 983 cessionis,
1699 944 1782 985 rogi-

1038 996 1132 1028 minis
1150 1002 1178 1028 et
1197 996 1486 1029 administrationis
1498 1008 1551 1029 scu
1571 997 1781 1029 vommondao

1037 1054 1091 1081 aut
1102 1048 1325 1091 resignationis
1339 1049 1559 1089 ecclesiarum,
1571 1050 1782 1082 monasterio-

1036 1112 1108 1134 rum
1130 1107 1158 1134 et
1180 1101 1319 1134 aliorum
1333 1102 1519 1135 huiusmodi
1533 1103 1777 1139 liemffsiciorum,

1036 1155 1211 1198 apostolica
1232 1155 1419 1188 auctoritate
1439 1161 1610 1193 reservata,
1634 1160 1689 1189 etc.
1719 1156 1782 1189 exi-

1036 1208 1089 1240 stit
1104 1208 1153 1241 vel
1174 1208 1204 1240 in
1227 1214 1391 1251 posterum
1420 1209 1649 1246 reservabitur:
1684 1221 1780 1253 quam

1037 1262 1130 1294 etiam
1144 1262 1281 1295 aliorum
1295 1273 1577 1307 quorumcumque
1592 1264 1779 1297 inseriormn

1037 1316 1229 1348 collatorum
1255 1322 1307 1348 aut
1338 1317 1550 1356 collatrieum,
1584 1317 1780 1350 coniunctim

1037 1369 1084 1401 vel
1106 1369 1242 1410 divisim,
1267 1370 1306 1402 de
1326 1369 1406 1409 iure,
1427 1370 1611 1413 privilegio,
1646 1381 1781 1403 consuc-

1038 1422 1147 1455 tudine
1168 1429 1222 1455 aut
1243 1423 1321 1456 alias
1343 1424 1587 1466 quomodolibet
1614 1424 1779 1467 pertinen-

1038 1476 1090 1517 tia,
1115 1488 1151 1509 ae
1171 1477 1267 1510 etiam
1288 1477 1342 1510 illa
1360 1479 1622 1515 commendandi,
1648 1490 1683 1511 ac
1705 1479 1782 1511 alias

1038 1530 1076 1562 de
1097 1530 1141 1562 οἷς
1162 1530 1364 1573 disponendi,
1388 1531 1436 1563 vel
1458 1532 1496 1563 de
1515 1541 1671 1564 consensu
1700 1531 1782 1574 ipso-

1037 1594 1108 1615 rum
1141 1584 1354 1624 cardinalium
1385 1584 1582 1627 requirendo
1616 1585 1646 1617 in
1677 1585 1782 1628 provi-

1037 1636 1126 1669 sione
1147 1637 1335 1669 eorumdem
1358 1637 1583 1670 benificiorum
1617 1639 1701 1681 apud
1726 1638 1781 1670 Sc-

1037 1691 1109 1723 (lem
1122 1691 1330 1734 praedictam,
1341 1696 1373 1723 ut
1386 1692 1575 1734 praefertur,
1586 1692 1779 1730 vacantium,

1037 1755 1094 1788 per
1117 1744 1323 1777 Sanctitatem
1349 1755 1439 1777 suam
1462 1745 1621 1782 facicn(la;
1646 1751 1676 1778 ct
1695 1746 1782 1788 quod

1037 1798 1104 1830 sine
1123 1808 1281 1831 consensu
1299 1798 1485 1831 huiusmodi
1507 1799 1607 1831 sactae
1628 1799 1783 1842 provisio-

1037 1862 1092 1883 nes
1113 1857 1165 1884 aut
1184 1851 1314 1895 quaevis
1335 1852 1416 1884 aliae
1437 1852 1661 1895 dispositiones
1675 1854 1782 1886 nullae

1037 1910 1065 1937 et
1087 1905 1194 1937 irritae
1214 1905 1287 1942 sint,
1308 1905 1458 1938 omnibus
1479 1911 1506 1937 et
1529 1906 1662 1948 singulis
1677 1907 1781 1939 cardi-

1036 1959 1163 1991 nalibus
1187 1959 1359 2002 praedictis
1390 1970 1448 2002 per
1475 1970 1696 2003 (pioscumque
1721 1961 1782 1994 Ro-

1037 2023 1150 2045 manos
1169 2012 1340 2045 Pontifices
1360 2023 1395 2045 ac
1416 2013 1620 2045 Sanctitatem
1643 2024 1732 2046 suam
1752 2020 1780 2047 et

1037 2066 1155 2098 dictam
1176 2066 1302 2103 Sedem,
1327 2065 1423 2098 etiam
1445 2072 1534 2099 motu
1556 2066 1687 2110 proprio
1702 2072 1781 2100 etex

1037 2124 1123 2152 certa
1148 2119 1301 2157 scientia,
1336 2119 1439 2163 deque
1470 2119 1665 2163 apostolieae
1691 2126 1780 2164 pote-

1037 2173 1125 2205 statiS
1144 2172 1356 2216 plenitudine.
1381 2178 1408 2205 et
1441 2173 1719 2211 consistorialiter,
1743 2185 1779 2207 ac

1037 2226 1131 2259 etiam
1154 2237 1189 2259 ex
1210 2225 1310 2269 pactis
1331 2226 1413 2258 inter
1437 2226 1538 2259 dictos
1558 2227 1729 2260 Pontifices
1749 2233 1777 2260 et

1037 2280 1215 2313 cardinales
1236 2279 1368 2313 diversis
1390 2280 1589 2324 temporibus
1610 2281 1711 2321 sactis,
1726 2281 1780 2313 fir-

1038 2334 1130 2366 matis
1151 2339 1178 2366 et
1201 2333 1323 2373 iuratis,
1345 2344 1381 2366 ac
1402 2333 1565 2377 quibusvis
1585 2334 1730 2368 onerosis
1750 2341 1778 2368 et

1037 2387 1106 2420 aliis
1127 2386 1230 2419 causis
1248 2387 1417 2427 concessis,
1451 2387 1547 2420 ctiam
1575 2388 1694 2421 iteratis
1727 2395 1777 2421 aut

1037 2440 1255 2484 multiplicatis
1272 2440 1394 2473 vicibus
1414 2441 1603 2484 approbata,
1631 2441 1780 2475 innovata

1037 2505 1072 2527 ae
1093 2500 1233 2531 extensa,
1257 2494 1515 2537 quibuscumque
1540 2500 1696 2538 concepta
1717 2495 1780 2527 sor-

1037 2548 1142 2585 mulis,
1164 2558 1199 2580 ac
1220 2548 1314 2580 etiam
1336 2548 1531 2585 restitutivis.
1560 2549 1675 2581 mentis
1700 2554 1779 2581 atte—

1037 2603 1166 2643 stativis,
1198 2602 1461 2646 praesermfivis,
1502 2603 1778 2645 derogatoriarum

1037 2655 1249 2698 derogatoriis
1269 2655 1402 2699 aliisque
1420 2655 1648 2689 efficacissimis
1669 2661 1700 2688 et
1729 2656 1777 2688 in-

1037 2708 1137 2742 solitis
1161 2708 1322 2750 clausulis,
1347 2719 1474 2742 necnon
1503 2708 1566 2741 vim
1596 2714 1779 2743 contractus

1684 297 1748 331 503
1794 308 1842 335 An.
1867 308 1976 336 c.1591
