2226 3070
268 266 321 295 An.
337 265 366 294 C.
384 263 453 293 1588

296 1279 402 1299 {nstitutio
413 1285 452 1300 nr-

268 1311 391 1330 cunctorum,

513 253 557 286 ⁶24

468 316 588 349 nedum
610 315 642 348 in
663 315 802 359 Europa,
823 315 878 348 sed
904 315 998 347 etiam
1022 314 1052 345 in
1074 313 1222 356 pluribus

468 369 540 402 aliis
553 368 709 402 universis
725 368 823 408 orbis,
847 367 941 401 etiam
962 362 1136 405 barbarici,
1150 377 1223 410 par-

470 422 566 462 tibus,
589 422 643 466 qui
664 423 725 455 hac
751 421 954 466 potissimum
982 420 1106 453 ratione
1131 430 1221 453 com-

469 486 567 508 mune
587 476 710 508 boumn
735 474 939 507 subditorum
962 484 1096 506 suorum
1127 479 1222 516 atque

468 529 549 561 adeo
570 528 732 562 societatis
756 528 917 560 humanae
944 526 1110 558 vinculum
1139 526 1223 559 inter

469 591 502 613 se
523 581 739 620 retinuerunt,
762 578 1067 612 accurateinstituta
1088 579 1220 619 suerint;

469 633 739 677 operaepretium
760 643 835 666 vero
865 637 895 665 et
915 631 1098 665 condecens
1123 632 1161 665 sit
1188 637 1223 665 ut

469 687 557 730 quod
578 686 728 719 omnibus
757 685 788 718 iu
814 685 998 729 exemplum
1032 685 1222 718 salubrioris

469 739 633 781 regiminis
658 744 688 772 et
714 738 1001 772 administrationis
1028 749 1137 771 rerum
1159 742 1225 782 pu-'

468 793 626 826 bliearum
661 792 777 826 cedere
813 792 1025 836 dignoscitur,
1052 792 1083 825 id
1114 793 1220 836 ipsum

468 851 580 879 nostro
593 846 696 879 Statui
709 846 948 886 Ecclesiastico,
968 846 1019 878 cui
1041 845 1219 889 superiori-

468 899 528 931 bus
552 898 616 931 illis
645 899 782 932 saeculis
809 899 850 932 ob
881 899 1014 932 bellicos
1050 899 1220 938 tumultus,

467 952 586 997 quibus
606 954 660 986 illc
675 963 711 985 ac
727 953 875 986 universa
897 953 961 986 scre
981 953 1070 985 Italia
1092 958 1167 985 tunc
1188 964 1220 986 e-

467 1006 575 1046 xarsit,
592 1012 714 1039 tantum
728 1006 877 1050 publicae
891 1006 1011 1050 quictis
1023 1006 1220 1039 beneficium

468 1063 611 1107 impendi
632 1073 694 1095 non
715 1061 831 1105 potuit,
854 1061 1080 1093 nunctaudem
1094 1067 1222 1094 nostrae

468 1117 659 1161 provisionis
679 1116 856 1149 ministerio
877 1116 1050 1149 salubriter
1075 1116 1220 1149 introdu-

467 1176 570 1203 eatur.

512 1225 526 1266 ,Q
552 1224 582 1257 ⁶2.
611 1224 735 1257 ldcirco
756 1234 824 1263 nos,
846 1234 936 1256 more
953 1223 996 1267 pii
1013 1223 1111 1267 patris
1128 1229 1158 1257 et.
1168 1235 1221 1268 pa-

466 1277 574 1315 storis,
608 1276 795 1309 huiusmodi
832 1275 972 1318 quietem
996 1281 1026 1309 ct
1048 1275 1219 1309 utilitatem

467 1330 680 1363 universalem
694 1329 828 1362 subditis
843 1329 960 1362 nostris
981 1329 1095 1362 afferre
1113 1330 1221 1362 volen—

467 1390 523 1423 tes,
545 1384 582 1416 ad
601 1383 759 1416 dictarum
787 1382 1020 1425 scripturarum
1051 1394 1220 1417 conserva—

468 1437 602 1475 tionem,
626 1436 720 1469 tidem
743 1441 773 1469 et
786 1437 1006 1473 securitatem,
1030 1437 1069 1469 ad
1091 1437 1219 1469 illarum

467 1490 682 1534 ‹lepert‘litioni
705 1496 732 1522 et
755 1490 946 1523 falsitatibus
961 1490 1221 1530 obviamlum,li-

468 1551 512 1576 tes
533 1554 676 1587 quoquc,
695 1543 872 1576 discordias
888 1549 1060 1586 ceteraque
1074 1543 1221 1587 pericula

467 1597 575 1630 omnia
601 1597 793 1637 tollendum,
818 1602 906 1629 motu
928 1596 1072 1640 proprio,
1097 1607 1161 1630 non
1181 1597 1221 1629 ad
1242 1620 1243 1623 =

467 1650 605 1683 alicuius
624 1661 724 1693 super
744 1650 805 1683 hoc
825 1650 919 1682 nohis
939 1649 1064 1683 oblatae
1090 1650 1220 1694 petitio-

466 1704 516 1736 nis
532 1703 729 1741 instantiam,
753 1703 806 1736 sed
829 1714 864 1735 ex
883 1709 967 1735 certa
990 1709 1098 1735 nostra
1119 1704 1221 1736 scicn-

467 1757 509 1789 tia
531 1768 684 1800 meraque
705 1756 951 1795 deliberatione,
977 1767 1012 1788 ac
1035 1756 1073 1788 de
1095 1763 1221 1800 aposto-

467 1811 548 1843 heae
562 1810 727 1854 potcstatis
748 1810 961 1854 plenitudine,
985 1810 1014 1841 iu
1041 1815 1106 1842 toto
1131 1810 1221 1843 Statu

468 1864 691 1897 E‹·ctesiastico
724 1863 817 1896 nobis
851 1869 878 1896 et
911 1863 984 1896 Sedi
1018 1864 1221 1906 Apostolicac

469 1917 605 1949 mediate
626 1923 654 1950 et
678 1917 863 1949 immediate
884 1916 1042 1954 subiecto,
1061 1917 1120 1950 hac
1138 1918 1222 1950 alma

470 1970 553 2003 Urbe
580 1976 688 2002 nostra
716 1970 911 2012 civitati-que
933 1976 958 2001 ct
983 1970 1138 2003 comitatu
1161 1971 1222 2003 Bo-

470 2023 614 2056 noniensi
635 2023 799 2055 dumtaxat
814 2022 1095 2066 exceptis‚scilicet
1113 2023 1223 2065 inqui-

469 2076 574 2108 busvis
593 2076 693 2119 ipsius
707 2076 1008 2119 Statusprovimiis,
1025 2076 1221 2117 civitatibus,

469 2130 606 2173 oppidis,
625 2131 750 2169 castris,
768 2129 851 2161 villis
871 2140 906 2161 ac
924 2129 1004 2163 locis
1020 2129 1103 2169 aliis,
1127 2130 1221 2162 ctiam

469 2181 634 2226 quibusvis
644 2182 914 2225 metropolitanis,
927 2182 1167 2216 cathedralibus
1176 2183 1222 2215 vel

470 2235 541 2267 aliis
561 2235 718 2275 ecclesiis,
741 2235 834 2267 etiam
858 2235 1073 2275 monasteriis,
1090 2235 1224 2268 abbatiis
1244 2267 1245 2276 ,

471 2295 499 2321 et
526 2288 608 2328 aliis,
639 2288 735 2321 etiam
762 2289 966 2331 regularibus
991 2300 1028 2321 ac
1058 2289 1118 2332 piis
1144 2289 1245 2322 loeis*

471 2341 634 2382 subiectis,
658 2341 800 2373 archivia
826 2341 957 2384 publica
986 2348 1014 2374 et
1041 2342 1221 2385 generalia,

472 2394 503 2426 in
529 2395 647 2437 quibus
668 2394 896 2434 instrumenta,
924 2405 1052 2428 necnon
1080 2397 1225 2439 apochae

472 2444 625 2483 cedulae,
660 2443 875 2486 chirographa
908 2444 1054 2487 aliaeque
1086 2445 1224 2488 scriptu-

1241 1092 1244 1132 l

473 2503 536 2533 rae,
563 2498 626 2525 tam
656 2493 805 2535 publicae
836 2503 932 2535 quam
965 2493 1119 2536 privatae,
1147 2505 1247 2537 quas¹

471 2542 717 2587 quomodolibet
743 2542 913 2574 occasione
941 2553 1225 2586 quorumcumque

472 2596 712 2629 contractuum,
727 2601 763 2624 ex
775 2591 892 2634 quilms
904 2591 988 2623 actio
1005 2602 1060 2624 seu
1082 2593 1226 2636 receptio

472 2640 568 2672 etiam
589 2640 629 2672 ad
650 2645 776 2683 tempus
796 2640 940 2677 resultet,
962 2639 1030 2673 sieri
1044 2641 1226 2684 contigerit,

1067 261 1247 286 BULLARIUM
1267 259 1419 284 ROMANUM

1266 311 1361 345 etiam
1383 323 1400 344 a
1422 311 1554 345 notariis
1575 318 1603 345 et
1626 312 1827 346 cancellariis
1847 323 1903 346 seu
1925 317 2016 345 nota-

1266 365 1321 398 riis
1342 365 1518 398 curialibus
1543 365 1740 409 nuncupatis
1761 376 1798 398 ac
1825 366 2019 399 officialibus

1265 418 1539 462 quibuscumque,
1557 417 1651 451 etiam
1669 428 1686 451 a
1700 418 1832 451 Camera
1844 425 1952 452 nostra
1963 431 2019 453 seu

1265 482 1282 504 a
1303 471 1395 504 nobis
1411 472 1458 504 vel
1480 470 1783 515 praedecessoribus
1805 471 1924 504 nostris
1941 483 2018 505 cau-

1265 535 1344 564 sam,
1368 525 1464 558 etiam
1495 535 1569 558 cum
1596 523 1687 557 titulo
1718 534 1869 564 oneroso,
1896 525 2019 558 haben-

1265 577 1367 617 tibus,
1401 583 1432 611 et
1460 577 1627 622 quibusvis
1658 577 1728 610 aliis
1767 577 2020 621 particularibus

1264 632 1422 675 personis,
1444 631 1679 675 cuiuscumque
1705 630 1880 674 dignitatis,
1907 630 2017 672 officii,

1242 692 1243 697 ¹
1264 689 1377 724 status,
1391 685 1522 727 gradus,
1542 684 1666 717 ordinis
1687 690 1717 717 et
1735 683 1932 717 conditionis
1947 683 2020 723 ‚sue-

1265 737 1339 777 rint,
1361 737 1485 770 etiamsi
1502 737 1701 771 clericalivel
1716 737 1779 770 alio
1795 748 2017 781 quocumque,

1264 791 1359 824 etiam
1381 802 1455 823 cum
1478 791 1570 824 titulo
1588 801 1738 832 onerosO,
1761 791 1886 824 indulto
1903 796 1933 825 et
1952 791 2019 835 pri-

1265 844 1380 887 vilegio
1391 844 1568 888 potiantur,
1583 844 1646 876 iam
1661 844 1807 877 confecta
1825 850 1855 877 et
1867 844 2020 887 deinceps

1264 897 1377 940 quovis
1392 897 1525 930 nomine
1546 902 1575 930 et
1594 896 1686 930 titulo
1699 908 1758 941 pro
1780 903 1927 941 tempore
1946 907 2021 930 con—

1264 951 1415 990 ticicnda,
1439 950 1582 993 roganda
1603 957 1633 983 ct
1654 951 1849 994 stipulanda,
1863 955 1927 984 tam
1945 961 2019 983 ven-

1264 1004 1413 1044 ditiones,
1434 1004 1665 1048 exemptiones,
1679 1009 1800 1045 mutua,
1817 1003 1935 1045 debita,
1948 1014 2017 1037 cre-

1263 1057 1329 1090 dita
1351 1064 1381 1090 ct
1400 1058 1527 1101 quasvis
1547 1058 1626 1090 alias
1646 1057 1870 1100 obligationes,
1885 1056 2019 1090 societa-

1264 1117 1321 1151 tes,
1353 1112 1490 1152 socidas,
1520 1122 1645 1151 census,
1666 1111 1854 1151 locationes,
1880 1111 2015 1151 livellos,

1264 1165 1466 1205 concordias,
1494 1165 1757 1208 compositiones,
1771 1164 2017 1204 transactiones,

1264 1229 1489 1263 quascumque
1513 1218 1653 1251 cuiusvis
1682 1217 1810 1261 generis
1829 1218 2016 1258 sententias,

1264 1272 1511 1316 compromissa,
1535 1272 1643 1312 lauda,
1663 1271 1865 1311 donationes,
1888 1281 2018 1315 permu-

1263 1326 1410 1366 tationes,
1428 1326 1601 1366 cessiones,
1618 1325 1825 1368 quietantiaS,
1842 1324 2018 1368 delegatio-

1263 1379 1529 1419 ncs‚solutiones,
1545 1379 1691 1412 dationes
1705 1379 1801 1411 etiam
1818 1378 2016 1417 insolutum,

1262 1444 1300 1466 ac
1319 1433 1402 1466 inter
1421 1432 1507 1465 vivos
1527 1438 1558 1466 et
1578 1443 1675 1466 causa
1694 1432 1806 1465 mortis
1817 1432 2018 1471 donationes,

1264 1487 1454 1526 inventaria,
1477 1486 1708 1526 revocationes,
1720 1485 2017 1529 hypothecationes,

1263 1530 1516 1583 pignorationes,
1539 1540 1635 1572 etiam
1656 1538 1841 1580 iudiciales,
1867 1538 2018 1571 mandata

1263 1604 1501 1637 quaecumque,
1529 1592 1773 1631 ratiticationes,
1801 1602 1910 1635 paces,
1940 1592 2017 1624 sub-

1263 1647 1457 1686 stitutiones,
1483 1646 1666 1687 divisiones,
1690 1645 1908 1679 consessiones
1927 1645 2018 1678 debi-

1265 1706 1385 1741 torum,
1408 1707 1470 1733 tam
1489 1701 1520 1733 in
1536 1701 1658 1733 iudicio
1675 1711 1773 1743 quam
1790 1704 1890 1740 extra,
1909 1709 2019 1732 eman-

1264 1755 1455 1798 cipationes,
1483 1754 1716 1797 :ti-rogationes,
1740 1753 1944 1796 adoptiones,
1966 1762 2017 1784 re-

1264 1808 1505 1848 nunciationes,
1528 1808 1773 1847 insinuationes,
1784 1811 1975 1840 testamenta
1987 1805 2018 1838 in

1264 1861 1393 1905 scriptis
1413 1866 1444 1894 et
1473 1861 1704 1905 nuncupativa,
1725 1859 1905 1900 codicillos,
1928 1859 2019 1892 addi-

1265 1914 1369 1947 tiones
1389 1921 1417 1947 et
1439 1914 1681 1958 repudiationes
1705 1913 1954 1953 haereditatum,
1981 1912 2018 1944 si·

1265 1969 1503 2009 deicommissa,
1531 1968 1789 2008 substitutiones,
1824 1967 2019 2010 prohibitio-

1266 2032 1338 2061 nes,
1371 2022 1591 2065 possessiones
1616 2021 1777 2054 bonorum
1808 2020 2020 2059 continentia,

1265 2086 1362 2118 quam
1389 2085 1613 2118 quoscumque
1634 2074 1714 2107 alios
1739 2079 1938 2114 contractus,
1961 2084 2018 2106 no—

1267 2128 1405 2161 minatos.
1430 2134 1460 2161 et
1483 2128 1712 2168 innominatos,
1741 2127 1825 2160 inter
1850 2137 2019 2170 quascum-

1266 2193 1329 2224 que
1350 2181 1584 2214 ecclesiasticas
1605 2187 1632 2213 ct
1665 2180 1806 2221 cuiusvis
1825 2180 1954 2213 Ordinis
1973 2191 2016 2213 re-

1266 2235 1394 2277 gulares
1414 2240 1441 2267 et
1465 2235 1647 2267 saeculares
1667 2244 1833 2277 personas,
1846 2234 1958 2277 quavis
1968 2244 2021 2267 ec.-

1267 2288 1442 2321 clesiastica
1465 2294 1518 2320 aut
1536 2288 1693 2321 saeculari
1719 2299 1775 2321 seu
1786 2287 1957 2331 temporali
1973 2288 2019 2320 vel

1268 2342 1431 2374 mundana
1450 2342 1617 2383 (lignitate,
1640 2341 1735 2374 etiam
1751 2341 1857 2373 ducali
1875 2341 2020 2385 praeemi-

1267 2395 1389 2434 nentia,
1421 2395 1605 2442 fungentes,
1631 2405 1758 2427 necnon
1783 2394 2018 2432 universitates

1267 2444 1433 2484 ecclesias,
1462 2444 1615 2487 capitula,
1644 2444 1793 2487 collegia,
1828 2449 2018 2482 conventus,

1269 2493 1475 2532 monasteria,
1502 2493 1675 2536 hospitalia
1697 2499 1727 2525 et
1749 2503 1973 2536 quaecumque
1989 2504 2021 2525 a-

1268 2542 1309 2573 lia
1332 2542 1382 2585 pia
1404 2547 1431 2573 et
1454 2552 1517 2573 non
1536 2541 1586 2584 pia
1601 2542 1682 2581 loca,
1697 2552 1875 2584 eorumque
1892 2542 2020 2574 univer-

1268 2592 1349 2623 sales
1369 2597 1396 2623 et
1420 2590 1630 2634 particulares
1653 2601 1814 2632 personas,
1830 2601 1955 2623 necnon
1968 2601 2020 2623 ec-

1268 2640 1440 2672 clesiarum
1467 2646 1494 2671 et
1527 2641 1797 2673 monasteriorum
1819 2639 2019 2679 huiusmodi,

2029 259 2082 287 An.
2100 259 2129 288 C.
2149 260 2217 288 1588
