2226 3070
88 267 140 294 An.
157 265 187 293 C.
200 266 268 294 1589

282 318 462 359 lusoribus,
490 316 806 361 blasphematoribus
830 322 861 350 et
883 317 1035 350 iumentis

282 383 339 406 seu
364 371 538 416 pecoribus
569 376 728 415 purgent,
765 376 972 415 praeservent
1005 376 1035 404 et

283 432 414 460 arceant
431 438 438 466 ;
488 425 638 459 similiter
676 425 708 458 in
751 425 890 469 publicis
933 424 1034 468 placi-

283 481 334 521 tis,
347 479 523 523 vulgariter
538 479 714 521 Gelcafflen,
728 484 824 522 prout
835 479 897 511 hoc
908 479 1034 511 fieriso-

283 534 338 574 let,
359 534 440 566 festo
456 533 489 565 B.
510 531 625 564 Mariae
639 531 1034 574 Magdalenae,privilegio

283 588 510 631 episcoporum
522 585 653 618 Corradi
664 585 963 624 etBertholdi‚‹lata‚
975 595 1034 628 pro

282 640 475 685 supradictis
494 639 585 672 curia
605 644 635 671 et
655 648 729 671 area
746 637 924 681 publicent,
944 639 983 670 asl
1005 650 1035 671 e-

283 694 446 727 vitandum
468 692 689 726 execrationes
713 697 744 724 et
764 702 885 735 poenas
905 691 937 724 in
972 691 1035 725 illis

283 752 459 781 contentas.

325 801 416 840 Item,
438 799 463 832 si
485 799 657 843 episcopus
677 798 853 832 castrensia
873 809 928 832 seu
950 800 1035 832 hona

283 853 437 887 ecclesiae
451 852 646 886 pataviensis
659 863 718 896 pro
736 852 872 886 utilitate
889 852 1033 886 eiusdem

281 907 464 941 necessario
484 907 634 940 habuerit
653 907 794 940 alienare
807 918 862 940 seu
875 907 1034 951 oppigno-

281 972 366 1002 rare,
388 971 516 995 necnon
536 961 634 994 alicui
654 961 740 994 bona
758 966 814 993 aut
840 960 981 993 officium
1000 972 1033 993 a-

280 1014 393 1058 liquod
418 1015 458 1048 ad
483 1015 552 1048 dies
578 1015 660 1047 vitae
686 1015 877 1054 concedere,
904 1020 980 1048 tunc
1001 1014 1034 1047 in

281 1069 424 1113 capitulo
445 1069 555 1102 saltem
578 1069 659 1102 duae
685 1079 723 1101 ex
754 1069 858 1101 tribus
889 1069 1035 1113 partibus

280 1128 467 1166 praesentes
490 1122 638 1163 existant,
661 1133 841 1166 eorumque
861 1122 1032 1155 consilium

280 1183 311 1210 et
336 1187 486 1210 assensus
501 1177 644 1216 accedat,
671 1176 803 1209 obtenta
824 1176 919 1209 etiam
946 1177 1035 1210 Sedis

280 1230 480 1274 Apostolicae
501 1230 642 1270 licentia,
658 1235 688 1263 et
705 1230 911 1263 observatain
929 1231 1034 1264 omni-

280 1282 340 1315 bus
365 1283 595 1316 constitutione
615 1282 760 1316 Paulina.

323 1336 412 1377 Item,
427 1337 613 1382 episcopus,
627 1342 773 1381 tempore
783 1337 894 1381 pestis,
907 1348 1035 1371 necnon

106 1401 264 1452 Praestantaius
279 1389 351 1423 aliis
371 1390 522 1423 omnibus
543 1390 676 1435 capituli
698 1391 954 1431 necessitatibus,
976 1391 1035 1424 dif-

87 1436 184 1459 tempore
207 1439 265 1453 taa-

86 1464 195 1489 mita-tum

109 865 171 886 Boni·
179 871 221 886 non
229 870 269 891 op-

83 896 220 922 pignorandis
229 901 267 916 οο-

82 928 129 947 dem
139 926 267 953 inconsulto,

280 1509 359 1531 num
387 1498 564 1532 efficaciter
590 1498 736 1543 porrigat
756 1499 963 1540 defensivam,
989 1500 1034 1532 ei-

281 1552 355 1585 dem
380 1558 522 1585 castrum
553 1562 655 1585 unum
683 1553 732 1585 vel
764 1552 870 1596 plura,
892 1564 952 1596 pro
973 1553 1034 1585 hu-

281 1606 421 1639 iusmodi
459 1606 632 1639 securitate
667 1616 795 1639 necnon
833 1607 1033 1647 defensione,

281 1665 357 1693 tunc
377 1660 417 1693 ad
438 1660 647 1693 commodum
665 1661 713 1693 vel
734 1661 917 1702 commoda,
940 1672 1034 1705 aper—

282 1720 312 1747 ta
326 1719 434 1748 teneat
453 1721 483 1748 et
502 1714 603 1748 teneri
625 1714 803 1759 praecipiat
828 1721 921 1758 atque
947 1727 1037 1749 man-

282 1768 346 1801 det.

326 1821 416 1862 Item,
439 1822 526 1866 quod
556 1823 595 1856 de
625 1829 734 1856 cetero
760 1823 978 1857 anniversaria
1003 1824 1035 1856 in

283 1882 372 1909 muta
397 1887 453 1909 seu
478 1877 598 1910 telonio
618 1883 674 1910 aut
703 1888 832 1911 camera
859 1878 1035 1922 episcopali

284 1929 442 1971 instituta,
464 1931 551 1964 iuxta
572 1932 706 1965 modum
724 1932 939 1966 ordinationis
959 1944 1036 1966 suae

284 1984 466 2027 antiquum,
498 1991 717 2029 peragantur,
750 1986 975 2030 pecuniaeque
996 1987 1035 2020 ad

281 2037 345 2071 hoc
361 2038 533 2082 deputatae
549 2040 670 2083 absque
688 2039 903 2073 diminutione
917 2046 946 2074 et
960 2051 1037 2074 con—

282 2091 475 2125 tradictio‘ne
495 2092 619 2136 integre
639 2093 877 2136 persolvantur.

326 2145 416 2185 Item,
437 2146 714 2190 quandocumque
726 2147 907 2191 capitulum
919 2158 955 2181 ac
970 2149 1036 2181 sin-

284 2198 412 2241 gulares
432 2210 588 2243 personae
614 2200 759 2233 eiusdem
785 2201 958 2234 habuerint
988 2203 1036 2235 vel

285 2250 318 2283 in
347 2253 539 2287 cancellaria
559 2254 703 2298 episcopi
726 2254 775 2287 vel
795 2265 854 2298 per
875 2255 944 2288 eius
965 2256 1036 2289 offi-

285 2305 381 2339 ciales
396 2307 517 2341 litteras
528 2308 689 2352 expedire,
709 2308 790 2341 tales
809 2308 887 2352 ipsis
909 2320 1037 2354 semper

284 2360 385 2403 gratis
399 2367 430 2394 et
450 2362 572 2405 absque
598 2362 759 2395 solutione
779 2362 920 2396 alicuius
937 2369 1036 2405 taxae,

284 2413 362 2447 alias
381 2415 460 2448 solvi
480 2422 664 2456 consuetae,
683 2416 906 2460 expediantur.

328 2464 419 2505 Item,
437 2465 610 2510 episcopus
627 2465 767 2510 amplius
782 2466 910 2498 nullum
932 2466 965 2498 in
986 2477 1038 2500 ca—

283 2512 457 2546 stellanum
478 2515 613 2558 recipiat
630 2515 677 2547 vel
695 2515 723 2548 ei
736 2515 926 2548 fortalitium
945 2521 1039 2549 etca-

284 2561 411 2595 stellum
432 2563 623 2605 committat,
646 2564 706 2597 nisi
732 2564 816 2598 idem
844 2566 1037 2598 castellanus

283 2611 400 2646 litteris
410 2614 595 2657 patentibus
615 2625 672 2647 suo
692 2615 808 2658 sigillo,
829 2621 881 2648 aut
904 2615 967 2647 alio
984 2626 1038 2648 au-

283 2660 426 2696 thentico
447 2663 590 2707 signatis,
605 2674 637 2697 se
657 2664 788 2708 obliget,
801 2670 896 2707 atque
916 2664 949 2698 in
971 2675 1036 2698 ma-

110 1902 270 1922 Auntvemriis

84 1933 218 1960 perag-udin

112 2202 182 2223 Gratis
200 2203 269 2224 eidem

85 2235 270 2261 expeditionum-

84 2267 123 2287 ἄιε
139 2268 159 2286 in
182 2266 268 2287 caucel-

86 2296 137 2317 lnrin
150 2297 253 2324 episcopi.

111 2520 232 2542 lui-amento
247 2522 268 2542 fi-

85 2554 177 2574 delitatis
202 2560 213 2573 a
230 2560 267 2572 ra-

83 2585 175 2605 stellanu
204 2590 267 2611 prae-

84 2617 165 2637 stando.

948 263 1052 287 SIXTUS
1071 263 1090 286 V
1107 262 1155 286 PP.

280 1443 500 1485 fidationihus,
514 1444 734 1477 invasionibus
746 1450 841 1487 atque
852 1445 956 1485 bellis,
972 1456 1035 1478 ma·
1055 1473 1056 1476 ,

1718 252 1783 285 135

1076 327 1138 349 nus
1158 315 1302 360 episcopi
1322 320 1376 347 aut
1397 314 1448 347 cui
1461 314 1670 355 commiserit,
1685 315 1717 347 in
1733 326 1826 358 prae-

1077 369 1178 402 sentia
1189 369 1327 402 duorum
1341 368 1573 401 canonicorum
1587 368 1826 412 capitularium,

1077 424 1182 456 delato
1204 423 1387 456 iuramento
1408 422 1581 462 fidelitatis,
1600 433 1632 455 se
1651 415 1826 463 adstringat

1077 476 1163 520 quod
1184 477 1287 509 fidelis
1309 476 1365 510 erit
1389 482 1419 509 et
1445 476 1599 509 obediens
1626 475 1685 519 ipsi
1707 475 1828 520 episco-

1077 540 1138 573 p0;
1157 541 1194 563 eo
1215 537 1323 563 autem
1349 530 1411 563 vita
1433 529 1556 571 functo,
1579 530 1703 563 decano
1723 535 1753 563 et
1774 541 1826 562 ca-

1078 583 1191 626 pitulo.
1220 584 1254 617 Et
1277 584 1318 624 ei,
1347 585 1401 628 qui
1430 596 1488 629 per
1515 584 1621 628 ipsum
1648 584 1826 628 capitulum

1078 636 1278 670 unicorditer
1301 639 1349 670 vel
1378 649 1394 670 a
1424 638 1539 671 maiori
1564 644 1654 682 parte
1675 638 1829 671 canonice

1078 690 1172 723 fuerit
1203 691 1338 730 electus,
1366 698 1401 724 ut
1430 691 1529 724 moris
1557 697 1616 732 est,
1648 691 1703 735 qui
1733 692 1827 725 etiam

1077 743 1199 777 decano
1222 748 1258 777 ‘et
1285 745 1425 788 capitulo
1452 745 1625 789 specialem
1659 745 1828 789 obligatio-

1077 808 1149 830 nem
1171 797 1286 830 littcris
1308 799 1504 841 patentibus,
1526 805 1555 832 et
1572 805 1608 832 ut
1618 800 1828 833 constitutum

1077 856 1134 891 est,
1158 850 1302 893 sigillatis
1322 851 1353 883 in
1376 852 1479 884 forma
1504 858 1535 885 et
1558 853 1737 887 alemanica
1766 854 1828 886 lin-

1076 910 1198 947 gua‚ut
1218 904 1417 948 descriptum
1433 911 1493 938 est:
1511 918 1523 937 <t
1538 905 1591 939 Ich
1612 907 1647 939 N.
1661 918 1699 940 zu
1718 907 1755 940 N.
1774 908 1829 940 he-

1076 959 1181 992 kenne
1210 959 1256 992 als
1282 959 1339 992 der
1363 959 1577 1003 hochwiirdig
1590 961 1671 994 siirst
1687 962 1723 994 N.
1745 962 1828 995 mein

1076 1012 1233 1056 gn'a'diger
1250 1013 1332 1045 llerr
1349 1013 1434 1045 mich
1452 1024 1489 1045 zu
1501 1013 1608 1046 seinet·
1623 1014 1753 1048 Gnaden
1763 1016 1829 1048 und

1077 1066 1245 1099 desselben
1275 1066 1364 1099 Stists
1395 1066 1524 1099 Schloss
1548 1068 1614 1100 und
1646 1069 1829 1101 Herrschaft

1076 1120 1113 1153 N.
1126 1131 1163 1153 zu
1176 1121 1349 1153 verwalten
1362 1120 1515 1155 befohlen
1528 1121 1594 1162 hat,
1610 1124 1740 1165 vermog
1755 1123 1833 1156 mei-

1076 1185 1133 1207 nes
1161 1185 1223 1207 von
1248 1174 1356 1207 seiner
1384 1174 1575 1208 fiirstliclien
1603 1175 1735 1209 Gnaden
1763 1177 1833 1209 des-

1077 1227 1192 1261 halben
1205 1228 1390 1271 gegebenen
1407 1228 1587 1268 Restandts,
1605 1229 1767 1272 hergegen
1780 1231 1830 1263 ich

1077 1282 1163 1315 daun
1183 1281 1290 1315 seiner
1300 1282 1491 1315 siirstlichen
1507 1283 1639 1316 Gnaden
1653 1283 1834 1327 pssichtung

1076 1336 1196 1378 gethan
1217 1335 1249 1368 in
1271 1335 1395 1369 meines
1412 1336 1576 1377 Revoises,
1600 1348 1633 1369 so
1654 1337 1706 1370 iclt
1727 1338 1834 1371 seiner

1077 1390 1269 1424 fiirstlichen
1295 1390 1427 1423 Gnaden
1447 1391 1603 1434 gegeben.
1634 1391 1668 1424 In
1693 1392 1834 1425 welcher

1077 1443 1201 1477 meiner
1226 1444 1338 1477 Pssicht
1366 1444 1499 1488 bedingt
1527 1444 1583 1477 das
1615 1445 1698 1477 nach
1728 1445 1835 1478 seiner

1078 1497 1272 1531 ssirstlichen
1298 1498 1430 1532 Gnaden
1448 1498 1539 1539 Todt,
1563 1498 1625 1531 den
1647 1498 1720 1531 Gott
1739 1499 1833 1542 lange

1077 1551 1243 1584 veriethen
1264 1552 1371 1593 wolle,
1395 1552 1501 1585 einem
1522 1552 1643 1595 Capitel
1659 1564 1697 1585 zu
1715 1553 1833 1586 Passau

1077 1605 1157 1638 oder
1181 1605 1243 1639 den
1269 1606 1409 1639 sodurch
1434 1605 1576 1639 daselbst
1595 1606 1832 1649 ainertziglich,

1078 1659 1157 1692 oder
1176 1670 1238 1692 von
1259 1660 1321 1692 den
1346 1660 1482 1692 mehren
1503 1659 1593 1693 Theil
1617 1671 1655 1693 zu
1676 1660 1834 1693 Bischoffe

1079 1712 1243 1754 erwz'ihlet,
1256 1713 1386 1747 ermelts
1398 1713 1528 1747 Schloss
1544 1713 1596 1747 ein
1617 1714 1738 1747 ost'enes
1749 1714 1835 1747 Haus

1077 1767 1362 1811 gegenwi'trtiglich
1388 1768 1447 1800 soll
1475 1768 1554 1801 sein.
1577 1768 1682 1801 Wann
1706 1769 1769 1802 und
1790 1769 1835 1801 als

1078 1821 1137 1853 oss't
1168 1820 1235 1853 siclt
1265 1821 1349 1854 auch
1379 1821 1502 1864 begebe
1521 1822 1577 1854 das
1597 1828 1660 1865 two
1686 1822 1761 1855 kein
1787 1822 1836 1855 Bi-

1079 1874 1174 1907 schof
1188 1876 1287 1918 wilre)
1313 1875 1364 1908 ein
1385 1875 1573 1919 ehrwiirdig
1592 1876 1696 1909 Thum
1713 1876 1834 1920 Capitel

1079 1929 1111 1961 in
1150 1929 1205 1962 das
1246 1929 1430 1963 obberierte
1465 1930 1591 1964 meiner
1629 1931 1837 1973 Verwaltung

1078 1984 1209 2017 Scltloss
1228 1984 1305 2017 Leid
1326 1985 1461 2028 zulegen
1482 1985 1686 2028 nothdt'irstig
1700 1986 1834 2018 wurden

1079 2038 1136 2071 das
1164 2038 1217 2072 ich
1238 2039 1353 2072 darum
1383 2039 1457 2071 kein
1485 2039 1602 2083 Irrung
1630 2039 1724 2073 thun.
1747 2039 1834 2072 Doch

1079 2093 1135 2126 das
1160 2092 1292 2126 Solches
1312 2093 1396 2126 ohne
1420 2092 1507 2125 mein
1527 2094 1645 2126 Kosten
1666 2094 1734 2126 und
1757 2093 1834 2127 Ent-

1078 2147 1211 2190 geltung
1230 2147 1413 2189 geschehen
1434 2147 1506 2187 soll,
1521 2148 1605 2180 auch
1633 2152 1763 2181 sonsten
1782 2158 1835 2191 ge-

1079 2206 1151 2234 treu
1172 2201 1239 2234 und
1259 2201 1414 2244 geu-{irtig
1428 2212 1464 2233 zu
1487 2201 1557 2234 sein
1577 2202 1747 2235 derselben
1769 2202 1834 2234 und

1079 2255 1134 2288 des
1150 2254 1248 2288 Still'ts
1263 2254 1416 2288 frumben
1427 2255 1460 2288 in
1478 2256 1563 2288 allen
1575 2255 1701 2289 Saclien
1719 2267 1758 2288 zu
1779 2256 1834 2288 fir-

1079 2310 1191 2349 deren,
1214 2309 1361 2343 Schaden
1382 2321 1420 2342 zu
1444 2320 1590 2350 warnen,
1613 2310 1681 2343 und
1709 2321 1836 2344 zuwen-

1079 2363 1155 2403 den,
1177 2363 1260 2396 auch
1283 2363 1369 2396 mich
1389 2363 1421 2396 in
1442 2364 1557 2406 allweg
1576 2364 1685 2397 halten
1701 2364 1761 2397 wie
1783 2364 1835 2396 ein

1079 2422 1230 2459 getreuer
1244 2416 1364 2449 Diener
1374 2417 1480 2450 seiner
1495 2417 1694 2450 Herrschafft
1704 2429 1742 2450 zu
1754 2418 1835 2450 thun

1080 2466 1229 2509 schuldig
1248 2467 1315 2499 und
1334 2466 1482 2510 pssichtig
1502 2467 1554 2507 ist,
1572 2466 1751 2511 getreulich
1769 2467 1835 2499 und

1080 2515 1317 2558 ungefi‘ihrlich.
1341 2516 1401 2549 Das
1413 2516 1465 2549 ioli
1480 2517 1679 2560 obgenanter
1693 2517 1729 2549 N.
1747 2516 1835 2549 dem-

1080 2567 1162 2598 nach
1186 2566 1242 2598 bin
1277 2566 1407 2600 meinen
1430 2566 1563 2600 wahren
1591 2572 1704 2600 treuen
1725 2577 1764 2599 an
1785 2566 1835 2598 Ei-

1080 2615 1224 2657 desstatt,
1254 2616 1333 2649 alles
1361 2616 1417 2649 das
1451 2616 1590 2649 ltieoben
1618 2616 1761 2649 benannt
1781 2615 1831 2647 ist.

1079 2665 1185 2699 Wann
1201 2665 1269 2699 siclt
1289 2666 1348 2699 der
1368 2665 1390 2699 F
1393 2665 1434 2699 all
1454 2665 1696 2709 hochgedachts
1711 2665 1833 2699 meines

1842 261 1894 288 An.
1912 260 1940 288 C.
1958 260 2026 287 4589
