2226 3070
47 327 100 358 An.
117 328 145 357 C.
163 327 233 357 1590

69 2595 184 2618 ctnumtin
194 2599 255 2622 prae-

71 2628 190 2648 non-uns
212 2632 255 2652 ap-

71 2660 137 2686 pontt.

907 326 1010 350 SIXTUS
1030 325 1048 348 V
1068 325 1115 349 PP.

246 381 435 424 derogatum
457 380 582 414 censeri
608 390 701 425 posse
730 390 834 423 neque
863 379 994 419 debere,

248 434 307 468 nisi
335 435 366 467 in
388 435 450 468 illis
470 435 509 468 de
528 440 595 468 toto
621 440 731 467 tenore
752 445 789 467 ac
809 433 883 466 data
902 443 995 477 prae-

248 489 399 529 sentium,
418 499 544 522 necnon
555 487 681 532 patroni
696 497 755 532 pro
772 492 916 530 tempore
935 486 998 518 exi-

248 542 360 576 stentis
383 542 532 583 nomine,
565 541 758 585 cognomine
784 552 821 573 ae
845 539 997 583 qualitate

249 596 411 642 specialis,
432 595 583 640 specifica
595 600 626 628 et
642 594 807 627 individua
820 593 940 627 mentio
956 592 998 624 sa-

250 655 301 682 cta
325 649 435 690 suerit,
463 659 500 681 ac
524 647 666 681 eiusdem
689 647 815 690 patroni
843 657 901 690 pro
922 651 1000 678 tem-

252 713 328 746 pore
349 701 512 735 existentis
532 701 572 734 ad
593 701 655 734 boc
675 711 844 744 expressus
856 710 999 732 accesse-

251 757 290 789 rit
317 765 476 795 assensus3
498 760 528 788 et
547 754 641 787 aliter
652 754 749 787 factas
761 753 998 796 derogationes,

251 820 377 843 necnon
411 818 631 852 quascumque
662 807 863 847 collationes,
898 806 1002 851 provi-

251 863 369 904 siones,
380 862 896 907 commendas,praesentationes,
912 860 1001 893 insti-

252 917 394 950 tutiones
404 916 454 949 vel
469 917 548 950 alias
560 916 787 960 dispositiones
808 915 845 947 de
866 925 1003 959 praepo-

252 972 372 1011 situra,
392 971 549 1012 sacristia,
583 971 770 1015 capellaniis
802 977 832 1004 et
856 970 927 1003 aliis
951 969 1003 1002 be-

254 1025 379 1059 neficiis
400 1025 587 1070 praedictis,
610 1030 643 1057 ut
665 1024 858 1069 praefertur,
887 1029 915 1057 et
941 1023 1004 1056 alio

253 1079 366 1123 quovis
383 1079 492 1120 modo,
511 1079 607 1111 etiam
625 1079 711 1123 apud
729 1078 844 1112 Sedem
857 1077 1003 1110 eamdem

254 1144 312 1177 pro
332 1139 478 1177 tempore
495 1132 694 1172 vacantibus,
711 1130 877 1175 quibusvis
897 1141 1006 1174 perso-

254 1187 302 1220 nis
322 1187 401 1220 alias
427 1197 524 1230 quam
553 1186 592 1219 ad
625 1185 918 1229 praesentationem
949 1184 1005 1217 Mi-

1038 377 1198 418 xionibus,
1226 375 1555 420 incorporationibus,
1589 374 1789 418 suppressio-

1040 431 1146 472 nibus,
1178 431 1271 464 etiam
1291 430 1454 475 perpetuis
1474 430 1521 463 vel
1542 428 1786 472 temporalibus,

1041 484 1246 528 expectativis
1270 490 1300 517 et
1330 484 1412 523 aliis,
1441 484 1535 517 etiam
1564 482 1787 527 praeventivis,

1041 538 1164 580 gratiis,
1186 550 1222 572 ac
1249 538 1393 576 uniendi,
1416 537 1609 571 annectendi
1631 542 1662 570 et
1682 537 1788 569 incor-

1041 592 1191 635 porandi,
1219 603 1345 626 necnon
1374 591 1574 631 conserendi,
1601 591 1791 634 providendi

1043 650 1071 676 et
1093 646 1163 679 aliis
1189 646 1408 686 l'aeultatibus,
1437 645 1714 686 concessionibus,
1743 644 1792 677 lit-

1043 698 1129 739 teris,
1161 700 1318 733 mandatis
1344 700 1438 733 etiam
1465 700 1504 733 de
1529 699 1744 744 providendo,
1763 704 1793 732 et

1043 751 1176 784 indultis
1196 753 1470 797 quilmseumque,
1493 754 1687 797 illorumque
1713 752 1792 786 etil-

1044 806 1148 839 larum
1171 807 1465 845 revalidationiluis‚
1492 807 1658 851 quibusvis
1682 817 1792 851 perso-

1045 860 1105 899 nis,
1125 860 1218 893 etiam
1242 861 1425 904 praedictae
1450 861 1613 894 Romanae
1633 861 1794 895 Ecclesiae

1046 913 1276 954 cardinalibus,
1296 914 1391 947 etiam
1414 920 1515 954 motu,
1539 914 1674 948 scientia
1694 920 1723 947 et
1741 925 1796 958 po-

1047 967 1380 1011 testatisplenitudine
1397 968 1568 1008 similibus,
1583 980 1619 1002 ae
1637 979 1709 1001 cum
1726 968 1796 1011 qui-

1047 1020 1153 1053 busvis
1173 1021 1379 1065 suspensivis‚
1392 1022 1578 1055 restitutivis
1592 1033 1628 1055 ac
1640 1022 1734 1055 etiam
1745 1022 1797 1055 de—

1047 1075 1284 1117 rogatoriarum
1310 1076 1522 1119 derogatoriis
1543 1075 1708 1116 clausulis,
1723 1075 1796 1108 irri-

1048 1129 1254 1173 tantibusque
1275 1135 1305 1162 et
1325 1129 1406 1170 aliis,
1422 1130 1518 1162 etiam
1532 1130 1594 1162 vim
1616 1135 1798 1163 contractus

1050 1183 1292 1225 inducentibus,
1314 1184 1464 1224 decretis,
1494 1189 1589 1228 atque
1609 1183 1687 1216 alias
1716 1194 1798 1227 quo-

255 1240 375 1273 cbaelis
395 1245 426 1273 et
445 1240 582 1272 aliorum
602 1244 814 1283 patronorum
825 1237 1006 1282 praedicto·
1050 1237 1224 1270 modolil,›et
1251 1248 1337 1271 nunc
1359 1244 1389 1271 et
1409 1248 1468 1281 pro
1493 1244 1639 1282 tempore
1667 1248 1799 1271 conces-

255 1305 341 1334 rum,
370 1304 425 1327 seu
453 1293 492 1327 de
517 1303 630 1326 eorum
657 1302 806 1337 expresso
832 1301 1005 1332 consensu,
1024 1285 1033 1338 1
1051 1291 1102 1331 sis,
1123 1302 1250 1325 necnon
1275 1292 1441 1335 quibusvis
1466 1291 1749 1325 constitutionibus
1770 1297 1800 1324 et

257 1348 353 1381 etiam
375 1358 449 1381 cum
482 1347 614 1391 speciali
640 1352 671 1380 et
701 1357 850 1390 expressa
875 1346 1008 1389 deroga-

258 1401 344 1434 tione
366 1401 637 1446 iurispatronatus
657 1400 842 1433 huiusmodi
859 1410 918 1444 pro
931 1406 1009 1432 tem-

256 1465 336 1499 pore
356 1455 466 1497 factas,
489 1464 725 1498 processusque
751 1454 890 1497 desuper
918 1453 1008 1486 habi-

259 1514 319 1549 tos,
341 1519 378 1541 ac
400 1508 476 1541 inde
500 1518 559 1552 pro
588 1512 735 1551 tempore
762 1513 872 1540 secuta
910 1518 1009 1550 quae-

260 1572 414 1605 cumque,
436 1562 526 1595 nulla
546 1567 576 1595 et
596 1561 733 1594 invalida
753 1561 939 1604 nulliusque
961 1571 1012 1594 ro-

261 1615 349 1649 boris
372 1615 420 1648 vel
453 1615 606 1648 momenti
634 1615 701 1648 sore
735 1619 765 1648 et
789 1625 868 1655 esse,
891 1626 927 1647 ac
952 1625 1010 1659 pro

260 1669 359 1702 nullis
379 1674 409 1702 et
431 1669 558 1702 insectis
589 1668 701 1702 baberi
727 1673 757 1702 et
787 1669 924 1709 censeri,
951 1679 1012 1702 nec

262 1723 311 1756 ius
331 1729 388 1756 aut
404 1723 583 1756 coloratum
600 1723 730 1755 titulum
743 1722 928 1766 possidendi
946 1722 1013 1755 eui-

260 1787 356 1821 quam
379 1778 520 1810 tribucre
541 1777 587 1810 vel
609 1787 666 1821 per
687 1777 741 1809 illa
760 1777 884 1820 acquiri
905 1788 1010 1820 posse,

261 1831 316 1864 sed
337 1830 614 1875 praesentationes
635 1841 692 1875 per
718 1830 906 1864 Michaelem
928 1836 958 1864 et
982 1842 1014 1864 a-

262 1884 322 1918 lios
342 1884 469 1918 futuros
489 1890 642 1927 patronos
662 1885 846 1928 praedictos
865 1890 1014 1928 protem-

262 1949 342 1982 pore
371 1939 470 1972 factas
504 1944 535 1971 et
567 1939 755 1971 subsecutas
799 1938 1014 1972 institutiones

262 1992 382 2026 validas
407 1998 438 2025 et
457 1992 604 2026 efficaces
621 1992 699 2033 sore,
721 2003 861 2036 suosque
882 1992 1015 2026 effectus

264 2046 383 2087 sortiri,
404 2046 548 2090 ipsisque
575 2046 787 2090 praesentatis
807 2051 836 2079 et
861 2046 1016 2080 institutis

265 2100 327 2133 tale
348 2100 397 2133 ius
418 2100 450 2132 in
471 2110 506 2133 re
528 2106 559 2134 et
583 2100 622 2133 ad
642 2110 710 2133 rem
732 2100 857 2144 acquiri
883 2101 1014 2140 debere,

265 2155 360 2199 quale
379 2154 562 2198 acquiritur
581 2154 792 2199 praesentatis
810 2160 841 2188 et
863 2154 1018 2188 institutis

266 2209 305 2242 ad
322 2208 480 2242 beneficia
500 2209 540 2241 de
559 2218 634 2241 vero
654 2214 685 2242 et
699 2208 775 2242 reali
795 2208 1018 2253 iui‘epatrona-

266 2268 317 2296 tus
337 2263 494 2295 laicorum
515 2262 674 2295 nobilium
696 2268 725 2295 et
752 2262 939 2303 illustrium,
966 2274 1018 2295 ra-

268 2316 354 2350 tione
381 2316 563 2360 primaevae
591 2321 621 2350 et
642 2316 784 2359 integrae
805 2317 1017 2357 fundationis,

268 2381 305 2403 ae
325 2376 502 2415 perpetuae
518 2370 692 2403 dotationis
707 2380 744 2403 ex
758 2370 851 2404 bonis
866 2381 952 2403 mere
965 2370 1020 2403 Iai-

269 2424 392 2458 ealibus
412 2429 442 2457 et
461 2423 744 2468 patrimonialibus
772 2424 937 2457 dumtaxat
957 2423 1021 2457 exi-

269 2477 397 2512 stentia.

314 2528 329 2572 ἓ
360 2528 414 2561 12.
455 2528 585 2561 Necnon
623 2527 882 2571 praeposituram
922 2528 1020 2561 sacri-

270 2578 377 2619 stiam,
401 2578 596 2621 capellanias
623 2577 750 2620 aliaque
769 2576 939 2617 beneficia,
960 2578 1022 2610 cle-

271 2628 394 2661 ricatus
413 2633 609 2671 nuncupata,
630 2627 816 2660 huiusmodi
839 2638 897 2670 per
916 2638 973 2660 nos
994 2640 1022 2661 e-

272 2683 369 2718 recta,
390 2677 449 2710 sub
468 2676 635 2720 quibusvis
653 2676 847 2720 specialibus
859 2676 906 2709 vel
925 2687 1023 2719 gene-

274 2726 394 2759 ralibus
414 2725 697 2765 reservationibus,
720 2725 907 2766 unionibus,
928 2737 1024 2760 anne-

354 2775 429 2806 Bull.
448 2775 524 2806 Rom.
551 2775 605 2805 Vol.
628 2775 668 2805 IX
868 2776 906 2805 ⁶26

1051 1345 1311 1378 ordinationibus
1331 1345 1526 1389 apostolicis,
1549 1356 1585 1379 ac
1606 1345 1709 1379 dictae
1723 1346 1802 1380 Can-

1052 1399 1201 1432 cellariae
1226 1400 1355 1441 regulis,
1379 1399 1636 1443 quomodolibet,
1670 1406 1700 1433 et
1728 1411 1801 1433 cum

1052 1453 1215 1497 quibusvis
1235 1454 1390 1487 clausulis
1411 1461 1439 1487 et
1461 1454 1611 1495 decretis,
1628 1460 1803 1498 quantum-

1054 1507 1095 1541 vis
1116 1508 1324 1552 amplissimis
1345 1519 1381 1541 ac
1394 1508 1661 1552 praegnantibus,
1679 1514 1709 1542 et
1729 1519 1803 1541 cum

1054 1562 1199 1595 clausula
1220 1562 1361 1602 Quorum
1386 1567 1507 1595 tenores
1532 1562 1626 1595 editis
1651 1568 1682 1595 et
1706 1562 1804 1596 eden-

1054 1615 1112 1655 dis,
1136 1621 1166 1649 et
1186 1616 1370 1650 nullatenus
1391 1617 1626 1660 comprehensa
1655 1627 1723 1649 esse
1752 1621 1805 1649 aut

1055 1670 1134 1709 sore,
1161 1670 1361 1714 minimeque
1382 1670 1615 1714 comprehendi
1636 1681 1729 1714 posse
1753 1676 1803 1703 aut

1055 1723 1185 1765 debere,
1208 1725 1262 1757 sed
1284 1735 1412 1768 seraper
1430 1724 1543 1757 abillis
1563 1730 1694 1768 excepta
1715 1730 1806 1757 etex-

1056 1777 1145 1810 elusa
1162 1789 1229 1812 esse
1251 1785 1281 1812 et
1301 1779 1425 1812 censeri
1446 1778 1577 1818 debcre3
1600 1789 1636 1811 ac
1656 1778 1766 1811 omnia
1778 1783 1805 1810 et

1056 1832 1182 1875 singula
1203 1832 1379 1875 praemissa
1403 1842 1531 1865 necnon
1552 1837 1736 1876 praesentes
1759 1832 1808 1865 lit-

1058 1893 1139 1920 teras
1161 1887 1250 1919 nullo
1285 1897 1439 1930 umquam
1476 1892 1619 1928 tempore
1639 1886 1678 1919 de
1698 1886 1808 1919 subre-

1057 1941 1175 1985 ptionis
1191 1941 1238 1974 vel
1255 1940 1456 1984 obreptionis
1469 1951 1524 1973 seu
1545 1940 1701 1973 nullitatis
1720 1940 1806 1981 vitio,

1058 2000 1111 2028 aut
1132 1994 1320 2028 intentionis
1340 2000 1468 2027 nostrae
1489 1994 1537 2026 vel
1557 1993 1621 2026 alio
1633 1994 1745 2037 quovis
1756 1994 1810 2027 de—

1059 2050 1154 2089 fectu,
1175 2049 1270 2082 etiam
1297 2060 1332 2082 ex
1354 2059 1391 2082 eo
1412 2049 1499 2092 quod
1527 2059 1654 2089 causae,
1677 2055 1810 2092 propter

1058 2114 1139 2147 quas
1159 2103 1270 2136 eadem
1294 2103 1469 2146 praemissa
1490 2102 1571 2135 sacta
1592 2107 1678 2143 sunt,
1701 2112 1808 2135 coram

1060 2157 1207 2189 locorum
1226 2156 1400 2189 ordinariis
1416 2156 1463 2188 vel
1486 2155 1548 2188 alio
1569 2155 1676 2188 iudice
1694 2155 1812 2189 exami-

1060 2216 1165 2249 natae,
1188 2210 1368 2243 veriticatae
1389 2215 1419 2242 et
1439 2209 1478 2242 ab
1495 2220 1532 2242 co
1550 2209 1759 2253 approbatae,
1775 2220 1811 2243 ac

1062 2265 1216 2297 interesse
1233 2264 1340 2297 forsan
1358 2264 1513 2297 habentes
1524 2263 1562 2296 ad
1583 2263 1614 2296 id
1631 2263 1733 2297 vocati
1747 2275 1811 2298 non

1062 2318 1194 2360 suerint,
1228 2328 1287 2351 nec
1320 2318 1460 2362 desuper
1495 2329 1588 2351 suum
1619 2328 1812 2351 eonsensum

1063 2372 1296 2416 praestiterint,
1318 2382 1374 2405 seu
1396 2382 1432 2405 ex
1445 2371 1557 2416 quavis
1577 2371 1640 2404 alia
1660 2383 1756 2405 causa
1765 2373 1814 2405 vel

1063 2436 1271 2470 quocumque
1292 2430 1470 2469 praetextu,
1490 2424 1635 2469 quaesito
1647 2426 1756 2459 colore
1767 2426 1815 2459 vel

1064 2479 1193 2522 ingenio
1214 2480 1330 2520 notari,
1354 2479 1551 2523 impugnari,
1573 2479 1752 2521 invalidari,
1768 2491 1815 2514 re-

1064 2529 1207 2569 traetari,
1230 2529 1269 2561 ad
1292 2529 1445 2562 terminos
1461 2528 1539 2562 iuris
1560 2528 1684 2569 reduci,
1707 2539 1762 2562 seu
1784 2529 1815 2561 in

1065 2578 1114 2611 ius
1134 2579 1181 2611 vel
1202 2578 1453 2612 controversiam
1471 2578 1627 2617 revocari,
1642 2584 1695 2611 aut
1707 2579 1816 2611 adver-

1066 2639 1118 2660 sus
1138 2628 1191 2660 illa
1213 2629 1444 2672 quodcumque
1471 2628 1560 2668 iuris,
1582 2627 1654 2661 sacti
1677 2629 1722 2660 vel
1743 2639 1815 2671 gra-

1068 2677 1128 2709 tiae
1150 2678 1330 2710 remedium
1351 2678 1529 2721 impetrari,
1544 2683 1574 2711 ct
1589 2683 1709 2710 attento
1729 2677 1816 2720 quod

1067 2733 1175 2759 nostra
1202 2738 1291 2767 (aira,
1314 2733 1344 2759 ut
1377 2727 1570 2770 praefertur,
1597 2726 1652 2759 dos
1686 2727 1753 2769 ipsa
1774 2726 1816 2758 lo-

1806 321 1859 349 An.
1876 319 1904 348 C.
1918 318 1986 348 ¹590
