2226 3070
47 289 101 318 An.
117 287 146 316 C.
164 284 232 316 1590

909 285 1012 309 SIXTUS
1037 285 1055 309 V
1079 284 1126 309 PP.

247 346 412 380 nunquam
428 337 440 360 ¹
455 338 550 371 lectio
562 347 627 370 non
649 338 755 371 minus
775 349 811 371 ex
832 343 921 381 parte
943 349 996 371 ne-

246 391 383 424 cessaria
404 398 451 425 est
469 392 508 425 ad
530 392 628 425 animi
651 392 871 431 resectionem,
899 402 995 435 quam

245 443 337 478 cibus
357 445 396 478 ad
421 446 568 490 corporis
592 446 791 479 alimoniam.

290 498 350 531 Per
372 503 477 532 totum
506 499 586 532 illud
608 505 737 543 tempus
757 509 822 542 quo
842 499 874 532 in
901 499 997 532 rebus

245 553 489 594 communibus,
509 553 556 586 vel
586 553 698 586 officiis
730 558 906 585 conventus
931 563 996 586 mo-

245 607 345 640 niales
366 607 452 651 ipsae
470 617 533 640 non
550 607 810 650 occupabuntur,
835 617 996 650 unaquae-

243 671 307 704 que
328 661 359 693 in
388 672 445 693 sua
466 661 584 694 cellula
609 661 657 693 vel
685 660 916 693 haeremitorio
936 659 996 692 sibi

245 725 302 759 per
313 714 499 758 priorissam
528 714 730 754 destinando,
759 724 903 747 seorsum
927 724 996 746 nio-

245 773 346 808 retur,
369 768 567 811 demumque
582 767 613 801 in
627 767 699 800 loco
713 778 789 800 suae
811 767 928 811 quietis
940 778 995 800 seu

245 821 483 854 recollectionis
503 821 626 865 aliquid
648 820 774 854 interim
795 827 951 865 operetur
971 821 995 852 si

243 874 311 907 dies
336 885 399 907 non
430 875 494 908 sint
523 874 636 915 festivi,
667 874 748 908 etin
783 875 844 908 isto
869 885 996 908 secessu

243 929 380 962 servabit
400 934 611 973 praeceptum
637 929 792 972 Regulae,
815 934 850 961 ut
869 940 998 972 separa-

245 983 300 1015 tim
322 994 386 1016 una
404 983 444 1016 ab
464 984 565 1017 altera
585 994 753 1016 remanere
778 983 905 1016 debeat.

287 1036 356 1070 Non
385 1037 481 1070 liceat
499 1037 558 1071 ulli
587 1036 719 1070 moniali
741 1036 873 1069 alterius
898 1037 997 1069 cellu-

243 1091 306 1123 lam
327 1091 447 1135 absque
467 1091 595 1125 licentia
614 1090 786 1134 priorissae
813 1090 949 1134 ingredi.

287 1144 472 1188 Numquam
518 1144 674 1177 habeatur
717 1144 838 1188 opificii
883 1144 997 1177 domus

242 1198 434 1239 communis,
454 1198 485 1231 in
501 1209 597 1242 quam
615 1198 653 1230 ad
676 1198 754 1231 illud
771 1198 865 1231 simul
884 1209 998 1231 conve-

242 1251 345 1292 niant,
372 1263 412 1285 ne
436 1253 631 1296 praebeatur
651 1252 778 1285 occasio
799 1258 831 1284 ut
854 1252 931 1284 dum
953 1252 996 1284 si-

244 1306 309 1338 mul
331 1311 575 1340 commorantur
594 1306 759 1340 silentium
784 1305 933 1339 violetur.

344 1405 389 1438 De
411 1405 599 1439 humilitate
624 1410 653 1439 et
673 1406 888 1449 poenitentia.

543 1473 617 1507 CAP.
640 1473 690 1507 Xl.

286 1539 419 1581 Tabula,
465 1551 530 1584 qua
562 1540 709 1574 verrendi
743 1541 877 1574 domum
916 1541 996 1574 ordo

243 1593 490 1636 praescribitur,
504 1594 543 1627 ab
569 1594 637 1638 ipsa
663 1594 815 1638 priorissa
849 1595 994 1639 incipiat,

242 1652 278 1680 ut.
297 1647 331 1680 in
350 1648 502 1682 omnibus
519 1648 642 1682 bonum
658 1651 705 1683 sui
725 1649 879 1693 praebeat
892 1660 997 1683 exem-

242 1701 347 1744 plum.

285 1755 426 1799 Diligens
450 1767 527 1790 cura
548 1758 707 1792 habeatur
727 1765 762 1791 ut
786 1759 904 1802 quibus
924 1759 996 1793 offi-

242 1808 328 1842 cium
350 1809 480 1853 aliquod
502 1811 662 1844 incumbit
682 1813 848 1846 custodiae
869 1819 899 1846 et
919 1824 996 1857 pro-

240 1862 370 1896 visionis
383 1864 557 1906 bonorum,
569 1869 995 1912 seugreruintemporalium,

242 1923 306 1950 tam
336 1918 375 1951 de
400 1919 589 1953 necessariis
618 1920 658 1953 ad
687 1921 820 1962 vietum,
844 1923 996 1965 quamde

241 1971 330 2012 aliis,
358 1983 474 2016 magna
503 1985 578 2007 cuni
609 1974 766 2008 charitate
800 1976 996 2010 monialibus

243 2024 443 2068 provideant.

285 2079 441 2114 Priorissa
461 2081 608 2126 aliaeque
628 2082 831 2126 antiquiores
850 2095 916 2117 non
942 2095 997 2117 cu-

242 2132 359 2165 riosius
387 2140 444 2167 aut
478 2135 679 2169 luculentius
704 2147 801 2180 quam
833 2137 994 2181 reliquae,

241 2186 297 2219 sed
313 2197 426 2221 ornnes
442 2189 633 2232 aequaliter,
652 2190 739 2224 iuxta
760 2191 915 2234 Regulam
931 2198 995 2225 tra-

242 2245 381 2282 ctentur:
394 2252 505 2275 verum
517 2244 716 2277 necessitatis
732 2255 769 2278 ac
781 2245 893 2278 aetatis
914 2246 996 2278 ratio

242 2299 365 2327 tantum
401 2295 574 2337 habeatur,
605 2304 635 2330 at
666 2298 773 2342 potius
798 2299 997 2332 necessitatis

240 2359 338 2392 quam
366 2349 491 2390 aetatis;
514 2351 642 2395 saepius
667 2352 754 2384 enim
781 2363 863 2395 quae
893 2354 997 2386 maior

242 2409 289 2436 est
308 2409 412 2437 aetate
438 2404 563 2438 minore
580 2406 770 2439 necessitate
793 2413 938 2450 urgetur.
960 2408 997 2441 Ut

241 2464 348 2492 autem
380 2459 411 2492 id
435 2460 631 2503 generaliter
657 2466 803 2494 servetur
831 2462 870 2494 ab
891 2463 996 2495 omni-

241 2512 318 2552 bus,
356 2523 472 2556 magna
506 2513 700 2547 adhibeatur
733 2526 832 2555 cura,
869 2517 998 2560 expedit

243 2567 329 2600 enim
356 2568 466 2601 multis
487 2579 523 2601 ex
543 2569 660 2602 causis.

288 2621 399 2665 Neque
411 2622 585 2665 priorissae
597 2633 702 2665 neque
714 2624 785 2656 aliis
801 2625 998 2659 monialibus

283 2690 293 2714 1
316 2688 450 2723 Legimus
464 2697 582 2725 namque
598 2691 637 2724 (n.
654 2693 701 2722 τ.),

324 2730 401 2760 Rull.
421 2730 499 2761 Rom.
528 2730 585 2761 Vol.
602 2730 645 2761 IX
840 2733 878 2763 28

1683 276 1746 310 217

1039 337 1313 371 denominationis
1333 337 1555 381 praerogativa
1577 338 1685 381 aliqua
1697 339 1792 371 adda-

1040 397 1103 431 tur,
1121 402 1205 436 quae
1225 391 1399 434 aliquando
1424 391 1558 424 honoris
1584 402 1679 425 causa
1712 403 1790 426 con-

1040 445 1177 486 ceditur,
1199 445 1324 478 scilieet
1343 445 1463 478 domna
1492 456 1549 478 seu
1579 446 1711 479 domina
1736 452 1791 479 aut,

1040 499 1157 539 simile,
1181 499 1234 532 sed
1256 499 1392 533 invicem
1424 499 1528 532 verbis
1549 499 1727 532 humilibus
1758 511 1791 533 a-

1039 558 1124 595 gant.
1153 553 1342 586 Priorissam
1376 553 1507 597 quidem
1534 559 1564 586 et
1596 554 1791 597 superioris-

1039 617 1118 645 sam,
1141 612 1192 639 aut
1217 617 1285 639 eam
1300 618 1383 650 quae
1408 607 1470 639 iani
1492 607 1665 651 priorissae
1685 607 1792 641 officio

1040 660 1209 703 perfuncta
1230 666 1289 701 est,
1313 667 1446 693 matrem
1474 666 1505 693 et
1524 666 1628 693 vestra
1649 672 1794 695 reveren-

1041 713 1098 749 tia;
1132 719 1254 746 ceteras
1278 725 1353 747 vero
1384 714 1558 754 moniales,
1594 725 1722 748 sorores
1763 722 1790 748 et

1038 772 1142 799 vestra
1168 767 1307 800 ‹tim-itas
1332 775 1459 801 vocent.

1082 820 1213 859 Domus,
1236 828 1367 865 excepta
1399 822 1546 861 ecelesia,
1570 823 1696 856 curiose
1728 834 1793 856 non

1040 880 1220 915 extruatur,
1245 875 1328 918 ligna
1351 886 1424 908 vero
1445 876 1560 909 doinus
1581 877 1655 909 satis
1685 877 1790 914 rudia,

1039 938 1075 959 ae
1096 927 1211 960 domus
1232 929 1299 972 ipsa
1326 939 1435 971 parva,
1458 935 1488 962 et
1514 929 1601 962 illius
1619 930 1792 963 habitatio-

1040 992 1095 1014 nes
1117 982 1274 1015 demissae
1295 982 1370 1022 sint,
1395 982 1435 1015 ita
1456 989 1491 1016 ut
1514 983 1706 1021 necessitati,
1728 995 1791 1017 non

1040 1041 1146 1068 autem
1174 1036 1404 1079 superfluitati,
1428 1037 1629 1070 consulatur.

1084 1089 1235 1129 Parietes,
1265 1096 1299 1123 ut
1320 1090 1421 1133 magis
1456 1091 1524 1124 sieri
1546 1091 1676 1134 poterit,
1698 1091 1792 1123 validi

1040 1148 1236 1185 statuantur,
1277 1145 1447 1177 clausurae
1483 1145 1565 1178 altae
1604 1151 1792 1188 appareant,

1039 1208 1238 1241 eamruisque
1263 1197 1349 1230 intus
1380 1198 1458 1230 adsit
1493 1198 1531 1231 ad
1565 1198 1794 1231 haeremitoria

1039 1252 1270 1291 construenda,
1294 1258 1329 1284 ut
1341 1253 1496 1285 moniales
1509 1252 1649 1285 orationi
1664 1262 1793 1296 separa-

1041 1304 1094 1337 tim
1126 1306 1274 1349 exemplo
1295 1306 1488 1339 Sanctorum
1522 1306 1653 1340 Patrum
1682 1317 1794 1339 vacare

1039 1358 1171 1401 possint.

1083 1412 1195 1446 Cetera
1206 1414 1346 1447 'alterius
1360 1414 1504 1447 desectus
1518 1414 1714 1458 redarguere
1729 1425 1794 1448 non

1039 1473 1236 1511 praesumat,
1258 1467 1319 1501 nisi
1340 1468 1456 1512 culpae
1476 1468 1614 1511 gravitas
1639 1468 1669 1501 id
1688 1469 1796 1512 requi-

1039 1527 1099 1561 rat,
1125 1527 1154 1554 et
1182 1527 1257 1554 tune
1284 1527 1444 1555 errantem
1471 1532 1616 1555 seorsum
1654 1522 1794 1555 eharita-

1041 1575 1099 1608 tive
1125 1581 1266 1616 moneat,
1294 1576 1381 1619 quod
1402 1576 1426 1608 si
1450 1576 1504 1609 illa
1525 1583 1573 1609 ter
1595 1577 1717 1610 monita
1742 1587 1794 1610 re-

1039 1629 1193 1672 sipiscere
1227 1639 1290 1662 non
1317 1630 1489 1671 curaverit,
1515 1630 1700 1673 priorissae,
1730 1641 1794 1664 non

1039 1688 1146 1715 autem
1168 1683 1262 1715 alteri
1276 1683 1393 1723 sorori,
1409 1694 1477 1715 eam
1491 1684 1682 1716 denunciet.
1700 1683 1794 1716 Cum-

1038 1748 1101 1780 que
1123 1747 1187 1769 non
1199 1736 1302 1769 desint
1316 1737 1485 1777 officiales,
1499 1738 1638 1770 zelantes
1660 1743 1792 1777 vocatae,

1038 1801 1122 1834 (luae
1142 1791 1280 1823 aliarum
1303 1791 1415 1834 culpas
1440 1802 1494 1823 seu
1521 1791 1668 1824 desectus
1685 1792 1794 1824 obser-

1037 1850 1121 1885 vaut,
1146 1845 1226 1877 hanc
1249 1855 1360 1877 curam
1392 1844 1451 1877 sibi
1470 1855 1535 1878 non
1561 1852 1737 1885 assumant,
1765 1851 1792 1878 et

1038 1910 1120 1942 quae
1141 1899 1281 1932 viderint
1311 1899 1583 1943 praetermittant,
1610 1900 1664 1933 sed
1686 1899 1794 1943 potius

1039 1964 1113 1986 suos
1138 1953 1283 1986 desectus
1314 1964 1370 1986 seu
1406 1953 1519 1997 culpas
1557 1953 1732 1995 recogitent
1764 1959 1790 1986 et

1039 2007 1231 2044 emendent:
1254 2018 1360 2051 neque
1382 2007 1479 2039 etiam
1502 2007 1533 2039 in
1564 2007 1793 2040 administran-

1039 2060 1087 2093 dis
1107 2061 1222 2094 officiis
1239 2061 1311 2093 aliis
1331 2060 1522 2100 commissis,
1545 2060 1570 2093 si
1593 2071 1675 2103 quae
1704 2061 1792 2094 det'e-

1039 2115 1118 2147 cerit
1139 2126 1195 2148 seu
1217 2120 1359 2148 erratum
1381 2114 1592 2154 cormuiserit,
1609 2125 1673 2147 non
1687 2115 1792 2147 statim

1039 2179 1075 2201 ac
1112 2175 1231 2201 temere
1267 2168 1296 2200 id
1335 2168 1588 2212 reprehendant,
1616 2168 1676 2200 nisi
1716 2168 1793 2212 quid

1039 2233 1133 2265 grave
1155 2222 1339 2265 contigerit,
1373 2228 1449 2255 tune
1483 2222 1569 2254 enim
1606 2222 1794 2255 huiusmodi

1040 2276 1152 2320 culpas
1178 2276 1274 2308 inodo
1308 2276 1457 2320 superius
1482 2275 1567 2309 dicto
1593 2276 1794 2309 denunciare

1039 2334 1201 2362 tenentur.

1084 2382 1238 2415 Moniales
1269 2393 1467 2427 magnopere
1506 2389 1639 2416 caveant
1673 2394 1713 2417 ne
1737 2394 1794 2417 sua

1039 2442 1171 2480 peccata
1205 2444 1370 2478 excusent,
1392 2438 1451 2470 nisi
1478 2443 1636 2481 quantum
1668 2438 1713 2471 rei
1738 2448 1794 2470 ne-

1040 2488 1170 2521 cessitas
1206 2488 1365 2531 postulat;
1400 2487 1476 2520 hinc
1501 2487 1587 2520 enini
1616 2488 1793 2531 plurimum

1041 2533 1073 2569 iii
1098 2536 1282 2569 humilitate
1308 2536 1490 2580 proficient.

1084 2585 1210 2618 Poenae
1248 2586 1379 2629 quidem
1413 2592 1443 2619 et
1481 2586 1700 2630 poenitentiae
1734 2595 1794 2629 pro

1041 2635 1145 2679 culpis
1166 2645 1222 2668 seu
1248 2635 1438 2676 defectibus,
1470 2635 1524 2679 qui
1558 2636 1587 2667 in
1622 2634 1794 2678 praedictis

1041 2685 1296 2725 conuniuontur,
1319 2685 1529 2729 imponantur
1548 2685 1710 2728 graviores
1740 2689 1790 2716 aut

1807 284 1859 313 An.
1876 283 1905 312 C.
1923 283 1992 313 1590
