2226 3070
234 262 283 287 An,
302 259 329 287 C.
350 259 415 287 1588

295 1712 346 1731 Illud
362 1712 422 1732 emit

243 1751 288 1764 rum
330 1744 423 1764 faculta—

243 1780 263 1796 ιθ
284 1780 425 1802 quascumque

243 1813 318 1827 eausa<
337 1811 426 1826 moven-

245 1840 281 1859 das
310 1838 426 1857 occasione

244 1869 383 1889 archiviorum
393 1868 427 1887 ili-

245 1901 271 1921 rti
281 1900 358 1923 sinus,
369 1905 425 1919 sum-

246 1932 309 1951 marie
337 1934 377 1951 ete.
403 1935 427 1950 ac

245 1963 386 1989 appellatione
396 1968 429 1982 re·

247 1998 301 2014 moti
346 1999 427 2019 eogno—

247 2025 328 2046 scendi.

475 249 516 282 es

432 322 503 343 mus
528 311 634 350 iudex,
666 310 720 354 qui
747 319 872 342 summa
896 307 1087 341 auctoritate
1112 316 1182 338 om-

432 375 487 397 nes
509 370 535 397 et
554 374 776 407 quascumque
789 361 998 400 differentias,
1010 360 1092 396 lites,
1106 369 1183 401 que-

433 418 514 450 relas
534 423 561 449 et
581 416 826 455 ‹·‹‘›ntroversias,
850 421 913 447 tam
935 413 1020 445 inter
1040 411 1182 455 particu-

433 471 514 503 lares
540 481 692 514 personas
717 474 747 501 et
771 467 966 506 archivistaS,
991 470 1063 505 etc„
1086 476 1182 508 quam

433 525 471 556 de
491 529 521 556 et
541 534 638 566 super
657 523 733 555 taxis
749 526 779 554 et
794 519 1011 557 mercedibus,
1032 518 1185 551 nullitati-

434 579 494 610 bus
514 583 542 611 ct
564 575 764 614 salsitatilms,
791 585 827 607 ac
855 573 1021 615 quibusvis
1041 571 1112 605 aliis
1133 583 1183 606 re-

434 633 505 671 bus,
529 631 566 663 ad
585 630 727 674 praefata
743 627 884 661 archivia
905 627 1102 669 illorumque
1126 626 1184 659 ad-

435 684 717 722 ministrationem,
750 681 945 724 gubernium
972 690 1009 713 ac
1030 679 1183 713 directio-

436 748 508 771 nem
541 735 785 780 quomodolibet
814 740 843 767 et
873 745 910 767 ex
945 734 1058 777 quavis
1088 744 1185 767 causa

436 789 682 834 pertinentibus,
701 787 779 821 oriri
793 793 824 821 et
839 787 988 821 suscitari
1000 787 1182 830 contigerit,

435 843 554 883 audiat,
578 846 760 885 cognoseat,
781 841 909 874 decidat
928 841 1058 884 sineque
1078 840 1185 873 debito

435 896 597 935 terminet,
618 895 832 929 constituatur
848 901 879 928 et.
894 894 1081 939 deputetur.
1096 894 1186 927 Unde

437 951 480 983 rei
513 949 699 983 huiusmodi
736 949 839 982 virum
872 948 1026 991 gravitate
1066 948 1186 981 littera-

436 1015 574 1047 rumque
609 1003 742 1036 seientia
763 1002 977 1046 conspicuum
1010 1001 1186 1045 praeficere

436 1063 466 1090 et
498 1058 529 1089 in
559 1056 743 1101 praemissis
774 1056 943 1100 providere
978 1065 1186 1098 summopere

436 1111 615 1155 cupientes,
642 1121 678 1143 ac
710 1110 882 1143 erectionis
912 1115 942 1142 et
977 1108 1187 1141 institutionis

436 1164 667 1204 archiviorum,
689 1168 760 1203 etc„
781 1173 908 1196 necnon
929 1162 1184 1206 privilegiorum,

438 1218 648 1257 indultorum,
675 1217 874 1256 facultatum,
896 1215 1136 1259 exemptionum
1158 1220 1189 1247 et

437 1271 572 1303 aliarum
593 1270 784 1313 gratiarum,
808 1280 935 1303 necnon
956 1279 1188 1313 quarumcum-

437 1335 500 1368 que
531 1325 709 1357 litterarum
740 1323 880 1367 desuper
908 1323 1130 1357 confectarum
1151 1333 1188 1354 ac

438 1378 617 1411 edictorum
639 1377 724 1410 cirea
748 1377 925 1421 praemissa
950 1381 1186 1416 emanatorum,

438 1438 687 1473 ceterorumque
714 1430 966 1474 praemissorum
987 1441 1024 1462 ac
1045 1428 1118 1462 inde
1139 1439 1188 1461 sc-

438 1491 586 1517 eutorum
610 1490 749 1523 tenores,
776 1484 871 1516 etiam
901 1482 1063 1523 veriores,
1096 1493 1189 1526 prac-

438 1538 582 1571 seutibus
617 1548 674 1581 pro
707 1536 864 1581 expressis
901 1542 932 1570 et
967 1536 1095 1570 insertis
1132 1536 1189 1568 ha-

437 1593 559 1625 bentes.

482 1645 539 1689 {3
561 1645 645 1678 Motu
660 1644 806 1688 proprio,
826 1649 1011 1684 etc-„unum
1031 1642 1188 1682 officium,

440 1698 580 1741 regentis
613 1698 746 1730 archivii
777 1697 936 1740 generalis
963 1697 1069 1730 Status
1090 1696 1191 1729 nostri

440 1752 626 1796 temporalis
666 1750 875 1784 ecclesiastici
910 1749 1168 1794 nuncupandum
1182 1776 1190 1789 ,

443 1817 499 1850 pro
521 1816 585 1838 uno
616 1805 772 1849 praelato,
799 1809 853 1836 aut
873 1804 1044 1847 utriusque
1069 1814 1125 1836 seu
1145 1803 1191 1835 al-

442 1860 539 1893 terius
560 1859 679 1891 iurium
701 1859 833 1891 doctore
856 1858 904 1890 vel
934 1857 1111 1897 licentiato,
1139 1861 1194 1889 aut

441 1913 503 1946 alia
521 1923 658 1956 persona
674 1912 711 1944 ad
735 1912 796 1944 hoc
818 1921 936 1944 munus
955 1910 1057 1943 habili
1079 1916 1109 1943 et
1124 1910 1193 1943 ido-

442 1978 512 2005 nea,
534 1972 662 2009 regente
683 1965 815 1998 art-bivii
837 1965 998 2008 generalis
1012 1964 1118 1998 Status
1138 1974 1193 1997 no-

443 2020 497 2053 stri
514 2019 648 2064 praefati
671 2018 904 2062 nuncupando,
927 2018 981 2061 qui
996 2018 1155 2061 praefatas
1165 2023 1193 2050 et

443 2084 665 2118 quascumque
685 2073 763 2105 alias
783 2071 994 2112 differentias,
1016 2071 1098 2111 lites,
1119 2081 1195 2114 que-

445 2128 527 2160 relas
547 2133 577 2159 et
598 2126 830 2159 controversias
846 2125 1016 2159 occasione
1032 2125 1194 2158 dictorum

445 2181 676 2219 a1·cliivi·,]rum‚
696 2180 793 2213 etiam
810 2191 847 2212 ex
860 2179 1060 2222 obligatione
1081 2178 1113 2211 in
1134 2178 1197 2211 sor-

446 2246 495 2267 ma
521 2234 673 2267 Gamerae
694 2233 895 2278 ,lpostolieae
916 2233 1150 2276 provenientes,
1163 2243 1195 2265 e-

440 2288 520 2320 tiam
533 2288 610 2320 alias
631 2298 667 2320 ac
686 2288 769 2320 inter
785 2287 865 2320 alios
880 2297 977 2331 quam
994 2292 1029 2320 ut
1048 2285 1197 2330 praemit-

448 2341 525 2374 titur
550 2341 762 2380 suseitaudas‚
790 2345 821 2373 et
845 2340 1050 2373 iudiciariam
1072 2339 1197 2382 indagi-

450 2405 522 2427 nem
545 2400 599 2426 aut
614 2394 758 2437 quamvis
777 2393 873 2426 aliam
895 2392 1121 2436 cognitionem,
1142 2392 1198 2426 de-

450 2444 616 2483 cisionem,
649 2443 886 2486 probationem,
931 2442 1196 2482 declarationem,

450 2492 748 2536 interpr-etationem
778 2498 809 2525 et
834 2492 1071 2532 executionem,
1093 2491 1198 2535 quali-

452 2548 640 2585 tercumque
658 2546 688 2574 et
706 2541 1013 2584 quomodocumque
1034 2540 1200 2584 requiren-

450 2598 508 2631 tes,
541 2601 598 2634 pro
625 2595 770 2633 tempore
791 2589 974 2629 movendas,
997 2588 1116 2629 civiles,
1139 2589 1200 2622 cri-

451 2640 597 2683 minales,
616 2650 720 2673 meras
740 2644 771 2673 et
793 2639 918 2681 mixtas,
941 2648 1005 2672 una
1025 2649 1099 2672 cum
1118 2638 1198 2672 inci-

1025 253 1203 279 BULLARIUM
1224 252 1374 277 ROMANUM

1224 305 1384 343 dentibus,
1398 304 1652 347 emergentibus,
1663 304 1796 336 annexis
1809 309 1840 337 ct
1859 314 1975 338 conne-

1223 357 1281 399 xis,
1304 368 1455 402 suprema
1481 357 1671 390 auctoritate
1701 362 1732 390 et
1751 367 1848 390 manu
1874 357 1973 400 regia,

1225 412 1286 444 tela
1317 410 1485 444 iudiciaria
1522 410 1651 453 penitus
1684 409 1810 450 omissa,
1845 412 1976 454 solaque

1226 464 1297 497 sacti
1314 464 1444 497 veritate
1457 464 1612 508 inspecta,
1626 474 1661 496 ac
1677 463 1764 496 omni
1777 470 1808 497 et
1821 474 1977 507 quacum-

1225 529 1287 562 que
1309 518 1546 562 appellatione,
1578 527 1712 550 recursu
1733 522 1765 551 et
1788 517 1977 550 remissione

1226 572 1368 612 remotis,
1394 571 1488 605 etiam
1515 571 1667 616 privative
1685 571 1791 615 quoad
1811 581 1924 604 omnes
1944 582 1977 604 a-

1226 625 1285 658 lios
1301 625 1424 658 iudices
1444 625 1626 659 ordinarios
1646 630 1676 657 et
1696 624 1978 665 extraordinarios,

1225 684 1288 711 tam
1324 679 1356 711 in
1382 679 1466 712 Urbe
1487 690 1583 722 quam
1612 684 1701 711 extra
1725 689 1817 719 eam,
1845 683 1979 721 totoque

1226 731 1315 765 Statu
1327 732 1483 775 praefato,
1501 732 1551 765 ius
1566 731 1705 772 dicendi,
1721 731 1846 773 audire,
1861 742 1979 774 cogno-

1227 796 1327 826 scere,
1351 786 1538 826 terminare,
1554 786 1703 819 decidere
1715 797 1752 818 ac
1763 785 1889 818 debitae
1905 795 1978 819 exe-

1227 843 1350 876 cutioni
1371 844 1579 876 dennunlare.

1271 896 1285 939 ἓ
1309 896 1340 929 lt.
1364 896 1592 939 Delinquentes
1609 906 1739 940 quoque
1760 901 1790 929 et
1810 906 1891 939 quos
1910 896 1979 929 falsi

1227 954 1257 982 et
1278 949 1419 982 cuiusvis
1436 949 1569 982 alterius
1585 949 1714 992 generis
1732 948 1854 981 crimen
1871 950 1920 982 vel
1933 960 1980 983 er-

1228 1008 1333 1030 rorem
1365 1003 1420 1031 aut
1452 998 1607 1031 delictum
1634 998 1667 1031 in
1691 997 1929 1040 scripturarum
1950 1004 1981 1032 et

1227 1045 1482 1080 instrumentoru
1490 1058 1518 1079 m
1529 1047 1749 1091 praefatorum
1759 1046 1789 1079 in
1802 1047 1981 1081 archivium

1228 1096 1466 1139 registi-atione,
1487 1103 1517 1129 ct
1537 1107 1573 1129 ex
1594 1107 1631 1130 eo
1645 1097 1918 1140 transumptione,
1933 1109 1982 1132 re-

1228 1149 1431 1190 collectione,
1465 1149 1610 1183 custodia
1649 1155 1679 1183 et
1722 1150 1979 1193 conservatione,

1228 1198 1292 1231 sive
1320 1204 1464 1232 taxarum
1500 1199 1611 1232 illicita
1639 1199 1828 1233 alteratione
1853 1206 1884 1234 et
1908 1211 1981 1234 exa-

1229 1248 1348 1289 ctione,
1381 1249 1637 1293 praesentatione
1664 1255 1696 1281 et
1727 1249 1982 1292 subsignatione,

1229 1308 1266 1330 ac
1286 1298 1364 1330 alias
1385 1297 1415 1330 in
1437 1297 1590 1331 exercitio
1607 1303 1637 1331 et
1647 1297 1925 1332 administratione
1936 1299 1984 1332 di-

1230 1352 1355 1379 ctorum
1382 1347 1601 1380 archiviorum
1627 1347 1874 1391 quomodolibet
1894 1359 1983 1382 com-

1231 1396 1354 1429 misisse
1375 1397 1517 1429 accusati
1539 1402 1594 1429 aut
1614 1397 1755 1440 suspecti
1776 1397 1908 1439 suerint,
1931 1409 1985 1432 eo-

1232 1455 1370 1487 rumque
1387 1445 1572 1489 complices,
1592 1446 1750 1488 condigna
1771 1446 1941 1489 punitione
1954 1453 1985 1481 et

1231 1495 1406 1538 exemplari
1427 1495 1623 1535 coerctione,
1655 1505 1692 1528 ac
1726 1495 1841 1528 debitis
1872 1496 1985 1539 poenis

1232 1546 1263 1578 in
1284 1545 1364 1578 locis
1394 1544 1656 1585 conmissorum,
1682 1555 1732 1585 ac,
1759 1545 1784 1578 si
1810 1545 1982 1587 videbitur,

1232 1594 1328 1627 etiam
1352 1594 1383 1626 in
1405 1594 1501 1635 Urbe,
1525 1599 1555 1627 et
1582 1593 1660 1627 alias
1680 1593 1817 1627 ubilibet
1836 1594 1931 1638 plecti
1955 1599 1986 1628 ct

1232 1643 1365 1676 arbitrio
1396 1654 1454 1676 suo
1488 1643 1595 1687 puniri
1626 1648 1657 1676 et
1685 1642 1833 1686 castigari
1864 1644 1983 1684 facere,

1233 1693 1444 1730 sententiare,
1473 1692 1628 1733 iudicare,
1662 1692 1891 1733 condemnare,
1926 1694 1983 1726 bo-

1234 1752 1340 1785 naque
1366 1741 1570 1775 conscribere
1595 1746 1626 1774 et
1651 1741 1842 1782 confiscare,
1864 1741 1987 1775 omnia-

1234 1803 1299 1835 que
1318 1797 1349 1825 et
1368 1791 1495 1834 singula
1515 1791 1576 1823 alia
1598 1790 1630 1822 in
1651 1789 1835 1833 praemissis
1851 1796 1882 1824 et
1902 1791 1986 1824 circa

1235 1851 1271 1874 ea
1297 1840 1478 1874 necessaria
1493 1845 1524 1873 et
1537 1839 1784 1883 quomodolibet
1800 1845 1987 1883 opportuna

1234 1901 1358 1932 gerere,
1384 1900 1535 1922 exercerc
1556 1895 1586 1922 et
1606 1889 1734 1932 exequi,
1753 1900 1812 1933 per
1831 1900 1864 1922 se
1884 1890 1932 1922 vel
1952 1901 1986 1922 a·

1236 1940 1313 1972 lium
1340 1950 1395 1972 seu
1421 1939 1512 1979 alios,
1539 1938 1627 1971 omni
1654 1943 1683 1970 et
1703 1948 1910 1981 quacumque
1930 1949 1987 1981 ap-

1236 1988 1411 2033 pellatione
1437 1994 1572 2027 remota,
1595 1992 1790 2031 perpetuum
1823 1986 1986 2020 silentium

1236 2038 1376 2081 desuper
1397 2038 1577 2081 imponere.

1280 2089 1294 2132 ξ
1319 2089 1349 2121 5.
1377 2088 1508 2121 Necnon
1533 2086 1637 2120 edicta
1656 2096 1693 2119 ac
1717 2085 1988 2130 proclamationes

1237 2143 1268 2170 et
1292 2138 1398 2170 banna
1426 2147 1484 2180 pro
1509 2136 1679 2179 regimine,
1700 2134 1858 2178 gubernio
1880 2139 1911 2168 et
1934 2135 1989 2167 ad-

1238 2186 1472 2219 ministratione
1492 2185 1726 2224 archiviorum,
1741 2183 1988 2217 archivistarum

1238 2241 1269 2268 et
1304 2240 1480 2275 rectorum,
1520 2234 1723 2277 aliorumque
1753 2232 1986 2276 praefatorum,

1238 2295 1296 2318 suo
1315 2284 1375 2317 sub
1400 2284 1543 2323 nomine,
1566 2282 1745 2327 poenisque
1769 2281 1837 2315 eius
1856 2281 1989 2315 arbitrio

1239 2333 1469 2378 exprimendis,
1492 2337 1564 2372 etc„
1586 2332 1712 2376 quoties
1745 2331 1804 2364 sibi
1839 2331 1990 2375 expedire

1239 2382 1411 2423 videbitur,
1434 2391 1617 2426 proponere
1638 2386 1669 2414 et
1683 2380 1850 2424 publicare
1869 2381 1986 2413 facere.

1239 2432 1361 2474 lllaque
1385 2442 1422 2464 ac
1443 2430 1506 2463 iam
1527 2435 1673 2463 emanata
1698 2429 1875 2469 declarare,
1894 2428 1991 2461 inter-

1240 2480 1383 2524 pretari,
1420 2479 1620 2519 reformare,
1653 2478 1809 2522 ampliare
1838 2483 1869 2511 et
1899 2477 1990 2511 inno-

1240 2540 1324 2570 vare,
1351 2540 1388 2562 ac
1419 2535 1481 2562 tam
1507 2540 1565 2572 per
1589 2540 1664 2561 eum
1689 2528 1814 2561 edenda
1836 2537 1934 2571 quam
1955 2538 1990 2560 a-

1275 2602 1314 2630 Ea
1329 2601 1430 2629 omittit
1449 2600 1618 2634 mainardus,
1631 2600 1696 2635 quia
1713 2600 1741 2628 in
1758 2599 1883 2628 omnium
1900 2599 1990 2629 mani-

1241 2648 1295 2676 bus
1309 2647 1499 2676 versabantur
1518 2646 1558 2673 (a.
1574 2646 1624 2680 T.).

1991 251 2041 277 An.
2058 249 2087 277 C.
2106 250 2172 278 1588

2021 894 2178 921 Delinquentes

1995 927 2058 946 otiam
2075 926 2095 945 in
2113 931 2178 952 prae-

1995 958 2071 981 missis,
2089 957 2133 977 eius
2143 963 2177 977 ar-

1994 987 2058 1009 bitrio
2068 988 2179 1015 puniendi.

2003 2186 2077 2208 Edicta
2092 2193 2130 2214 pro
2146 2192 2184 2208 re-

2004 2219 2083 2244 gimine
2111 2220 2186 2239 dicu—

2004 2257 2048 2271 rum
2072 2250 2185 2271 archivio-

2003 2288 2048 2302 rum
2103 2287 2186 2308 propo-

2003 2313 2068 2334 nendi
2083 2312 2102 2333 l.
