2226 3070
64 288 117 315 An.
134 286 163 314 G.
180 286 245 314 1591

78 1735 159 1757 Causae
172 1741 247 1756 eonce-

63 1763 146 1784 dendae
161 1763 246 1783 nit-utta-

861 286 1039 310 GREGORIUS
1059 286 1112 310 xtv
1131 287 1182 310 1²1³.

262 344 298 367 ac
318 334 342 366 si
364 334 403 367 de
423 335 520 368 verbo
541 335 581 367 ad
610 335 742 367 verbum
776 334 1002 373 insererentur,

261 388 483 432 praesentibus
518 399 576 432 pro
615 388 811 422 sufficienter
851 389 1005 432 expressis

261 441 425 483 habentes,
450 443 511 475 illis
531 443 608 475 alias
628 442 661 475 in
692 453 750 475 suo
781 443 898 476 robore
927 454 1002 486 per-

263 497 431 537 mansuris,
454 497 515 530 liae
534 497 601 530 vice
631 497 793 530 dumtaxat
824 497 1006 541 specialiter

262 556 292 583 et
312 561 457 594 expresse
480 551 686 593 derogamus,
711 551 909 594 caeterisque
930 561 1006 584 eon-

263 604 367 637 trariis
388 604 655 647 quiluiseumque.

305 658 418 691 Datum
448 659 568 691 Romae
599 659 684 701 apud
714 658 744 691 S.
769 659 921 695 Marcum,
945 658 1004 690 snb

261 713 380 745 annulo
400 712 580 752 Piscatoris‚
595 711 646 745 die
661 722 736 745 xxtx
754 712 878 753 augusti
893 722 1001 748 tumel,

260 765 465 808 pontificatus
485 765 585 798 nostri
606 775 690 798 anno
711 775 732 798 1.

295 828 353 855 Dat.
371 827 413 855 die
428 827 461 855 29
478 828 584 863 augusti
598 828 675 862 1591,
687 831 758 864 pont.
774 836 817 854 an.
830 834 847 855 1.

259 956 415 999 Sequitur
437 955 578 998 facultas
613 954 712 987 eidem
746 954 905 998 Philippo
935 949 1005 997 reqi

303 1023 427 1052 statuta
463 1019 627 1051 dictarum
664 1018 864 1051 militiarum
906 1018 1004 1050 corri-

303 1081 412 1125 yemb',
433 1092 579 1125 novaque
598 1081 751 1114 addendi.

260 1181 440 1208 charissimo
460 1181 491 1207 in
512 1180 628 1207 Christo
656 1179 718 1206 filio
745 1181 846 1206 nostro
867 1178 1003 1212 Philippo

295 1230 496 1265 Portuqassiae
524 1233 555 1256 et
574 1229 779 1263 Algarhiorum
806 1228 869 1261 regi
903 1228 1001 1255 catho-

293 1280 362 1312 lico,
383 1279 561 1306 militiarum
580 1279 650 1305 Iesu
671 1277 793 1311 Christi,
823 1277 926 1304 Sancti
958 1278 1003 1304 Ia-

294 1329 360 1356 cobi
384 1332 414 1356 et
434 1328 468 1356 de
489 1328 558 1356 Avis
579 1328 610 1354 in
630 1335 720 1362 regno
735 1326 939 1361 Portuqalliae
958 1326 1004 1353 in-

295 1377 473 1404 stitutarum
493 1380 638 1411 perpetuo
670 1375 908 1403 administratori
935 1384 1004 1410 apo-

294 1427 403 1454 stolica
423 1425 602 1453 auctoritate
623 1426 764 1459 deputato

431 1489 618 1529 Gregorius
632 1489 726 1529 Papa
740 1489 831 1519 XIV.

358 1557 537 1585 Charissime
554 1557 585 1584 in
602 1557 719 1584 Christo
735 1557 779 1584 fili
799 1560 910 1590 noster,

311 1608 441 1634 salutem
455 1610 485 1634 et
497 1607 694 1641 apostolicam
708 1607 954 1634 benedictionem.

307 1678 322 1722 ἓ
342 1678 372 1711 ’1.
396 1678 565 1711 Maiestatis
587 1684 657 1711 tuae
678 1678 807 1711 nomine
836 1678 929 1711 nobis
950 1679 1004 1712 suit

262 1733 439 1777 expositum
467 1734 568 1777 quod,
597 1733 667 1766 lieet
698 1734 802 1766 clarae.
830 1734 1004 1767 memoriae

261 1787 465 1820 Sebastianus
484 1787 699 1829 Portugalliae
729 1793 759 1819 et,
778 1787 1004 1829 Algarbiorum

260 1851 314 1873 rex
332 1841 518 1874 militiarum
538 1842 608 1874 Iesu
628 1841 752 1881 Christi,
776 1841 880 1874 Sancti
900 1842 1004 1874 laeobi

261 1900 291 1927 et
311 1895 349 1927 de
370 1894 442 1928 Avis
463 1894 495 1927 in
512 1905 612 1937 regno
633 1895 848 1935 Portugalliae
874 1895 1001 1928 institu-

261 1954 364 1981 tarum
385 1954 559 1992 perpetuus
577 1948 818 1982 administrator
831 1949 1005 1993 apostoliea

260 2001 449 2035 auctoritate
486 2003 666 2046 deputatus,
690 2003 846 2035 nonnulla
875 2008 1001 2041 statuta,

260 2056 479 2089 ordinationes
506 2062 535 2089 et
565 2056 792 2095 stabilimenta,
818 2067 900 2100 quae
930 2062 1004 2090 tune

261 2110 343 2143 felici
375 2111 562 2143 earumdem
593 2109 779 2142 militiarum
805 2110 953 2153 regimini
975 2117 1003 2144 et

261 2164 532 2198 administrationi
553 2165 643 2198 utilia
664 2165 863 2203 videbantur,
888 2166 1002 2198 eondi-

261 2218 353 2259 derit,
394 2219 512 2263 illaque
547 2230 604 2263 per
642 2219 741 2251 felicis
774 2220 1005 2253 reeordationis

259 2273 351 2306 Pium
372 2273 395 2305 V
418 2278 446 2306 et
466 2273 656 2315 Gregorium
677 2274 754 2311 XIII,
779 2274 1005 2317 praedeeesso-

258 2336 309 2358 res
329 2331 466 2364 nostros,
491 2326 675 2359 confirmari
709 2326 884 2365 curaverit,
909 2333 1003 2370 prout

258 2390 316 2423 per
336 2380 420 2423 ipsos
449 2381 691 2423 predecessores
723 2380 816 2413 certis
848 2382 944 2413 modo
975 2387 1005 2414 et

259 2432 361 2466 forma
382 2439 457 2466 tune
475 2433 630 2477 expressis
651 2433 841 2466 confirmata
863 2435 1001 2473 suerunt;

260 2492 366 2519 tamen
385 2492 567 2531 temporum
581 2487 716 2520 varietas
737 2493 765 2521 et
785 2487 944 2520 dictorum
956 2499 1006 2521 re-

259 2551 396 2583 gnorum
428 2541 621 2574 mutationes
661 2547 691 2574 et
720 2552 871 2585 praesens
906 2547 1005 2575 status

259 2596 354 2638 plane
383 2595 532 2633 ostendit,
562 2595 648 2639 quod
678 2595 772 2628 etiam
799 2595 861 2628 iam
892 2606 909 2628 a
930 2595 1004 2629 dicti

259 2648 437 2682 Sebastiani
473 2648 557 2691 regis
599 2649 775 2682 conditoris
806 2649 1005 2692 temporibus

262 2703 428 2738 manifeste
447 2709 648 2748 compertum
679 2709 735 2746 est,
756 2704 949 2748 quamplura
969 2714 1004 2737 ex

1040 334 1212 378 praedietis
1232 334 1366 375 statutis,
1389 332 1655 371 ordinationibus,
1679 333 1778 366 stabi-

1040 389 1179 421 limentis
1211 399 1246 421 ae
1275 388 1384 421 usibus
1414 393 1442 420 et
1473 387 1594 420 naturis
1624 387 1780 419 dietarum

1040 443 1238 483 militiarum,
1262 448 1315 475 ant
1336 441 1424 474 nullo
1446 442 1543 474 modo
1573 446 1627 473 aut
1653 440 1781 473 diffieile

1039 496 1213 529 :ulmodum
1236 495 1397 529 observari
1416 505 1519 539 posse,
1540 505 1598 527 nec
1619 499 1650 527 ut
1671 493 1781 526 obser-

1039 556 1152 582 ventur
1185 549 1349 593 expedirffi
1388 548 1487 581 immo
1525 558 1584 592 pro
1624 547 1780 580 dictarum

1041 603 1227 636 militiarum
1256 603 1412 645 regimine
1433 609 1463 635 et
1494 602 1577 635 felii-i
1610 612 1781 645 progressu

1039 657 1214 699 plurimum
1235 657 1396 700 expedire,
1421 656 1576 689 nonnulla
1597 666 1632 688 ex
1654 654 1692 687 iis
1712 665 1781 687 cas-

1039 721 1108 743 sare
1122 716 1150 743 et
1172 711 1350 747 annullare,
1372 710 1434 742 alia
1448 709 1541 742 etiam
1562 709 1732 741 immutare
1753 713 1782 740 et

1039 764 1222 800 emendare.
1258 769 1288 797 et
1318 764 1418 796 multa
1448 764 1486 796 de
1518 773 1601 796 novo
1627 762 1778 801 condere,

1038 822 1188 855 statuere,
1213 822 1241 849 et
1261 817 1422 854 ordinare,
1447 816 1519 849 ideo
1540 816 1633 849 nobis
1653 814 1784 848 humili-

1040 877 1086 903 ter
1103 870 1277 914 supplicari
1299 870 1409 911 fecisti,
1433 876 1468 903 ut
1489 870 1676 903 earumdem
1698 869 1782 901 mili-

1040 925 1156 958 tiarnm
1188 925 1282 958 statui
1316 925 1347 957 in
1380 925 1565 968 praemissis
1600 929 1782 967 opportune

1039 979 1206 1012 consulere
1239 979 1278 1011 de
1304 977 1501 1020 benignitate
1531 977 1707 1021 apostolica
1728 977 1779 1010 di-

1039 1043 1222 1075 gnaremur.

1084 1087 1100 1127 ξ
1121 1085 1151 1117 ⁹2.
1175 1085 1238 1118 Nos
1258 1084 1366 1127 igitur,
1399 1084 1454 1128 qui
1484 1084 1574 1117 iustis
1604 1084 1682 1117 votis
1708 1084 1778 1124 tuis,

1039 1139 1140 1183 iisque
1152 1138 1351 1182 praesertim,
1366 1149 1448 1182 qnae
1460 1137 1635 1180 Religionis
1647 1138 1779 1178 cultum,

1039 1204 1074 1225 ae
1095 1192 1283 1225 militiarum
1304 1192 1503 1234 regularium
1523 1202 1715 1235 prosperum
1734 1202 1784 1224 re-

1038 1247 1145 1289 gimen
1176 1253 1203 1279 et
1237 1252 1447 1289 augmentum
1480 1247 1640 1290 respicere
1671 1246 1784 1289 digno-

1038 1306 1179 1339 scuntur,
1200 1300 1340 1333 libenter
1368 1300 1551 1340 annuimus,
1576 1300 1781 1333 constitutio-

1038 1366 1127 1393 num,
1151 1361 1342 1388 statutorum
1363 1362 1393 1388 et,
1411 1355 1634 1388 definitionum
1656 1366 1784 1387 earum-

1040 1410 1128 1449 dem,
1152 1420 1187 1442 ac
1210 1409 1388 1442 litterarum
1421 1409 1737 1442 eonfirmatoriarum
1767 1420 1785 1442 a

1040 1462 1132 1495 dietis
1163 1463 1446 1506 predecessoribus
1481 1468 1702 1495 emanatarum
1733 1468 1781 1495 te-

1040 1527 1134 1549 nores
1161 1517 1383 1560 praesentibus
1404 1527 1463 1560 pro
1488 1517 1644 1560 expressis
1665 1517 1786 1549 haben-

1040 1576 1095 1608 tes,
1113 1570 1298 1604 huiusmodi
1319 1570 1608 1614 supplicationibus
1627 1570 1781 1607 inclinati,

1040 1624 1198 1657 maiestati
1220 1630 1303 1665 tuae,
1334 1629 1369 1657 ut
1388 1635 1460 1657 eum
1491 1624 1626 1657 consilio
1647 1625 1785 1657 nonnul-

1039 1678 1144 1710 lorum
1172 1678 1377 1711 antianorum
1399 1678 1558 1711 dictarum
1580 1678 1781 1715 militiarum,

1040 1737 1070 1764 et
1089 1732 1225 1765 aliarum
1246 1732 1342 1764 etiam
1363 1743 1576 1776 personarum
1599 1742 1712 1765 eornm
1726 1732 1784 1765 Or-

1040 1787 1147 1820 dinem
1169 1787 1302 1820 minime
1322 1788 1552 1831 professarum,
1569 1788 1608 1820 ad
1626 1787 1658 1820 id
1678 1798 1736 1831 per
1756 1793 1785 1819 te

1039 1841 1272 1884 eligendarum,
1297 1848 1424 1882 statuta,
1449 1842 1712 1881 eonsuetudines,
1736 1853 1786 1875 re-

1039 1897 1140 1939 gulas,
1164 1897 1380 1938 definitiones,
1404 1897 1621 1930 stabilimenta
1649 1903 1680 1930 et
1700 1897 1786 1929 ordi-

1039 1950 1184 1983 nationes
1217 1951 1374 1984 dietarum
1411 1951 1599 1984 militiarum
1613 1979 1620 1989 ,
1660 1950 1785 1984 etiamsi

1039 2004 1214 2047 apostoliea
1235 2005 1438 2043 anctoritate,
1463 2011 1494 2037 nt
1516 2005 1713 2048 praefertur,
1739 2004 1784 2037 vel

1040 2058 1116 2091 alias
1137 2058 1329 2092 confirmata
1342 2065 1370 2092 et
1385 2059 1563 2103 approbata
1583 2059 1711 2097 suerint,
1727 2069 1785 2102 pro

1040 2112 1215 2155 praesentis
1236 2113 1391 2156 temporis
1418 2113 1605 2146 necessitate
1627 2119 1657 2145 et
1677 2113 1783 2156 qnali-

1041 2171 1113 2204 tate,
1147 2172 1284 2204 mntare,
1317 2167 1484 2204 reducere,
1519 2167 1694 2206 declarare,
1719 2177 1786 2199 eas-

1039 2230 1109 2251 sare
1131 2225 1160 2252 et
1178 2220 1357 2260 annullare,
1373 2231 1409 2253 ae
1430 2220 1461 2252 in
1477 2220 1590 2253 melius
1610 2221 1786 2255 reformare

1040 2278 1070 2305 et
1089 2273 1166 2305 alias
1187 2273 1401 2313 definitiones,
1430 2274 1651 2307 ordinationes
1671 2280 1699 2307 et
1721 2280 1785 2307 sta-

1040 2332 1106 2359 tuta
1127 2326 1315 2359 militiarum
1336 2327 1585 2371 [traedietaruim
1603 2339 1639 2361 ac
1657 2328 1784 2361 illarum

1040 2391 1271 2424 personarum,
1302 2392 1411 2414 rerum
1442 2387 1473 2415 et
1508 2382 1670 2415 bonorum
1700 2382 1785 2425 regi-

1040 2446 1124 2473 men,
1134 2435 1448 2469 administrationem
1460 2442 1488 2469 et
1501 2437 1695 2479 gnberninm
1710 2447 1786 2469 con-

1040 2489 1204 2522 cernentia
1233 2490 1382 2531 condere,
1415 2496 1554 2524 statuere
1586 2497 1616 2524 et
1636 2491 1786 2524 ordinare

1040 2542 1139 2575 libere
1160 2548 1190 2576 et
1208 2543 1295 2576 licite
1315 2545 1435 2581 valeas2
1451 2556 1533 2588 quae
1552 2545 1647 2577 etiam
1669 2550 1785 2577 statuta

1040 2601 1070 2628 et.
1089 2596 1320 2637 ordinationes,
1344 2597 1401 2636 sie,
1425 2603 1459 2630 ut
1476 2598 1693 2641 praemittitur
1710 2608 1786 2629 eon—

1040 2649 1115 2688 ‹lita,
1140 2650 1288 2684 ordinata
1308 2656 1339 2684 et
1366 2651 1515 2691 stabilita,
1540 2657 1711 2695 postquam
1739 2657 1785 2683 ta-

1039 2714 1114 2738 men
1130 2715 1188 2749 per
1207 2715 1266 2739 nos
1286 2710 1317 2739 et
1336 2705 1452 2740 Sedem
1473 2705 1691 2750 Apostolieain
1710 2715 1785 2739 eon-

1688 275 1753 308 ltssss
1799 284 1847 311 An.
1865 285 1894 312 C.
1913 284 1976 312 1591

1798 1096 1896 1116 Familia<
1906 1096 1930 1114 de
1942 1101 1982 1122 qua

1798 1123 1818 1143 in
1833 1123 1924 1143 rubrica.
