2226 3070
466 242 525 275 172

420 314 560 347 cumque
574 314 740 347 personas,
750 311 958 345 quacumque
969 298 1171 337 auctoritate,

420 357 575 401 dignitate
606 363 634 390 et
665 353 910 400 pi·[eeini11entia
931 352 1089 392 suffultas,
1108 361 1172 384 una

420 423 495 444 cum
516 410 667 443 omnibus
685 415 713 442 et
740 407 876 450 singulis
907 405 973 438 suis
998 404 1171 438 incidenti-

419 465 489 505 bus,
501 462 768 508 dependentibus,
778 459 1028 502 emergentibus,
1040 459 1173 492 annexis

420 524 451 551 ct
467 517 633 556 connexis,
648 521 723 548 etex
744 513 850 547 officio
871 518 945 545 tuae
962 511 1077 545 Curiae
1094 512 1171 545 sim-

419 571 562 615 pliciter,
582 567 756 602 summarie
769 573 800 600 et
819 566 858 600 de
878 566 989 610 plano,
1011 566 1079 598 sola
1097 565 1172 598 facti

420 624 550 657 veritate
577 623 733 666 inspecta,
753 620 918 660 audiendi,
942 619 1172 663 cognoscendi,

420 676 604 716 decidendi,
632 675 761 719 fineque
782 674 903 715 debito,
926 674 1015 707 omni
1042 679 1073 707 et
1092 685 1172 718 qua-

421 741 560 774 cumque
578 729 795 774 appellatione
809 728 847 761 ad
868 728 1020 761 effectum
1041 738 1173 771 suspen-

420 785 524 818 sivum
545 790 668 817 tantum
687 788 827 830 remota,
855 781 1051 815 terminandi
1076 787 1106 815 et
1133 782 1172 814 fi-

421 838 544 879 niendi,
558 849 594 870 ac
607 847 836 881 quaecumque
846 835 997 869 mandata
1009 835 1173 868 executiva

421 891 628 930 decernendi,
649 889 825 930 relaxandi,
849 894 879 922 et
891 899 1099 933 quacumque
1119 899 1173 932 ap-

422 944 594 990 pellatione
619 950 671 977 aut
694 954 829 977 recursu
849 943 897 976 vel
918 942 1122 982 inhibitione,
1139 942 1174 974 il-

219 255 269 282 An.
289 254 316 281 C,
339 254 403 280 tout!

424 1000 483 1032 lius
504 1004 671 1043 praetextu
691 1009 747 1031 seu
772 997 851 1030 alias
867 998 975 1030 sol-san
1002 996 1177 1037 emanans,¹

422 1064 487 1086 non
507 1051 720 1092 obstantibus,
739 1050 853 1094 exequi
866 1050 1002 1083 faciendi
1022 1049 1174 1093 privative

422 1107 461 1139 ad
483 1116 595 1139 omnes
615 1110 644 1138 et
665 1105 808 1148 singulos
829 1104 920 1140 alios:
944 1103 986 1136 ita
1008 1103 1094 1147 quod
1104 1104 1175 1136 nul-

423 1162 485 1199 lus,
507 1159 602 1193 etiam
615 1159 723 1202 vigore
737 1156 988 1197 commissionis,
1001 1156 1061 1190 nisi
1076 1168 1173 1190 manu

425 1218 534 1247 nostra
554 1219 676 1257 autpro
690 1218 836 1256 tempore
858 1211 1021 1244 existentis
1037 1211 1174 1245 Romani

422 1267 587 1301 Pontilicis
607 1267 731 1309 signata
751 1265 861 1306 suerit,
885 1265 916 1298 in
937 1264 1041 1298 causIs
1061 1265 1174 1298 liuius-

423 1322 509 1354 modi
529 1332 596 1354 sese
618 1320 834 1353 intromittere
860 1319 959 1363 possit
979 1324 1009 1351 et
1029 1319 1154 1352 debeat.

467 1376 482 1418 Q
500 1374 555 1408 39.
582 1374 625 1406 An
641 1373 737 1407 etiam
758 1383 979 1417 quascumque
1001 1383 1112 1405 causas
1124 1383 1175 1406 co-

262 1442 405 1461 neumaiam
425 1440 491 1461 ram
513 1428 776 1471 quibuscumque
796 1426 867 1459 aliis
890 1426 1063 1467 iudicibus,
1087 1426 1174 1459 ordi-

225 1472 407 1523 :¹{<'¹,'.‘,¹⁸„,[,''‚[¹{
424 1482 522 1515 uariis
551 1482 597 1514 vel
624 1480 790 1524 delegatis,
819 1480 914 1513 ctiam
939 1480 1039 1513 nostri
1065 1479 1175 1513 Palatii

423 1535 629 1569 auditoribus
653 1546 710 1567 scu
735 1534 1043 1574 locumtenentibus,
1065 1540 1101 1567 ut
1121 1545 1174 1567 su-

425 1600 495 1633 pra,
514 1600 600 1622 nunc
619 1595 649 1621 et
661 1599 720 1633 pro
733 1594 879 1632 tempore
896 1587 1109 1625 introductas.
1123 1592 1176 1620 tua

425 1642 588 1676 ordinaria
602 1642 792 1675 auctoritate
806 1647 838 1675 et
859 1641 890 1674 in
910 1641 972 1674 vim
989 1641 1175 1674 huiusmodi

426 1697 615 1729 facultatum
636 1695 872 1735 reassumendi,
901 1695 1028 1738 illisque
1058 1695 1176 1738 quibus

425 1761 507 1793 opus
527 1751 624 1783 suerit
640 1749 819 1782 inhibendi.

469 1805 484 1848 Q
504 1804 558 1838 40.
591 1806 634 1837 Ac
667 1809 730 1836 tam
766 1803 797 1836 in
836 1802 928 1836 dictis
949 1803 1048 1843 lottis,
1077 1813 1174 1848 quam

254 1865 362 1885 Nat-niun»
381 1871 410 1898 ,ιν
425 1860 521 1891 etiam
544 1858 648 1892 causis
672 1863 702 1891 et
728 1857 839 1891 litibus
859 1858 899 1890 ab
924 1857 970 1890 eis
994 1857 1175 1901 quomodo-

228 1901 410 1955 li'ss'iis'l'fpsi'ssf
425 1924 565 1957 cumque
593 1918 622 1945 et
652 1912 935 1956 qualitercumque
963 1912 1175 1955 dependenti-

233 1964 259 1980 '¹¹'
424 1969 496 2007 bus,
520 1967 614 2001 etiam
636 1966 767 2000 illorum
786 1966 1019 2000 extractionem
1036 1972 1066 1999 ct
1087 1978 1177 2010 prae-

426 2022 565 2054 miorum
579 2020 870 2064 consignationem,
885 2030 984 2053 ulium
1007 2031 1043 2053 ex
1064 2020 1176 2054 Came-

427 2086 479 2107 rae
501 2074 684 2117 praedictae
705 2073 840 2107 notariis
869 2074 927 2106 tibi
953 2074 1034 2107 bene.
1060 2073 1174 2113 visum,

426 2129 465 2160 :ul
487 2133 578 2160 tuum
598 2128 851 2171 beneplacitum,
874 2127 1176 2170 t[›ties'‹ptoticstil›i

427 2182 587 2214 videbitur
607 2187 637 2214 et
662 2181 831 2225 placuerit,
864 2181 1004 2224 eligendi
1026 2187 1055 2214 et
1077 2181 1178 2225 depu-

428 2235 527 2275 tandi,
550 2247 587 2268 ac
606 2246 718 2268 omnes
744 2240 773 2268 et
793 2235 938 2278 singulos
953 2235 1110 2268 hactenus
1124 2235 1178 2268 de-

428 2294 557 2332 putatos
583 2299 639 2321 seu
669 2288 701 2321 in
731 2289 878 2321 futurum
904 2288 1108 2332 deputandos
1138 2289 1177 2321 ad

429 2348 520 2374 tuum
547 2341 673 2374 libitum
708 2342 891 2382 revocandi,
925 2353 962 2374 ac
987 2342 1087 2375 alium
1122 2353 1178 2375 seu

428 2396 508 2428 alios
528 2395 676 2428 similiter
695 2395 884 2439 deputandi.

275 2470 417 2490 „mmmm
473 2445 487 2488 Q
516 2444 570 2477 lirl.
607 2444 787 2488 Omnesque
818 2450 845 2477 et
882 2444 1023 2487 singulas
1043 2445 1176 2486 litteras,

313 2498 317 2516 ¹
341 2497 416 2542 ''fflffiff
430 2494 618 2537 scripturas,
635 2493 847 2526 instrummita
859 2499 889 2526 et
909 2500 991 2535 acta,
1011 2495 1180 2528 tamlottos

361 2557 364 2560 ⁴
402 2562 415 2564 —
431 2543 617 2575 huiusmodi
632 2553 728 2586 quam
744 2542 831 2575 omni
852 2548 879 2575 et
908 2542 1033 2586 singula
1050 2543 1111 2576 alia
1132 2543 1180 2575 iu-

344 2612 351 2624 t
365 2588 417 2623 ..ιηῖ
431 2591 651 2625 risdictionem
671 2591 832 2635 generalis
849 2591 1039 2624 thesaurarii
1051 2593 1098 2625 vel
1113 2592 1179 2625 col-

235 2638 273 2678 s‘l'f',
336 2637 417 2656 ‘'⁰3³¹n‘
433 2640 561 2674 lectoris
582 2641 760 2686 spoliorum
773 2641 1013 2682 concernentia,
1031 2640 1087 2674 tibi
1102 2650 1180 2674 con-

1012 246 1191 271 BULLARIUM
1217 245 1370 270 ROMANUM

1980 244 2033 274 An.
2050 246 2080 274 G,
2094 246 2163 274 ¹590

1214 297 1333 340 signari
1354 298 1504 337 faciendi,
1527 304 1557 331 et
1578 309 1658 341 quos
1679 307 1761 340 opus
1781 298 1889 338 fucrit,
1910 308 1964 330 co—

1214 351 1312 394 gendi
1334 357 1362 384 et
1395 350 1625 395 compellendi,
1648 355 1749 391 motu,
1773 350 1906 384 seientia
1935 356 1965 383 et

1214 404 1379 448 potestatis
1400 404 1603 447 plenitudine
1625 404 1797 444 similibus,
1820 405 1962 448 plenam,

1214 458 1350 491 liberam
1381 463 1412 491 ct
1440 457 1626 491 absolutam
1652 457 1848 499 facultatem,
1876 463 1965 502 pote-

1214 517 1329 545 statem
1350 517 1380 545 et
1400 511 1626 545 auctoritatem
1647 511 1797 545 similiter
1812 511 1964 545 concedi-

1215 575 1286 598 mus
1306 571 1337 598 et
1357 565 1575 609 impartimur.

1258 620 1272 663 Q
1291 619 1346 652 42.
1369 619 1500 653 Necnon
1516 624 1552 652 ut
1571 619 1755 653 accuratius
1776 625 1808 653 et
1827 618 1965 663 diligen·
1994 626 2080 664 venims-
2119 632 2167 648 om-

1215 673 1276 706 tius
1304 672 1487 717 praemissis
1508 673 1689 716 invigilare,
1725 684 1762 707 ac
1796 659 2166 718 pet-sonas,ssl¹3'l²0„fli‘.3‘⁰2't

1214 738 1296 771 quae
1321 727 1574 771 praemissorum
1600 738 1710 760 curam
1732 727 1897 771 suscipere
1916 738 1967 762 va·
1981 722 2106 748 ‘⁸⁵³⁸''¹¹¹¹‘*

1214 781 1315 821 leant,
1335 781 1475 814 retinere
1497 781 1613 821 valcas,
1628 780 1684 814 tibi
1707 781 1867 815 decimam
1897 792 1967 814 om-

1216 834 1304 867 nium
1318 840 1346 867 et
1366 834 1569 877 singularum
1583 834 1798 878 pecuniarum
1817 845 1875 868 seu
1894 835 1968 869 alia-

1216 898 1288 920 rum
1302 898 1410 920 rerum
1423 898 1459 921 ex
1473 887 1566 921 dietis
1575 888 1716 920 sortibus
1727 899 1783 921 seu
1796 887 1894 928 lottis,
1908 889 1968 921 sub

1215 941 1379 985 quibusvis
1399 942 1496 975 modo
1517 947 1548 974 et
1571 942 1674 974 forma
1693 941 1849 974 hactenus
1878 942 1969 976 factis

1216 1000 1246 1027 et,
1268 994 1452 1038 publicatis,
1468 1005 1567 1038 quam
1583 995 1623 1027 de
1643 999 1751 1028 cetero
1772 994 1926 1028 faciendis
1938 1001 1969 1029 et

1216 1048 1433 1092 publicandis,
1452 1048 1492 1081 ad
1507 1047 1674 1081 Cameram
1696 1053 1727 1081 et
1745 1047 1859 1081 Sedem
1874 1059 1967 1092 prae-

1216 1101 1317 1135 dictas
1338 1102 1611 1146 provenientium,
1624 1102 1836 1145 assignamus,
1846 1101 1969 1146 tibique

1216 1156 1377 1189 decimam
1399 1156 1585 1190 huiusmodi
1614 1155 1745 1200 propria
1775 1156 1969 1190 auctoritate

1217 1209 1389 1251 retinendi,
1411 1210 1507 1244 etiam
1524 1211 1645 1253 absque
1670 1209 1779 1254 aliquo
1795 1210 1859 1244 alio
1880 1221 1970 1244 man-

1217 1265 1291 1298 dato
1312 1269 1343 1296 ct
1362 1263 1578 1304 ordinatione,
1597 1263 1743 1307 aquibus
1760 1274 1842 1308 opus
1862 1264 1969 1304 suerit,

1218 1317 1409 1362 recipiendi,
1432 1317 1591 1361 exigendi,
1615 1317 1753 1357 levandi,
1775 1329 1813 1351 ac
1841 1317 1874 1351 in
1897 1323 1969 1352 tuos

1219 1383 1295 1405 usus
1311 1376 1342 1404 et
1357 1371 1527 1404 utilitatem
1546 1371 1768 1413 convertendi,
1782 1372 1968 1405 facultatem

1218 1425 1338 1469 pariter
1363 1425 1550 1468 elargimur.
1578 1425 1749 1459 Praeterea
1773 1424 1845 1466 tibi,
1870 1431 1907 1459 ut
1930 1426 1970 1459 de

1217 1479 1369 1512 omnibus
1386 1479 1678 1522 compositionibus
1692 1484 1724 1512 et
1742 1478 1969 1513 incameratio-

1218 1533 1313 1566 nibus
1332 1532 1578 1576 quomodolibet
1603 1544 1660 1576 per
1684 1538 1714 1566 te
1734 1543 1790 1566 seu
1818 1533 1970 1567 collecto-

1219 1598 1269 1620 res
1288 1587 1434 1631 aliosque
1459 1592 1530 1619 tuos
1557 1585 1711 1620 officiales
1731 1591 1763 1620 et
1792 1585 1968 1628 ministros,

1219 1652 1254 1673 ex
1275 1651 1485 1684 quacumque
1501 1651 1598 1674 causa
1618 1639 1867 1684 quomodolibet
1880 1639 1972 1673 factis

1219 1700 1249 1727 ct.
1270 1704 1329 1738 pro
1345 1699 1491 1739 tempore
1510 1693 1677 1735 faciendis,
1700 1693 1798 1727 etiam
1820 1705 1882 1738 pro
1906 1694 1971 1728 sru-

1221 1748 1336 1788 ctibus,
1352 1748 1509 1781 reditibus
1524 1753 1554 1782 et
1575 1748 1783 1791 proventibus
1798 1749 1883 1782 male
1898 1759 1971 1793 per-

1220 1801 1334 1845 ceptis,
1357 1814 1394 1836 ac
1418 1802 1490 1835 aliis
1501 1802 1688 1846 praemissis
1708 1803 1741 1836 in
1760 1802 1972 1846 quibuscum-

1218 1867 1281 1901 que
1301 1856 1380 1890 locis
1394 1862 1424 1890 et
1438 1856 1653 1890 tribunalibus
1669 1856 1761 1890 sactis
1775 1867 1833 1891 seu
1854 1857 1973 1891 sacien-

1218 1911 1278 1951 dis,
1301 1922 1338 1944 ac
1362 1911 1457 1944 etiam
1484 1922 1502 1944 a
1522 1911 1702 1945 camerario
1727 1911 1863 1956 eiusque
1882 1913 1968 1946 audi-

1219 1965 1355 2007 toribus,
1369 1965 1506 1999 civiliter
1516 1966 1564 1999 vel
1576 1966 1801 2007 criminaliter,
1815 1977 1973 2010 quacum-

1218 2030 1281 2063 que
1302 2031 1338 2052 ex
1359 2019 1683 2063 causacxpediendis,
1704 2019 1862 2062 integram
1882 2020 1972 2054 deci-

1220 2084 1304 2106 mam
1327 2073 1455 2106 illarum
1476 2078 1613 2117 partem,
1635 2073 1727 2112 ultra
1746 2077 1848 2106 ratam
1866 2073 1971 2107 eidem

1220 2126 1399 2159 camerario
1433 2132 1632 2170 tangentem,
1653 2126 1775 2160 habere
1795 2132 1827 2160 et
1844 2127 1972 2170 exigere

1219 2180 1320 2223 possis
1345 2185 1376 2213 et
1394 2180 1530 2220 debeas,
1556 2185 1586 2213 et
1615 2190 1652 2213 ex
1679 2179 1718 2212 iis
1742 2179 1971 2214 incameratio-

1220 2233 1314 2267 nibus
1329 2240 1360 2267 et
1380 2233 1669 2277 compositionibus
1690 2233 1850 2267 deducere
1867 2239 1899 2268 et
1920 2245 1971 2268 re-

1221 2287 1322 2320 tinere
1342 2287 1465 2331 pariter
1489 2287 1638 2320 volumus
1663 2291 1694 2320 et
1714 2287 1915 2321 mandamus.

1264 2340 1352 2383 Qliss.
1380 2341 1528 2385 Insuper,
1561 2341 1650 2384 quod
1675 2346 1709 2374 tu
1743 2351 1972 2386 quaecumque
2032 2354 2170 2376 Bnitnimenia

1221 2394 1338 2435 edicta,
1360 2394 1580 2435 bannimenta,
1605 2394 1729 2428 litteras
1757 2406 1814 2428 seu
1838 2394 1970 2428 ordina·
1985 2386 2171 2444 sszssmffiffi‘sssss

1222 2443 1326 2477 tiones
1350 2454 1448 2487 super
1473 2443 1657 2488 praemissis
1676 2443 1827 2477 omnibus
1856 2449 1889 2477 et
1907 2443 1972 2476 sin·
1985 2448 2118 2469 ¹b⁶===¹¹r⁸¹i⁰
2135 2447 2170 2468 ¹³-

1221 2493 1303 2536 gulis
1319 2499 1350 2526 ct
1360 2492 1490 2526 illorum
1500 2493 1721 2526 observatione
1732 2493 1850 2534 facere,
1865 2492 1972 2533 edere,
1985 2479 2054 2500 ⁶⁰¹⁸*
2068 2479 2137 2503 ‘'m“

1222 2543 1389 2587 publicare
1413 2548 1444 2576 et
1468 2542 1679 2583 denunciare,
1709 2554 1746 2575 ac
1773 2542 1812 2576 ad
1840 2542 1971 2575 illorum

1222 2593 1476 2627 observationem
1510 2603 1735 2637 quoscumque
1759 2592 1792 2626 in
1812 2591 1858 2625 eis
1883 2602 1972 2626 com-

1224 2642 1414 2687 prehensos3
