2226 3070
267 299 317 327 An.
335 299 363 327 c.
382 299 449 327 1589
495 289 559 324 350

292 736 410 757 Exordium.

276 1269 374 1298 Eplsetipi
385 1270 442 1294 regni

259 1295 362 1315 Mcvwam
382 1302 441 1322 >Juv-

259 1322 306 1341 dnm
328 1328 339 1341 e
350 1325 442 1347 mgeruut

258 1349 321 1368 «utitis
330 1356 348 1369 in
359 1356 383 1369 ea
392 1356 442 1369 uou-

259 1376 318 1396 nullis
335 1378 424 1397 statutis:

286 2018 342 2040 Quae
355 2017 439 2038 Romam

258 2049 304 2063 ron
315 2044 324 2063 ti
334 2045 439 2065 rtuauda

257 2071 421 2096 tramiuis‹·riiu·,

280 2443 438 2470 Approbariquc

256 2472 368 2496 petierunt.

789 350 873 382 XLll.

548 444 754 497 Co’nfirmalio
774 455 890 496 sweocli
906 456 1119 498 provincialis

719 509 905 542 ,Uericanae
924 508 944 540 ¹.

485 599 582 626 Sixtus
595 599 672 632 Papa
688 597 718 631 V,
735 597 770 624 ad
785 597 915 625 futuram
930 597 973 625 rei
989 599 1169 626 memmiam.

505 670 685 703 Romanum
706 669 904 706 Pontificem,
929 680 1024 713 quem
1045 670 1197 703 Dominus

462 730 568 757 noster
591 725 676 757 Iesus
704 723 842 757 Christus
872 724 1025 757 universis
1058 725 1197 758 eeclesiis

462 788 606 819 praeesse
626 777 734 817 voluit,
756 777 882 810 illarum
904 778 1101 821 praesertim,
1116 790 1197 821 quae

461 831 491 862 in
513 830 642 863 remotis
665 836 821 863 terrarum
835 831 921 864 orbis
938 832 1081 875 partibus
1101 838 1128 864 et
1150 843 1197 865 se-

460 883 568 926 positis
589 883 730 925 gentium
751 895 861 917 verum
882 884 935 917 Dei
958 886 1078 917 cultum
1110 885 1197 925 igno-

458 937 596 970 rantium
617 937 681 970 oris
702 938 824 970 noviter
844 944 968 970 evectae
989 939 1125 976 suerunt,
1142 939 1196 971 ‹le-

459 996 505 1023 cet
527 1002 636 1023 curam
658 991 816 1024 assiduam
838 1002 959 1034 gerere,
984 998 1014 1024 ut
1046 1003 1092 1029 ea,
1116 1004 1197 1036 qnae

459 1056 475 1076 a
497 1045 649 1088 praelatis
666 1045 749 1077 iuxta
769 1056 932 1078 saerorum
954 1056 1112 1078 canomuu
1134 1052 1196 1079 sta-

458 1103 525 1130 tuta
562 1099 736 1142 prudenter
774 1099 942 1131 constituta
979 1099 1116 1137 suerunt,
1157 1100 1196 1131 ab

458 1151 607 1183 omnibus
628 1151 852 1184 inviolabiliter
872 1152 1089 1184 observentur.

502 1206 516 1247 ,ξ
547 1205 575 1237 l.
610 1205 752 1238 Exliibita
787 1205 944 1248 siquidem
976 1205 1066 1238 nobis
1095 1217 1197 1250 nuper

457 1270 515 1304 pro
535 1266 624 1303 parte
653 1261 881 1293 venerabilium
912 1261 1042 1293 fratrum
1072 1262 1195 1294 arcliie—

457 1313 578 1357 piscopi
611 1314 776 1351 alexicani,
801 1319 828 1346 et
861 1314 1195 1358 aliorum*episcopo-

457 1377 527 1398 rum
549 1367 631 1399 illius
652 1368 926 1407 sutt'raganoorum
945 1373 972 1399 et
992 1368 1195 1411 comprovin-

456 1420 583 1453 cialium
606 1421 715 1464 petitio
730 1421 911 1454 continebat
933 1422 1102 1464 quodcum
1123 1421 1191 1465 ipsi,

456 1484 513 1516 pro
543 1474 660 1507 salubri
694 1475 868 1507 directione
897 1486 1025 1507 suarum
1048 1475 1195 1507 ecclesia-

455 1539 525 1559 rum
548 1528 709 1571 divinique
729 1529 832 1561 cultus
852 1534 1024 1570 augnwnto
1045 1535 1072 1562 et
1094 1541 1196 1574 popu-

455 1582 558 1614 lorum
579 1582 638 1614 sibi
659 1582 902 1614 commissorum
933 1583 1044 1620 salute,
1068 1589 1193 1616 sancto-

455 1646 525 1667 rum
543 1641 669 1679 patrum
682 1641 708 1668 et
722 1635 852 1668 Concilii
866 1636 1040 1668 Tridentini
1059 1637 1194 1670 decretis

456 1689 667 1727 inhaerentes,
690 1690 812 1733 synodo
846 1689 1031 1732 provinciali
1063 1689 1190 1727 indicta,

454 1743 608 1775 nonnulla
633 1748 747 1776 statuta
777 1749 804 1776 et
837 1743 1053 1776 ordinationes
1079 1744 1194 1777 edidis-

454 1802 533 1834 sent,
567 1802 597 1828 et
625 1807 664 1828 nc
693 1807 789 1839 super
819 1797 945 1829 illorum
976 1798 1193 1837 recognitione

454 1849 662 1892 imposterum
694 1862 710 1882 a
740 1861 903 1893 quoquam
935 1850 1059 1883 curiose
1084 1852 1193 1894 quaeri

454 1909 505 1935 aut
528 1903 638 1946 quovis
658 1903 755 1935 inodo
777 1903 913 1935 dubitari
944 1904 1056 1946 possit,
1081 1904 1133 1936 illa
1154 1906 1192 1937 ad

455 1967 522 1993 nos,
543 1957 756 2000 Sanctanupu¹
777 1957 1115 2000 SedemApostolicam
1138 1970 1194 2001 per

455 2009 606 2042 dilectum
645 2010 746 2042 lilium
785 2010 988 2043 I⁴'i·ancisc11111
1028 2011 1065 2043 de
1101 2012 1194 2044 Beata

455 2064 679 2097 scholasticum
707 2064 859 2097 ecclesiae
887 2064 1124 2103 Tlaxcallmsis,
1148 2065 1193 2097 vi-

456 2128 525 2149 rum
562 2118 741 2157 nobilitate,
781 2117 926 2150 doctrina
961 2123 990 2150 et
1025 2118 1192 2161 prudentia

455 2176 683 2213 praestantem,
708 2172 778 2204 loco
808 2171 901 2204 unius
926 2182 962 2204 ex
993 2172 1193 2215 coniprovin—

455 2224 587 2257 cialibus
619 2225 785 2269 episcopis,
810 2225 863 2268 qui
895 2226 934 2258 ad
963 2236 999 2258 ea
1029 2225 1193 2266 eligendus

455 2277 568 2310 merito
589 2278 706 2315 suisset,
730 2279 767 2311 ad
799 2289 856 2311 nos
885 2279 1073 2311 nominatim
1099 2280 1193 2312 desti-

455 2334 563 2361 natum
584 2340 617 2361 re
639 2329 703 2372 ipsa
724 2330 976 2363 transmiserunt.

499 2383 513 2425 ξ
534 2382 563 2414 *2.
581 2384 721 2426 [lituique
733 2384 992 2428 archiepiscopus
1010 2391 1037 2417 et
1051 2385 1190 2429 episcopi

454 2435 607 2479 praedicti
633 2436 725 2469 nobis
755 2437 918 2470 humiliter
947 2438 1118 2481 supplicari
1150 2440 1192 2471 l'c-

455 2489 566 2522 cissent
589 2496 744 2533 quatenus
773 2491 825 2524 illa
856 2503 1085 2535 recognoscere
1110 2498 1138 2526 ct
1160 2493 1191 2526 in

490 2577 499 2603 1
525 2576 561 2602 Ex
581 2576 686 2612 Regest.
703 2577 729 2603 in
749 2577 848 2604 Secret.
866 2578 996 2606 Breviuin.
1015 2595 1048 2599 —-
1068 2580 1107 2606 De
1123 2580 1191 2607 resi-

454 2621 545 2648 dentia
556 2621 589 2648 ab
605 2621 647 2655 iis,
660 2622 704 2657 qui
719 2621 745 2648 iu
762 2630 844 2657 regno
860 2623 994 2651 Mexicano
1009 2624 1192 2652 ecclesiastica

455 2665 576 2693 obtinent
590 2665 733 2700 beneficia,
755 2666 886 2698 facienda,
905 2667 972 2701 ride,
990 2677 1059 2704 quae
1074 2669 1192 2696 decrevit

454 2710 525 2738 idem
539 2710 626 2738 Sixtus
641 2711 673 2746 V,
695 2711 832 2738 constitut.
845 2718 933 2745 eLvtn,
949 2721 1008 2748 sup.
1025 2713 1070 2740 fol.
1085 2713 1144 2741 1⁶24.

1045 301 1226 326 BULLARIUM
1246 301 1399 326 ROMANUM

1986 304 2034 332 An.
2048 304 2074 332 C.
2103 305 2171 334 1589

1234 349 1414 393 praemissis
1435 356 1614 394 opportune
1635 351 1801 394 providere
1821 354 1859 386 de
1879 353 1971 387 beni-

1232 402 1349 444 gnitate
1370 403 1544 446 apostolica
1565 403 1780 445 dignaremur.

1276 456 1290 498 ᾖ
1310 454 1339 487 3.
1364 456 1436 495 Nos,
1463 467 1572 488 curam
1593 462 1621 489 et
1647 457 1892 491 sollicitudinem
1923 470 1972 492 ar-
2013 473 2084 494 Sixtus
2099 479 2169 503 eorum

1232 508 1425 552 ehicpiscopi
1446 514 1477 542 et
1493 510 1716 554 episcoporum
1734 511 1971 554 praedictorum
1987 506 2170 556 53³623Z25222l¹2l21

1231 562 1315 595 eirca
1344 573 1472 604 gregem
1506 563 1702 596 dominicum
1732 564 1790 596 sibi
1820 553 2116 598 001nmis-¹¹¹⁶⁰¹¹‘¹¹¹¹·

1230 628 1311 654 sum,
1335 617 1543 661 eiusdemque
1564 618 1722 651 Francisci
1748 618 1844 650 tidem
1874 624 1905 651 et
1924 619 1972 652 di-

1231 670 1393 712 ligentiam
1414 671 1589 714 plurimum
1608 671 1638 703 in
1656 672 1791 705 Domino
1803 683 1968 706 commen-

1231 724 1351 762 dantes,
1367 724 1519 767 iustisque
1541 724 1683 768 ipsorum
1698 725 1863 758 desideriis
1884 726 1973 759 satis—

1232 778 1332 810 facere
1354 778 1508 815 volentes,
1542 778 1725 811 huiusmodi
1756 779 1972 813 ordinationes

1232 836 1259 863 et
1281 836 1395 864 statuta
1415 832 1649 864 venerabilibus
1678 832 1827 865 fratribus
1857 834 1972 867 nostris

1231 884 1260 918 S.
1286 884 1320 917 R.
1345 885 1378 917 E.
1413 885 1629 917 cardinalibus
1658 897 1753 929 super
1782 886 1971 930 interpreta-

1233 938 1317 971 tione
1338 939 1539 971 decretorum
1553 939 1688 972 Conciti}
1708 940 1883 973 Tridentini
1915 941 1970 974 de-

1232 991 1357 1034 putatis,
1372 991 1502 1024 nomine
1523 999 1550 1024 et
1573 992 1759 1025 auctoritate
1780 1000 1887 1026 nostra
1900 1004 1972 1027 exa—

1232 1045 1382 1077 minanda
1412 1051 1440 1078 et
1473 1047 1731 1087 recognoscenda
1769 1047 1968 1084 tradidimus.

1231 1098 1296 1141 qui,
1321 1098 1463 1140 diligenti
1485 1099 1715 1142 perquisitione
1733 1105 1763 1132 et
1782 1100 1878 1143 longo
1899 1111 1971 1134 exa-

1232 1151 1316 1184 mine
1348 1152 1379 1184 in
1409 1152 1591 1196 praemissis
1622 1153 1781 1191 adhibito,
1806 1153 1859 1186 illa
1887 1154 1973 1187 iuxta

1232 1206 1368 1238 sormam
1387 1206 1607 1250 praesentibus
1626 1206 1833 1239 introclusam
1856 1208 1971 1241 eodem

1231 1260 1361 1293 nomine
1382 1266 1413 1293 et
1432 1260 1619 1293 auctoritate.
1640 1266 1906 1303 recognoverunt.

1274 1314 1338 1355 §lc
1364 1314 1399 1347 Ut
1433 1314 1528 1355 igitur
1559 1313 1777 1347 ordinationes
1799 1320 1827 1347 et
1857 1320 1972 1348 statuta
1993 1323 2170 1371 .E²-i¹'{‚'¹¹¹¹«²⁵¹.'¹¹5

1230 1368 1413 1401 huiusmodi
1434 1369 1621 1402 auctoritate
1641 1375 1760 1407 nostra.
1779 1374 1814 1402 ut
1834 1370 1972 1414 praeser-
1986 1357 2171 1415 2,{{{¹„¹Sj{5⁶i1¹1itiiif

1230 1427 1290 1457 tur,
1315 1422 1511 1455 examinatae
1533 1428 1559 1455 et
1593 1423 1775 1463 recognitae
1796 1423 1834 1455 ab
1855 1423 1903 1456 bis
1932 1424 1972 1456 ad
1986 1410 2030 1457 1⁰1⁵:ss
2041 1405 2170 1458 „22{{lf‚{¹1s¹‘

1229 1486 1309 1518 quos
1329 1481 1460 1519 spectat,
1484 1481 1515 1508 ut
1549 1477 1649 1514 decet,
1674 1477 1897 1516 observentur,
1922 1488 1971 1510 ar-

1230 1528 1434 1572 chiepiscopo
1455 1535 1482 1561 et
1505 1529 1662 1573 episcopis
1683 1530 1854 1573 praedietis
1867 1535 1897 1563 et
1917 1541 1970 1563 eo-

1229 1594 1299 1614 rum
1322 1582 1449 1615 cuilibet
1471 1594 1528 1626 per
1544 1588 1727 1626 praesentes
1741 1583 1971 1617 committimus

1229 1641 1256 1668 et
1281 1636 1471 1668 mandamus
1492 1642 1526 1669 ut
1545 1642 1660 1669 statuta
1692 1642 1719 1669 et
1753 1637 1971 1671 ordinationes

1229 1689 1408 1732 praedictas
1429 1689 1459 1721 in
1475 1689 1616 1722 eeclesiis
1630 1690 1694 1722 suis
1708 1690 1893 1724 solemniter
1912 1702 1971 1734 pu-

1229 1743 1392 1779 blicantes,
1410 1743 1479 1776 illas
1496 1744 1535 1776 ab
1554 1744 1703 1777 omnibus
1721 1750 1751 1777 et
1770 1744 1913 1787 singulis,
1930 1746 1970 1779 ad

1228 1808 1308 1839 quos
1328 1797 1474 1840 pertinet,
1499 1803 1526 1830 et
1559 1798 1696 1830 cuiusvis
1728 1798 1854 1831 Ordinis
1877 1794 1972 1841 regu-

1229 1850 1347 1882 laribus
1368 1856 1395 1882 et
1417 1851 1581 1894 exemptis,
1605 1862 1663 1884 nec
1684 1862 1747 1884 non
1770 1852 1809 1884 ab
1830 1852 1971 1885 eeclesiis

1229 1903 1259 1935 in
1291 1904 1433 1947 partibus
1464 1905 1524 1937 illis
1556 1905 1765 1948 imposterum
1797 1905 1966 1948 erigendis,

1228 1958 1330 1990 donec
1365 1959 1522 2002 synodum
1559 1959 1786 2002 provincialen‘i
1823 1959 1970 1992 similiter

1228 2011 1405 2051 coegerint,
1429 2012 1616 2045 auctoritate
1649 2018 1758 2045 nostra
1789 2012 1904 2045 saciant
1922 2012 1970 2045 in-

1228 2065 1418 2099 violabiliter
1440 2066 1617 2105 observari;
1641 2066 1892 2100 contradictores
1912 2077 1970 2110 per

1228 2119 1409 2156 sententias,
1434 2130 1584 2152 censuras
1615 2124 1645 2152 et
1676 2131 1796 2163 poenas
1821 2119 1969 2153 ecclesia-

1227 2172 1339 2220 sticas,
1372 2173 1585 2217 appellatione
1617 2173 1806 2217 postposita,
1841 2183 1970 2217 compe-

1227 2226 1356 2259 scendo.

1271 2281 1285 2322 ᾖ
1306 2279 1336 2312 Γ).
1365 2281 1434 2313 Non
1459 2280 1658 2313 obstantibus
1689 2279 1969 2313 constitutionibus

1227 2339 1254 2366 et
1277 2334 1533 2366 ordinationibus
1565 2334 1757 2378 apostolicis,
1781 2345 1818 2367 ac
1838 2334 1968 2378 quibus-

1227 2387 1270 2420 vis
1291 2387 1418 2420 illarum
1439 2387 1577 2431 partium
1596 2394 1624 2421 et
1643 2387 1850 2421 ecclesiarum
1871 2393 1968 2421 statu-

1227 2441 1264 2474 tis
1285 2447 1312 2474 ct
1334 2441 1633 2479 consuetudinilms‚
1658 2441 1751 2474 etiam
1773 2441 1964 2479 iuramento,

1227 2494 1471 2527 confirmatione.
1491 2489 1665 2538 apostolica
1696 2495 1743 2527 vel
1775 2495 1885 2538 quavis
1914 2495 1968 2527 sn·-
1998 2501 2003 2505 ’

1227 2548 1335 2580 mitate
1356 2548 1416 2580 alia
1436 2549 1609 2589 roboratis,
1633 2549 1756 2581 statutis
1780 2554 1808 2581 et
1834 2559 1968 2581 consue-

1227 2601 1405 2637 tudinibus:
1429 2601 1601 2645 privilegiis
1634 2612 1762 2645 quoque
1786 2600 1916 2634 indultis
1937 2606 1967 2634 et

1227 2653 1338 2687 litteris
1358 2654 1539 2698 apostolicis
1560 2654 1620 2687 illis
1638 2665 1815 2697 eorumque
1835 2664 1966 2697 praesu-

1228 2706 1309 2740 libus
1329 2712 1359 2740 et
1379 2707 1541 2751 quibusvis
1565 2707 1634 2741 aliis
1664 2707 1808 2751 personis
1833 2717 1968 2751 quomo-

2010 2287 2102 2317 Derogat
2117 2293 2165 2308 con-

1983 2316 2014 2335 tra
2018 2320 2060 2334 riis.
