2226 3070
89 283 141 310 An.
158 284 186 311 C.
208 284 273 313 1590

107 1626 157 1646 vias
173 1630 193 1647 et
216 1627 264 1653 pla-

80 1662 125 1679 teas
142 1659 264 1679 adiacentes

80 1693 185 1716 aequavit,
203 1693 244 1711 etr,

951 285 1056 309 SlXTUS
1076 285 1093 308 V
1113 286 1162 309 PP.

1733 277 1798 310 179

288 341 344 369 stat
371 347 551 369 marmorea
566 342 669 369 statua
690 337 814 381 Moysis,
830 337 885 381 qui
907 343 1043 381 petram,
1087 337 1251 378 alimenta,
1267 343 1296 370 ut
1310 343 1413 370 totum
1430 338 1595 371 bominem
1609 349 1683 372 vere
1693 347 1838 383 pascant,

288 390 373 422 unde
399 390 551 423 divinitus
567 391 643 423 olim
666 393 828 423 tinxerunt
849 402 965 434 aquae,
984 391 1043 423 vir-
1086 391 1331 424 subministrare
1356 397 1526 424 conantur.

286 454 324 484 ga
352 443 515 486 pei·cut,it;
539 444 569 476 in
596 445 727 477 dextero
749 444 823 476 item
846 455 1041 477 areusarer-

287 497 343 529 dos
364 497 470 530 Aaron
493 508 673 530 marium-ea
696 498 818 538 tabula,
841 508 925 540 quae
957 498 1040 529 mul-

287 556 392 582 torum
416 550 520 594 capita
543 552 649 590 refert,
671 561 853 594 expressus,
882 551 1039 594 populum

286 603 452 636 Iudaicum
475 604 636 636 sitientem
658 604 697 635 ad
723 614 823 645 aquas
843 604 950 643 ducit,
969 614 986 635 a
1003 603 1042 635 si-

286 657 387 689 nistro
411 667 485 689 vcro
506 657 609 699 ligura
640 656 798 689 Gedeonis
823 656 1039 688 Israelitarum

285 710 376 742 ducis
400 710 557 749 cernitur,
573 710 641 752 qui,
663 709 750 742 iussu
768 709 907 749 Domini,
925 710 1041 742 milites

284 775 321 796 cx
338 763 469 795 bibendi
487 764 582 795 modo
605 763 730 806 probat.
755 763 788 795 ln
803 762 948 795 eiusdem
967 773 1040 795 vero

283 817 379 849 fontis
404 822 581 860 conspectu
598 821 738 859 quatuor
759 816 880 855 leones,
900 826 1039 859 quorum

283 871 347 903 duo
369 882 404 903 ex
426 870 511 910 albo,
529 871 594 903 duo
615 870 690 902 item
713 881 749 902 ex
766 870 858 912 nigro
877 880 1041 903 marmore

282 923 412 967 sculpti,
441 934 496 956 ore
522 934 638 967 aquam
665 924 703 955 ad
725 923 980 956 commodiorem
1006 934 1042 956 u-

282 988 351 1010 sum
365 984 394 1010 et
409 977 576 1021 publicum
587 977 861 1010 oblectamentum
875 977 1037 1009 emittunt.

281 1032 350 1073 Quo
371 1042 446 1065 vero
472 1032 543 1064 fons
570 1031 638 1075 ipse
667 1032 699 1064 in
731 1031 846 1064 maiori
872 1042 905 1064 se
930 1036 1038 1063 osten-

282 1091 364 1118 taret.
384 1091 570 1129 prospectu,
599 1092 626 1118 et
649 1085 782 1129 publico
804 1085 875 1117 usui
898 1095 1041 1117 [emmo-

282 1139 354 1171 ‹lior
392 1144 422 1172 et
451 1139 626 1172 iucundior
665 1138 858 1171 redderetur
873 1165 880 1177 ‚
921 1138 1038 1170 dictam

282 1192 314 1225 S.
351 1191 517 1225 Susannae
554 1192 691 1235 plateam
723 1192 899 1224 ruderibus
935 1192 1039 1224 unde-

281 1256 411 1290 quaque
449 1246 599 1278 refertam
640 1251 670 1278 et
701 1245 851 1278 maceriis
889 1245 1039 1288 plurimis

282 1299 486 1342 inaequalem
504 1310 541 1331 ae
552 1299 745 1339 deformem,
773 1304 930 1342 quantum
957 1310 1039 1342 opus

282 1352 354 1393 fuit,
381 1352 611 1396 depressimus,
638 1358 757 1385 terram
780 1353 963 1392 effotlnmis,
990 1359 1037 1385 at-

280 1417 344 1450 que
371 1407 410 1439 ad
436 1406 541 1439 vicina
571 1406 715 1439 eiusdem
750 1407 864 1449 platea>
890 1407 960 1439 loca
981 1408 1038 1440 de-

281 1460 436 1501 cliviora,
477 1467 511 1493 ut
544 1465 786 1503 aequarentur,
825 1461 1037 1504 transportari

280 1514 427 1547 fecimus.

324 1568 339 1611 ξ,
363 1568 395 1601 5.
427 1568 557 1605 Verum,
586 1578 624 1600 ne
654 1568 838 1600 adiacentes
859 1568 940 1608 riae,
968 1569 1035 1611 pla-

281 1628 339 1655 tea>
365 1622 509 1664 fontique
531 1621 753 1664 prominentes
771 1627 798 1653 et
828 1626 1034 1664 prospectum

280 1682 311 1709 ct
344 1675 467 1707 aditum
502 1675 716 1713 offenderent,
751 1674 832 1706 riam
863 1681 1036 1718 utramque

279 1729 501 1773 aequavimus,
530 1734 592 1760 tam
611 1739 694 1767 eam,
715 1739 798 1770 quae
814 1739 831 1760 a
857 1734 1035 1771 conspectu

278 1783 373 1816 fontis
394 1783 432 1815 ad
455 1782 611 1814 Palatium
634 1782 868 1824 Apostolieum‚
896 1783 981 1825 quod
1004 1782 1034 1814 in

277 1838 390 1870 eodem
418 1837 501 1869 colle
520 1835 677 1874 Quirinali
693 1835 945 1875 aedificavimus,
966 1842 1035 1868 ten-

277 1891 335 1930 dit,
358 1896 385 1923 et
409 1901 491 1933 quae
513 1900 529 1922 a
551 1895 639 1932 tergo
661 1889 698 1921 ad
724 1895 848 1932 portam
871 1889 959 1922 Piam
978 1891 1035 1922 du-

277 1945 332 1984 eit,
355 1955 453 1988 quam
475 1955 558 1984 cam,
573 1954 655 1986 quac
672 1954 688 1975 a
711 1943 810 1975 latere
822 1944 861 1975 ad
874 1945 1033 1987 templum

276 1999 307 2031 S.
345 1998 462 2031 Mariae
495 1998 695 2040 Angelorum
729 1997 759 2029 iu
785 1997 933 2030 'l'liermis
958 1998 1032 2031 Dio-

276 2052 423 2085 cletianis
448 2051 563 2093 vergin
594 2051 770 2094 ambasque
800 2051 1031 2094 depressimus,

276 2110 395 2138 terram
408 2104 610 2143 effodientes,
624 2104 1031 2148 maceriasquediruentes,

276 2164 306 2191 et
331 2158 479 2191 lateritiis
495 2158 571 2190 binc
593 2157 667 2190 inde
685 2157 965 2198 deambulatoriis,
989 2160 1033 2191 al—

277 2213 423 2245 titudinis
449 2212 589 2244 duorum
616 2212 756 2255 pedum,
782 2212 962 2244 latitudinis
983 2224 1031 2246 se-

277 2269 363 2308 ptem
383 2265 524 2305 circiter,
542 2276 641 2308 penes
657 2264 820 2297 domicilia
836 2265 1030 2306 fulcivimus‚

277 2325 311 2351 ut
331 2329 383 2351 eas
409 2318 585 2350 viatoribus
607 2317 768 2350 faciliores
789 2318 1029 2359 exhiberemus,

277 2372 341 2404 imo
362 2371 526 2414 plerisque
548 2371 689 2403 fontibus
701 2371 780 2403 loeis
792 2371 893 2414 magis
908 2372 1032 2406 idoneis

277 2436 329 2457 eas
354 2424 589 2457 decoravimus.
614 2424 647 2456 ln
674 2424 769 2456 liuius
803 2430 909 2457 autem
932 2426 1031 2459 addu-

276 2474 397 2506 cendae
417 2484 520 2517 aquae
541 2473 664 2506 ratione
686 2473 836 2516 providos
857 2474 1031 2519 vigilesque

277 2522 436 2555 Ecclesiae
450 2528 593 2565 pastores
608 2522 721 2555 imitati
739 2534 863 2563 snmus,
881 2524 935 2566 qui
956 2537 1028 2557 cum

276 2582 311 2604 cx
337 2571 462 2604 Domini
485 2577 657 2615 praecepto
679 2573 817 2616 populos
840 2573 898 2605 sibi
925 2574 1031 2607 subie-

276 2626 343 2653 ctos
365 2632 496 2664 pascere
523 2626 705 2662 teneantur,
725 2632 789 2654 uon
807 2623 912 2655 solum
931 2624 1028 2667 spiri-

275 2669 384 2711 tualia,
423 2670 478 2703 sed
508 2675 539 2703 et
567 2671 713 2714 corporis
750 2671 823 2704 usui
848 2672 1030 2706 necessaria

1131 445 1190 487 ξύ.
1214 445 1371 488 Denique,
1390 455 1462 477 cum
1486 446 1636 478 nonsatis
1654 446 1693 479 sit
1713 452 1838 479 tantum

1086 508 1167 541 opus
1184 509 1312 531 summo
1332 499 1443 531 labore
1465 504 1495 531 et
1517 505 1579 532 tam
1603 500 1693 539 larg-»o
1708 507 1839 544 sumptu

1085 551 1270 591 absolvisse,
1297 552 1357 585 nisi
1403 563 1440 585 co
1475 553 1695 586 conservando
1731 560 1838 587 exacta

1085 615 1216 648 quoque,
1237 605 1403 648 diligentia
1428 606 1633 647 adhibeatur,
1662 607 1838 650 praecipue

1085 669 1157 689 eum
1200 659 1325 691 nullum
1363 660 1547 693 aediticium
1578 661 1839 703 diligentioribus

1085 710 1210 752 legibus
1250 713 1407 745 custodiri
1428 719 1587 757 oporteat,
1622 725 1718 757 quam
1752 715 1837 758 quod

1084 774 1184 805 aquas
1213 766 1373 799 sustinere
1403 767 1510 806 debet,
1540 773 1571 800 ut
1606 769 1746 811 populus
1774 769 1837 801 Ro-

1084 827 1208 856 manus,
1230 819 1406 861 celerique,
1419 820 1473 863 qui
1492 821 1608 853 Urbem
1621 827 1650 853 et
1667 822 1736 854 loea
1749 832 1839 865 prac-

1083 870 1192 902 sertim
1230 872 1367 905 editiora
1402 873 1565 913 incolunt,
1604 875 1665 908 boc
1705 875 1837 918 publico

1083 924 1255 956 commodo
1281 936 1377 968 quam
1400 926 1580 960 diutissime
1605 929 1834 971 pcrfruantur;

1083 978 1121 1009 ad
1161 984 1302 1011 nostram
1343 979 1565 1012 Pontificalem
1602 982 1836 1024 providentiam

1082 1031 1245 1074 pertinere
1280 1032 1426 1066 arbitrati
1461 1044 1584 1072 sumus,
1605 1040 1651 1074 ut,
1689 1046 1772 1078 quae
1797 1037 1836 1068 ad

1082 1084 1169 1117 illius
1181 1087 1459 1120 conservationem
1472 1088 1654 1120 necessaria
1671 1094 1756 1127 sunt,
1772 1089 1837 1122 sire

1081 1138 1119 1170 ad
1146 1140 1302 1183 temporis
1331 1140 1395 1174 sive
1425 1141 1464 1173 ad
1496 1141 1665 1174 hominum
1703 1142 1838 1176 iniurias

1081 1192 1307 1235 repellendas,
1348 1194 1593 1238 quamprimum
1633 1195 1765 1238 provide
1807 1201 1837 1228 et

1081 1251 1189 1278 exacte
1221 1251 1411 1279 statuamus,
1453 1246 1567 1280 Habita
1612 1247 1712 1289 igitur
1739 1260 1837 1292 super

1081 1298 1130 1330 liis
1160 1310 1234 1332 cum
1263 1301 1502 1335 venerabilibus
1533 1302 1686 1335 fratribus
1719 1303 1837 1335 nostris

1081 1352 1111 1385 S.
1141 1352 1176 1385 R.
1201 1354 1236 1387 E.
1260 1355 1480 1388 cardinalibus
1515 1361 1641 1388 matura
1675 1356 1835 1389 delibera-

1081 1406 1179 1447 tione,
1207 1407 1245 1440 de
1267 1409 1458 1441 eorumdem
1486 1410 1622 1442 fratrum
1644 1410 1780 1442 consilio
1806 1416 1836 1443 et

1080 1471 1225 1502 assensu,
1248 1472 1283 1494 ex
1305 1467 1391 1495 certa
1414 1469 1521 1496 nostra
1550 1463 1697 1503 scientia,
1728 1464 1835 1507 deque

1080 1515 1282 1558 Apostolieae
1295 1517 1460 1559 potestatis
1471 1516 1687 1559 plenitudine,
1702 1518 1762 1550 bac
1778 1529 1835 1550 no-

1079 1575 1145 1601 stra
1166 1575 1324 1613 perpetuo
1336 1569 1470 1602 valitura
1486 1571 1733 1610 constitutione,
1758 1571 1830 1604 uni-

1079 1634 1202 1655 versam
1238 1623 1339 1666 ipsius
1371 1624 1597 1666 aquaeductus
1631 1625 1835 1668 fontiumque

1080 1676 1260 1708 custodiam
1282 1682 1310 1709 et
1337 1685 1454 1709 curam
1472 1677 1713 1720 congregationi
1735 1678 1766 1710 S.
1796 1679 1831 1712 H.

1078 1730 1112 1761 E.
1137 1730 1351 1763 cardinalium
1372 1741 1429 1773 pro
1443 1730 1512 1771 viis,
1532 1731 1686 1774 pontibus
1700 1733 1834 1774 etaquis

1078 1784 1231 1816 curandis
1243 1795 1260 1816 a
1273 1784 1366 1816 nobis
1378 1784 1556 1823 institutae,
1572 1796 1630 1828 per
1650 1792 1834 1827 praesentes

1078 1838 1315 1870 committimus
1335 1843 1362 1870 et
1386 1839 1632 1877 deimtmlainus;
1660 1839 1770 1882 eisque
1802 1841 1832 1872 iu

1078 1892 1241 1930 omnibus,
1269 1902 1352 1935 quae
1382 1892 1422 1924 ad
1453 1892 1584 1924 illorum
1619 1894 1833 1926 conservatio-

1077 1956 1151 1978 nem
1166 1951 1192 1978 et
1217 1945 1456 1988 reparationem
1479 1957 1566 1979 nunc
1582 1953 1741 1990 spectant,
1756 1954 1783 1980 et
1802 1948 1832 1980 in

1077 2000 1224 2031 futurum
1250 1999 1492 2042 quomodolibet
1529 2000 1735 2043 spectabunt,
1764 2002 1831 2044 ple-

1075 2053 1199 2085 nariam
1219 2058 1249 2085 et
1265 2052 1486 2086 ‹innuimodam
1522 2058 1712 2097 potestatem
1735 2060 1833 2098 atque

1075 2107 1301 2139 auctoritatem
1337 2106 1531 2146 tribuimus;
1568 2118 1694 2141 necnon
1727 2109 1766 2141 de
1802 2115 1833 2142 et

1075 2171 1174 2203 snper
1204 2160 1402 2204 praemissis,
1430 2166 1461 2193 et
1494 2171 1606 2193 eorum
1645 2163 1829 2203 occasione,

1076 2214 1158 2247 inter
1194 2220 1224 2247 et
1254 2220 1366 2247 eontra
1401 2225 1626 2259 quascumque
1661 2227 1828 2260 personas,

1075 2268 1215 2301 cuiusvis
1235 2273 1346 2308 status,
1370 2268 1493 2301 ordinis
1514 2274 1544 2302 et
1565 2270 1769 2311 conditionis,
1794 2283 1830 2305 ac

1075 2328 1138 2354 tam
1160 2322 1380 2355 ecclesiastica
1409 2333 1506 2366 quam
1535 2324 1705 2368 temporali
1727 2325 1831 2367 digni-

1075 2381 1148 2415 tate,
1173 2375 1265 2407 titulo
1287 2380 1318 2407 et
1338 2376 1462 2409 bonore
1488 2377 1661 2419 fulgentes,
1685 2388 1827 2411 suinma-

1074 2429 1131 2469 rie,
1165 2429 1357 2471 simpliciter
1387 2435 1419 2462 et
1448 2429 1487 2462 de
1519 2431 1627 2473 plano,
1665 2442 1829 2474 manuque

1074 2476 1160 2519 regia
1182 2483 1212 2509 et.
1242 2478 1309 2509 sola
1331 2477 1403 2511 faeti
1436 2479 1569 2512 veritate
1590 2479 1746 2524 inspecta,
1775 2491 1828 2513 eo-

1073 2526 1262 2568 gnoscendi,
1291 2526 1323 2558 in
1356 2527 1482 2570 illisque
1510 2529 1720 2571 procedendi,
1749 2529 1830 2561 iudi-

1074 2575 1166 2607 candi
1189 2581 1219 2608 et
1239 2575 1428 2617 definiemli,
1456 2588 1493 2609 ac
1523 2588 1747 2621 quoscunn‘lue
1773 2578 1828 2620 qui

1073 2624 1195 2667 aliquid
1216 2625 1367 2658 adversus
1389 2626 1472 2659 lianc
1492 2632 1635 2659 nostram
1671 2627 1828 2659 eonstitu-

1073 2672 1193 2706 tionem
1228 2675 1473 2717 commiserint,
1508 2676 1643 2715 citandi,
1676 2675 1829 2719 ipsisque,

1858 287 1910 315 An.
1927 288 1955 315 C.
1976 289 2044 317 15⁰0

1885 455 1922 475 l'iu
1938 457 2004 475 ili¹·l.t··
2017 464 2039 476 a*

1857 494 1908 512 qun}
1926 494 2041 507 ιωιικνι-Ηι-

1856 519 1921 542 tione,
1937 525 1982 537 viu*
2003 526 2041 538 πη-

1857 556 1899 568 iain
1924 552 1942 567 et
1969 554 2041 569 rin-tu*

1856 580 1909 598 diam

1865 618 1903 630 eun

1856 644 1912 661 eaidi

1857 680 1902 695 viis,
1939 675 2038 700 panutius

1856 708 1875 725 Ρῑ
1891 712 2039 731 ‚iquiseiirath

1856 738 1886 757 dis
1906 738 2023 757 institutae.

1951 585 2040 601 remittit
