2226 3070
86 322 139 350 An.
156 321 186 349 C.
199 320 266 349 ¹587

283 373 427 406 sentibus
440 383 499 417 pro
514 372 712 405 sufficienter
723 371 881 415 expressis
897 372 1039 404 01111501·-

284 427 323 460 115
332 427 497 466 hahentes,
505 431 568 459 tam
581 425 779 459 coniunctim
788 436 885 467 quam
897 424 1038 462 dix-isim,

284 491 349 515 non
377 481 482 514 solum
503 480 542 513 ad
563 490 676 513 eorum
705 479 823 517 instar,
856 478 910 511 sed
939 489 1040 521 aeque

284 533 506 579 principaliter
523 539 554 566 et
578 532 808 576 parisormiter,
835 531 865 563 in
891 531 1042 563 omnibus

285 594 316 622 et
340 599 398 632 per
417 587 526 621 omnia
546 592 578 619 et
597 585 718 629 absque
739 586 804 618 ulla
830 585 960 628 penitus
980 585 1041 617 dis-

287 641 434 681 t'erentia‚
454 639 589 684 perinde
609 649 646 672 ac
661 638 685 672 si
708 638 772 671 illis
793 643 950 670 eteorum
973 637 1042 669 eui-

287 695 364 728 libet
383 693 575 737 specialiter,
594 702 742 736 expresse
758 701 794 723 ac
807 690 999 723 nominatim
1014 696 1043 723 et

287 747 438 792 specifice
463 755 615 779 concessa
635 744 781 784 fuissent,
804 744 863 784 uti,
892 743 988 787 potiri
1015 750 1042 776 01

286 800 429 844 gaudere
440 799 542 831 libere
554 803 584 831 et
594 797 682 831 licite
692 798 836 837 valeant,
853 797 1044 829 auctoritate

287 861 318 888 et
330 859 443 887 tenore
455 851 652 896 praemissis,
663 856 822 895 perpetuo
834 850 1045 883 concedimus

288 914 319 941 et
344 906 551 949 indulgemus
567 931 575 945 ‚
596 905 718 948 illaque
739 911 768 937 et
800 904 870 936 illas
905 903 950 936 eis
971 914 1044 946 per-

288 966 387 1005 petuo
408 958 705 997 communicamus3
733 962 762 990 et
783 957 821 989 ad
844 957 946 1000 ipsam
968 966 1046 989 eon-

288 1013 523 1058 gregationem,
535 1012 760 1057 utpraesertur
776 1016 927 1051 erectam,
949 1010 1047 1043 illius-

289 1078 354 1112 que
373 1065 571 1100 monasteria
591 1071 621 1098 et
641 1064 806 1104 eeclesias,
831 1064 994 1108 prioratus
1018 1069 1048 1096 et

291 1121 353 1155 alia
368 1121 452 1161 loca,
474 1130 534 1153 nec
555 1129 621 1153 non
641 1119 826 1162 generalem
844 1123 873 1151 et
890 1118 971 1151 alios
991 1118 1047 1150 ab·

291 1177 393 1215 hales,
408 1174 612 1214 diffinitores,
632 1172 823 1213 visitatores,
838 1177 868 1205 et
883 1172 962 1205 alias
973 1182 1047 1216 per-

292 1239 387 1263 sonas
406 1227 588 1273 praedietas
607 1236 787 1270 eorumque
808 1225 955 1268 singulos
975 1236 1044 1269 per-

293 1289 391 1328 petuo
411 1281 615 1316 extendimus
635 1286 667 1314 et
685 1280 893 1324 ampliamus,
916 1289 953 1314 ac
974 1290 1050 1313 eon-

294 1346 394 1377 eessa,
417 1334 669 1374 communicata,
698 1339 827 1367 extensa
848 1339 879 1367 et
899 1334 1050 1378 ampliata

294 1396 452 1435 perpetuo
472 1399 541 1422 esse
561 1394 592 1422 et
606 1387 744 1428 censeri,
762 1388 873 1431 eisque
893 1393 1050 1421 eteorum

297 1443 431 1477 cuilibet
449 1442 618 1486 suffragari
639 1441 768 1475 debere.

341 1497 357 1541 ἓ
375 1497 431 1530 11.
452 1496 516 1529 Νο0
535 1505 601 1529 non
621 1500 808 1539 praesentes
828 1495 951 1528 litteras
974 1495 1052 1528 vali-

299 1551 355 1585 das
383 1556 415 1584 et
438 1550 585 1584 efficaces
606 1548 741 1583 existere
764 1554 794 1582 et
814 1548 894 1588 fore,
914 1559 1054 1592 suosque

299 1603 462 1650 plenarios
483 1603 618 1637 effeetus
630 1602 739 1636 sortiri
759 1608 790 1635 et
809 1602 974 1643 obtinere3
996 1603 1056 1636 sic-

300 1668 364 1703 que
385 1658 418 1691 in
437 1656 624 1702 praemissis
643 1656 684 1690 ab
700 1656 853 1690 omnibus
869 1656 1007 1695 censeri,
1027 1662 1057 1689 et

301 1712 344 1745 ita
364 1722 423 1755 per
442 1720 667 1754 quoscumque
683 1709 807 1743 iudices
818 1715 847 1743 et
868 1709 1057 1743 commissa—

303 1765 368 1799 rios
387 1770 420 1798 et
439 1774 612 1798 causarum
633 1763 744 1796 Palatii
765 1762 941 1807 Apostoliei
966 1762 1058 1796 audi-

303 1826 401 1859 tores,
431 1828 469 1852 ac
493 1817 525 1852 S.
553 1818 590 1851 R.
614 1818 648 1850 E.
672 1816 870 1857 cardinales,
897 1817 993 1850 etiam
1020 1817 1059 1850 de

303 1874 403 1907 latere
419 1872 554 1915 legatos,
575 1871 701 1904 sublata
721 1870 768 1904 eis
786 1876 816 1903 et
836 1881 950 1904 eorum
967 1870 1060 1903 cuili-

302 1926 357 1960 bet
370 1925 482 1969 quavis
496 1925 590 1958 aliter
603 1923 768 1958 iudicandi
783 1929 813 1957 et
824 1923 1061 1968 interpretandi

305 1980 458 2013 facultate
474 1984 504 2012 et
519 1978 726 2016 auctoritate,
745 1978 868 2022 ubique
884 1977 1020 2011 iudicari
1033 1982 1063 2010 et

304 2032 437 2067 diffiniri
454 2032 589 2071 debere3
607 2042 645 2065 ac
658 2031 788 2065 irritum
803 2037 831 2065 et
845 2031 940 2065 inane
954 2032 1064 2064 decer-

306 2086 426 2127 nimus,
449 2085 474 2119 si
501 2095 594 2119 secus
625 2095 724 2129 super
752 2084 802 2118 his
831 2095 849 2118 a
882 2095 1061 2128 quoquam,

305 2139 417 2185 quavis
436 2138 640 2178 auctoritate,
657 2137 797 2172 scienter
809 2139 858 2172 vel
876 2139 1066 2182 ignoranter

307 2193 480 2237 contigerit
499 2192 662 2226 attentari.

352 2247 368 2290 ἓ
386 2246 441 2280 12.
463 2245 622 2286 Quocirca
641 2245 767 2279 dilectis
783 2245 859 2279 filiis
878 2245 1063 2279 Braearensi

310 2306 341 2335 et
360 2299 596 2343 Portugallensi
615 2298 758 2339 decanis,
780 2309 818 2333 ae
837 2298 1065 2333 Colimbriensi

310 2353 523 2389 ecclesiarum
561 2353 756 2387 scholastico
794 2364 852 2397 per
890 2354 1067 2398 apostolica

311 2408 431 2452 scripta
448 2407 641 2441 mandamus
658 2412 821 2451 quatenus
841 2407 918 2451 ipsi,
938 2408 985 2440 vel
1004 2408 1068 2441 duo

311 2467 368 2496 aut
386 2471 472 2494 unus
492 2471 620 2500 eorum,
656 2471 715 2504 per
745 2471 778 2494 se
803 2461 850 2494 vel
882 2460 981 2494 alium
1012 2471 1068 2493 seu

311 2511 405 2551 alios,
427 2516 613 2555 praesentes
628 2510 753 2544 litteras
766 2515 797 2543 et
811 2510 843 2543 in
858 2510 903 2543 015
920 2516 1070 2544 contenta

313 2570 553 2606 quaecumque,
566 2559 621 2592 ubi
635 2565 663 2592 et
679 2558 809 2602 qnando
824 2569 905 2602 opus
916 2558 1026 2598 suerit,
1040 2564 1071 2591 et

314 2609 440 2654 quoties
454 2608 601 2651 requisiti
613 2608 745 2648 suerint,
762 2607 952 2641 solemniter
965 2607 1072 2652 publi-

315 2664 436 2700 eantes‚
449 2657 568 2692 saciant
579 2657 773 2691 auctoritate
789 2662 900 2691 nostra
911 2657 1069 2701 praemis-

315 2718 350 2743 sa
365 2707 475 2742 omnia
495 2706 671 2741 observari.
688 2706 949 2742 Contradietores
973 2715 1071 2750 quos-

111 1558 223 1581 Clau-uteie
245 1563 284 1586 pro

99 1590 222 1618 praesentis
230 1595 285 1610 con-

100 1622 220 1643 stitutionis
243 1621 284 1642 tlt-

100 1653 180 1675 minate.

137 2305 234 2327 Eiusdem
243 2309 294 2325 exe-

111 2339 199 2358 cutores
235 2336 295 2356 det-i-

111 2370 168 2395 gunt.

951 318 1055 342 sIXTt's
1074 318 1093 341 V
1113 318 1161 341 Pr.

1728 303 1792 338 :309

1082 371 1160 403 libet
1183 376 1211 403 et
1233 369 1370 402 rebelles
1386 374 1414 401 01
1437 367 1621 411 praemissis
1638 377 1701 400 non
1721 377 1836 410 paren-

1084 430 1199 467 tesper
1210 423 1394 462 sententias,
1415 432 1570 455 censuras
1590 427 1617 453 et
1642 431 1762 465 poenas
1786 431 1838 453 00-

1083 476 1277 510 clesiastieas
1298 476 1425 519 aliaque
1442 481 1627 519 opportuna
1648 474 1728 506 iuris
1749 479 1779 506 et
1793 474 1838 506 sa-

1084 530 1125 562 cti
1143 529 1300 569 remedia,
1314 528 1530 573 appellatione
1545 527 1738 571 postposita,
1753 538 1840 560 eom-

1084 583 1266 625 pescendo;
1295 593 1355 615 nec
1386 592 1452 614 non
1482 581 1634 624 legitimis
1665 591 1763 624 super
1792 579 1842 613 liis

1085 636 1242 668 habendis
1253 636 1384 669 servatis
1395 634 1612 679 processibus,
1627 633 1699 667 illos
1712 638 1842 666 senten-

1087 688 1156 728 tias,
1180 699 1333 721 censuras
1345 694 1373 721 01
1388 698 1510 732 poenas
1523 687 1711 721 huiusmodi
1733 687 1843 720 ineur-

1087 743 1164 775 risse
1186 743 1393 782 declarando,
1422 743 1566 775 invocato
1587 741 1681 775 etiam
1703 741 1742 774 ad
1768 741 1843 780 boc,

1087 796 1111 829 si
1132 807 1214 840 opus
1234 796 1343 835 suerit,
1367 795 1484 829 auxilio
1505 795 1630 828 brachii
1656 794 1842 828 saecularis.

1132 850 1146 892 g
1160 849 1213 882 ¹13.
1228 849 1297 882 Non
1311 849 1512 881 obstantibus
1523 849 1714 882 recolendae
1726 859 1847 881 memo-

1089 901 1154 935 riae
1168 902 1322 935 Bonit'acii
1337 903 1438 945 Papae
1454 902 1530 941 t‘llt,
1546 901 1694 934 similiter
1714 901 1848 945 praede-

1090 955 1226 988 cessoris
1235 956 1351 993 nostri,
1365 955 1403 988 de
1416 965 1492 995 una,
1505 961 1535 988 et
1549 955 1677 988 concilii
1689 954 1849 997 generalis

1090 1008 1128 1041 de
1145 1008 1273 1041 duabus
1294 1008 1419 1048 diaetis,
1440 1007 1620 1041 dummodo
1645 1007 1717 1051 quis
1741 1007 1849 1050 vigore

1091 1061 1310 1106 praesentium
1322 1062 1361 1095 ad
1373 1061 1533 1094 iudicium
1547 1062 1633 1094 ultra
1651 1067 1715 1094 tres
1728 1061 1850 1094 diaetas

1091 1126 1155 1149 non
1176 1115 1346 1155 trahatur,
1371 1126 1406 1148 ac
1431 1120 1540 1148 nostra
1565 1115 1728 1147 voluntate
1762 1125 1851 1158 prae-

1091 1169 1188 1209 dicta,
1212 1179 1271 1202 nee
1292 1179 1357 1202 non
1379 1169 1533 1202 omnibus
1548 1179 1630 1211 quae
1648 1167 1753 1201 dictus
1778 1167 1853 1201 Pius

1092 1223 1323 1267 praedecessor
1343 1223 1444 1256 voluit
1464 1233 1530 1255 11011
1551 1223 1693 1262 obstare,
1713 1233 1749 1255 ac
1775 1232 1852 1255 con-

1092 1276 1318 1311 stitutionibus
1349 1288 1406 1311 seu
1438 1276 1702 1310 revocationibus
1730 1282 1759 1309 et
1785 1275 1856 1308 aliis

1092 1331 1280 1375 praemissis
1297 1337 1327 1364 et
1352 1337 1463 1365 nostra
1489 1331 1528 1364 de
1550 1341 1615 1363 non
1639 1329 1857 1363 concedendis

1095 1386 1306 1429 indulgentiis
1321 1385 1360 1418 ad
1374 1385 1473 1418 instar
1497 1389 1527 1417 01
1543 1384 1614 1417 aliis
1632 1383 1853 1417 Cancellariae

1094 1440 1299 1484 Apostolieae
1330 1439 1474 1482 regulis,
1504 1438 1642 1481 aliisque
1669 1437 1857 1481 apostolicis

1096 1505 1153 1528 nec
1175 1504 1241 1527 non
1257 1494 1289 1526 in
1310 1493 1381 1526 aliis
1401 1492 1654 1531 universalibus,
1676 1490 1856 1535 provincia-

1097 1548 1180 1581 libus
1198 1553 1227 1580 et
1248 1546 1456 1592 synodalibus
1477 1545 1624 1579 conciliis
1650 1544 1755 1585 editis,
1783 1555 1855 1588 spe-

1099 1601 1235 1635 cialibus
1255 1601 1303 1634 rel
1324 1600 1544 1644 generalibus,
1568 1597 1857 1632 constitutionibus

1099 1660 1129 1688 et
1142 1653 1414 1689 ordinationilms:
1432 1663 1493 1686 1100
1504 1662 1569 1685 11011
1584 1651 1857 1685 monasteriorum

1101 1715 1131 1743 et
1150 1708 1279 1742 Ordinis
1295 1707 1496 1747 huiusmodi,
1517 1706 1712 1745 iuramento,
1737 1706 1857 1739 confir-

1102 1763 1243 1796 matione
1275 1761 1453 1806 apostolica
1482 1760 1530 1793 vel
1564 1759 1676 1803 quavis
1704 1759 1858 1792 firmitate

1102 1817 1164 1850 alia
1180 1815 1353 1855 roboratis,
1369 1814 1495 1848 statutis
1508 1819 1539 1847 et
1553 1812 1858 1849 consuetudinibus;

1103 1869 1280 1914 privilegiis
1301 1878 1445 1913 quoque,
1462 1866 1596 1900 indultis
1608 1872 1639 1900 et
1652 1866 1769 1899 litteris
1784 1876 1859 1911 apo-

1104 1923 1235 1963 stolicis,
1250 1923 1313 1956 illis
1327 1932 1509 1965 eorumque
1523 1920 1706 1962 abbatibus,
1725 1930 1862 1954 conven-

1107 1978 1202 2018 tibus,
1227 1977 1404 2021 prioribus,
1420 1975 1645 2018 superioribus
1655 1980 1685 2007 et
1701 1973 1860 2018 personis,

1106 2031 1138 2064 in
1158 2040 1277 2074 genere
1297 2030 1346 2063 vel
1364 2029 1397 2062 in
1417 2028 1538 2072 speeie,
1566 2028 1627 2061 sub
1648 2027 1862 2071 quibuscum-

1106 2096 1169 2128 que
1190 2084 1360 2118 tenoribus
1380 2089 1411 2116 et
1431 2082 1555 2123 formis,
1578 2092 1615 2115 ae
1636 2092 1708 2114 cum
1728 2080 1863 2124 quibus-

1107 2139 1152 2171 vis
1178 2137 1330 2172 clausulis
1355 2142 1385 2170 et
1407 2135 1558 2175 decretis,
1581 2135 1677 2169 etiam
1694 2135 1863 2178 derogato-

1108 2192 1230 2225 riarum
1252 2189 1477 2233 derogatoriis,
1498 2188 1594 2223 etiam
1617 2188 1820 2221 irritantibus
1835 2194 1864 2221 et

1108 2245 1179 2278 aliis
1196 2244 1344 2283 decretis,
1366 2243 1462 2277 etiam
1484 2248 1584 2283 motu,
1611 2242 1745 2276 seientia
1771 2247 1803 2275 et
1827 2242 1866 2275 de

1109 2298 1305 2343 apostolicae
1326 2297 1494 2341 potestatis
1518 2296 1722 2341 plenitudine
1750 2295 1865 2329 simili-

1109 2354 1182 2392 bus,
1200 2363 1257 2396 per
1278 2361 1504 2395 quoscumque
1520 2347 1683 2384 Romanos
1695 2349 1867 2384 Pontifices

1111 2407 1377 2451 praedecessores
1394 2411 1535 2445 nostros,
1553 2405 1651 2438 etiam
1664 2410 1755 2438 motu
1768 2404 1865 2438 simili

1112 2466 1141 2494 et
1162 2459 1438 2499 consistorialiter,
1464 2459 1497 2492 in
1525 2458 1726 2492 eontrarium
1741 2484 1748 2498 ,
1770 2457 1865 2491 etiam

1112 2509 1235 2554 pluries
1256 2514 1286 2542 et
1305 2508 1428 2541 iteratis
1447 2508 1572 2542 vicibus
1591 2507 1767 2547 concessis,
1789 2517 1867 2540 con-

1112 2558 1248 2591 firmatis
1266 2563 1296 2591 et
1316 2557 1485 2599 innovatis,
1506 2557 1601 2591 etiam
1623 2557 1699 2591 Mari
1730 2557 1844 2599 Magno
1858 2582 1866 2595 ‚

1113 2607 1204 2640 Bulla
1216 2607 1322 2640 Aurea
1338 2613 1394 2640 aut
1414 2606 1493 2639 alias
1512 2606 1727 2651 nuncupatis;
1750 2605 1868 2649 quibus

1114 2656 1277 2696 omnibus,
1304 2655 1428 2690 etiamsi
1453 2656 1492 2689 de
1513 2655 1576 2689 illis
1593 2664 1774 2698 eorumque
1793 2653 1869 2687 totis

1116 2705 1283 2740 tenoribus
1301 2705 1463 2751 specialis,
1480 2704 1645 2750 specifica,
1667 2713 1814 2750 espressa
1837 2708 1870 2737 et

1854 315 1949 342 111113,
1971 313 2036 341 1587

1905 858 2047 880 obstantibu-

1867 893 1954 917 derogat
