2226 3070
75 253 128 282 An.
146 253 166 282 C
194 252 262 282 1589

933 255 1039 282 SIXTUS
1062 255 1092 279 V.
1115 255 1163 279 PP.

276 309 376 341 rimos
395 312 627 351 procuratores
657 312 687 341 et
717 308 858 341 notarios
887 318 968 348 esse,
999 308 1030 340 in

276 371 313 394 ea
326 371 459 404 quoque
476 361 688 393 seminarium
700 372 736 394 ex
755 361 1029 395 conciliiTriden-

276 414 334 447 tini
355 414 486 447 decreto
508 414 702 453 institutum,
729 414 934 458 aliorumque
956 415 1030 447 illu-

276 467 389 500 strium
403 466 546 499 virorum
556 466 631 499 fidei
643 467 951 500 studiosissimorum
965 467 1029 510 pie-

277 520 332 553 tati
361 525 390 552 et
420 520 569 563 religioni
600 530 810 562 summopere
829 520 1028 560 deditorum,

277 584 406 607 necnon
428 573 572 616 episcopi
593 577 624 605 et
644 577 790 616 pastores
815 573 863 605 sui
896 573 939 605 ita
964 574 1031 605 0111-

279 623 545 666 ciosissiinm'u‘m,
561 631 597 658 ut
612 625 691 658 nibil
711 636 866 668 nmquam
889 632 1031 670 praeter—

279 680 436 720 miserint,
454 679 541 722 quod
557 679 594 711 ad
610 679 711 722 ipsius
727 678 870 722 episcopi
885 690 1030 712 commo-

279 733 410 766 ditatem
435 738 466 765 et
481 732 670 774 dignitatem
689 732 870 773 augendam
899 726 1041 771 saceret3‘

278 797 315 819 ac
336 786 457 818 multae
478 796 536 828 per
551 784 717 817 Firmanos
731 781 922 818 donationes
935 785 1031 818 etiam

279 838 486 872 castellorum
516 837 630 881 priscis
657 837 720 870 illis
740 838 944 880 temporibus
964 838 1030 881 epi-

279 902 377 935 scopo
399 891 499 924 factae
520 891 726 934 reperiantur
746 891 841 933 copia
861 891 1032 931 resectam,

278 945 398 988 quibus
419 944 596 988 plurimum
610 955 738 988 semper
757 945 901 977 delatum
922 945 1031 984 suerit,

281 1005 349 1031 turn
365 998 452 1042 quod
466 998 534 1042 ipsa
552 998 660 1031 civitas
674 998 748 1038 situ,
761 999 844 1038 loco,
858 999 949 1031 arte1
966 1009 1035 1031 mu-

278 1052 356 1093 nita,
372 1062 409 1085 ac
420 1051 590 1084 hominum
610 1052 726 1084 robore
739 1056 769 1084 et
781 1051 982 1092 fortitudine,
997 1062 1034 1084 ac

279 1105 398 1149 ingenii
425 1105 574 1138 acumine
609 1111 640 1138 et
664 1105 859 1148 praestantia
879 1105 960 1138 adeo
981 1116 1034 1138 or-

278 1164 352 1192 nata
370 1158 443 1199 suit,
466 1164 501 1191 ut
530 1158 645 1191 ceteris
668 1158 827 1191 Marchiae
853 1157 1035 1191 civitatibus

278 1212 467 1246 huiusmodi
503 1212 653 1246 timorem
690 1212 866 1245 maximum
900 1212 1035 1245 iniicere

278 1266 390 1306 soleat,
411 1266 577 1308 multaque
595 1265 750 1308 obsequia
766 1276 841 1308 erga
861 1265 977 1298 Sedem
994 1265 1034 1297 A-

279 1319 470 1362 postolicam
494 1318 694 1361 praedictam
718 1323 877 1361 perpetuo
898 1318 1034 1362 praesti-

280 1372 366 1412 terit,
389 1377 485 1415 atque
506 1372 648 1415 propriis
668 1371 794 1404 actibus
825 1371 865 1403 ab
897 1371 1035 1414 imperio

279 1425 435 1459 Desiderii
456 1425 745 1468 Longobardorum
768 1425 851 1467 regis
878 1435 910 1458 se
930 1425 1035 1457 vindi-

281 1479 396 1519 carint,
411 1489 510 1522 seque
522 1490 559 1511 ac
571 1490 627 1511 sua
648 1479 757 1511 onmia
775 1478 890 1511 similis
911 1488 1035 1510 memo-

281 1533 347 1565 riae
369 1532 508 1565 Adriano
529 1532 633 1575 Papae
654 1532 677 1571 l,
703 1531 824 1575 pariter
845 1532 1036 1575 praedeces-

281 1586 345 1620 sori
368 1590 490 1626 nostro‚
511 1585 652 1629 Sedique
678 1585 882 1629 Apostolicae
909 1584 1036 1628 praedi-

283 1643 351 1672 ctae
372 1644 487 1682 sponte
508 1638 655 1671 dederint
668 1650 675 1678 ·,
688 1638 822 1682 ipsaque
840 1638 950 1671 civitas
962 1638 1036 1670 fidei

283 1698 380 1721 causa
400 1693 432 1720 et
452 1687 596 1720 sincerae
616 1687 795 1720 devotionis
810 1687 923 1730 gratia,
940 1698 1036 1730 quam

282 1748 395 1781 gerere
423 1736 515 1770 solita
545 1742 591 1769 est
619 1747 693 1779 erga
725 1737 840 1769 Sedem
876 1736 1035 1776 eamdem,

283 1797 355 1820 cum
390 1786 590 1819 Fridericum
626 1785 637 1818 I
665 1796 840 1827 agnoscere
861 1784 1035 1823 noluisset,

282 1836 356 1878 igne
376 1835 442 1867 fere
463 1834 634 1877 absumpta
663 1833 772 1874 fucrit,
795 1834 974 1876 eademque
1000 1835 1038 1867 dc

283 1894 380 1916 causa
400 1888 432 1916 et
451 1882 529 1915 alias
548 1893 644 1925 saepe
665 1883 767 1915 multa
789 1883 905 1915 damna
931 1889 958 1915 (·1
987 1884 1039 1916 de-

284 1932 435 1966 trimenta
455 1932 603 1972 subierit,
626 1938 656 1965 et
682 1933 713 1964 in
735 1942 876 1965 summas
898 1932 1037 1965 1111110111-

285 1986 363 2014 tates
384 1986 415 2013 et
443 1981 642 2013 calamitates
666 1981 795 2024 saepius
820 1981 983 2021 inciderit,
1005 1988 1037 2014 ut

285 2041 318 2063 se
338 2031 378 2063 ab
399 2040 512 2063 eorum
533 2029 713 2070 dominatu,
736 2031 791 2073 qui
813 2030 988 2063 lllarcbiam
1007 2031 1039 2062 111

285 2089 375 2111 suam
397 2079 552 2112 ditionem
582 2084 695 2112 contra
725 2079 840 2112 Sedem
877 2080 1038 2123 Apostoli-

284 2138 354 2160 catn
385 2128 579 2170 redegerint,
605 2128 792 2168 vindicaret,
816 2135 842 2161 et
875 2130 914 2161 ad
938 2129 1038 2172 ipsam

285 2175 400 2209 Sedem
422 2177 557 2220 eiusque
578 2177 751 2220 imperium
784 2177 890 2210 redire
920 2183 1036 2221 posset,

286 2225 383 2257 veluti
405 2226 464 2258 sub
485 2226 629 2268 Eugenio
651 2226 763 2259 eodem
783 2237 820 2259 ac
841 2226 911 2259 aliis
929 2226 1039 2259 l'onti-

287 2273 401 2306 ficibus
421 2274 727 2316 praedecessoribus
746 2275 876 2313 nostris3
893 2281 923 2307 et
940 2275 1040 2307 novis-

287 2323 367 2354 sime
388 2322 419 2354 in
436 2322 725 2355 belloFerrariensi
735 2322 849 2354 similis
864 2323 1040 2355 memoriae

288 2371 406 2403 lulioll
429 2377 460 2403 et
480 2377 590 2414 postea
618 2371 775 2403 Clementi
790 2371 851 2409 Vll,
874 2371 1039 2404 Pontifici-

286 2421 348 2453 bus
360 2420 518 2460 maximis,
535 2421 655 2463 pariter
667 2420 970 2463 praedecessoribus
983 2432 1040 2454 no-

287 2470 372 2510 stris,
402 2475 529 2512 praesto
551 2469 680 2502 fuerint.
705 2470 972 2502 Monasteriorum
995 2470 1042 2502 in-

287 2528 386 2561 super
404 2524 467 2550 tam
484 2518 628 2550 virorum
649 2529 746 2562 quam
769 2518 942 2551 mulierum
963 2529 1042 2562 opu-

288 2566 554 2607 lentissimorum,
569 2577 672 2609 aeque
684 2572 780 2610 atque
796 2567 829 2599 in
849 2567 960 2610 quavis
980 2567 1041 2600 alia

326 2641 349 2667 1.
366 2638 448 2667 Cher.
465 2647 528 2666 arce
542 2639 582 2672 (a.
597 2638 647 2672 r.).

1716 248 1775 281 101

1074 308 1213 349 civitate,
1230 308 1466 352 parochialium
1485 314 1654 352 praeterea
1674 310 1826 344 ecclesia-

1075 373 1158 403 rum,
1181 374 1218 395 ac
1239 362 1540 395 confraternitatum
1563 368 1594 395 et
1618 362 1826 406 hospitalium

1073 416 1392 459 quamplurimorum
1415 415 1597 459 frequentia
1618 417 1827 449 commenda-

1073 469 1183 509 bilem,
1199 469 1370 502 dioecesim
1389 469 1529 512 denique
1542 469 1724 501 Firmanam
1737 481 1828 513 prae-

1073 521 1191 554 dictam
1213 522 1256 554 ita
1276 523 1464 565 opulentam
1486 528 1518 555 et
1537 523 1678 566 amplam
1705 528 1825 563 extare,

1074 579 1107 606 ut
1127 575 1231 607 maior
1251 575 1282 607 in
1304 575 1387 608 dicta
1408 575 1573 619 provincia
1598 586 1662 608 non
1685 576 1827 619 reperia-

1075 633 1138 667 tur,
1154 628 1221 669 agri
1234 629 1379 661 ubertate
1392 629 1634 670 fertilissimam,
1650 630 1826 670 frumento,

1078 680 1162 720 vino,
1182 682 1253 713 oleo
1274 687 1305 714 et
1325 682 1483 725 frugibus,
1510 693 1583 715 cum
1604 683 1670 716 suis
1690 683 1828 725 generis,

1074 734 1122 766 vel
1144 734 1241 766 etiam
1272 735 1335 768 sale
1356 742 1386 768 et
1416 737 1513 769 rebus
1541 737 1692 769 omnibus
1717 737 1757 769 ad
1785 737 1828 769 vi-

1076 792 1163 819 ctum
1185 789 1374 821 necessariis
1395 790 1475 822 adeo
1496 790 1718 823 abundantem
1746 801 1827 831 esse,

1076 845 1111 872 ut
1131 850 1195 872 non
1221 841 1326 873 solum
1348 842 1461 874 ceteris
1489 843 1672 885 provinciae
1694 843 1829 876 civitati-

1075 893 1135 926 bus
1156 895 1377 936 suppeditare,
1400 895 1454 927 sed
1475 895 1513 928 ad
1534 895 1703 935 Dalmatas,
1727 897 1829 940 Illyri-

1077 957 1143 986 cos,
1165 947 1301 980 Venetos
1321 958 1358 980 ac
1378 948 1458 980 alios
1478 953 1697 991 transportare
1719 950 1829 989 soleat,

1077 999 1119 1032 ita
1141 1006 1175 1032 ut
1199 1000 1295 1043 plane
1316 1000 1391 1034 huic
1420 1001 1560 1034 dioecesi
1590 1002 1765 1035 deferenda
1792 1003 1832 1035 sit

1077 1053 1249 1086 fertilitatis
1280 1055 1361 1095 laus,
1389 1066 1473 1098 quae
1500 1066 1578 1097 agro
1610 1055 1729 1088 Piceno
1761 1067 1831 1099 pas-

1077 1107 1136 1139 sim
1159 1107 1326 1140 tribuitur.
1358 1108 1490 1141 Necnon
1520 1108 1589 1141 eius
1616 1109 1829 1148 comitatum,

1078 1166 1180 1193 terras
1200 1166 1231 1193 et
1266 1166 1369 1194 castra
1403 1161 1566 1204 sexaginta
1599 1161 1665 1195 fere
1697 1162 1828 1201 habere,

1078 1225 1143 1258 (1110
1180 1214 1311 1256 (1111110111
1355 1215 1512 1248 comitatu
1548 1215 1693 1248 Firmum
1733 1215 1833 1248 finiti-

1078 1278 1167 1300 mum
1189 1278 1225 1300 ac
1246 1268 1374 1300 confine
1396 1267 1502 1300 existit
1519 1268 1633 1301 ceteris
1650 1269 1717 1301 sere
1732 1268 1834 1301 omni-

1078 1321 1138 1353 bus
1159 1320 1339 1353 civitatibus
1366 1322 1470 1354 dietae
1506 1321 1704 1365 provinciae,
1741 1321 1834 1354 cuius

1080 1374 1236 1406 maiorem
1259 1380 1382 1417 partem
1405 1385 1566 1417 occupare
1589 1380 1724 1407 constat.

1124 1428 1139 1471 ἓ
1160 1427 1190 1460 2.
1211 1428 1285 1467 Nos,
1299 1428 1439 1460 aliorum
1462 1429 1684 1461 Romanorum
1702 1427 1833 1461 Pontifi-

1080 1492 1153 1513 cum
1171 1481 1458 1524 praedecessorum
1480 1488 1679 1522 nostrorum,
1702 1481 1758 1526 qui
1778 1493 1832 1515 eo-

1080 1535 1152 1566 dem
1175 1535 1299 1568 honore
1320 1535 1517 1567 decorarunt
1537 1536 1701 1575 ecclesias,
1718 1536 1835 1578 quibus

1080 1588 1170 1628 olim,
1182 1588 1214 1620 in
1236 1588 1417 1621 minoribus
1433 1589 1511 1621 (111111
1531 1588 1697 1621 constituti
1715 1594 1833 1629 essent,

1080 1647 1110 1674 et
1131 1642 1349 1674 cardinalatus
1370 1641 1729 1684 fungerenturhonore,
1745 1653 1836 1686 prae-

1082 1697 1226 1735 fuerunt,
1249 1694 1381 1738 vestigia
1401 1695 1515 1735 secuti,
1538 1695 1577 1727 ad
1599 1695 1686 1728 illam
1712 1696 1836 1728 meritis

1081 1748 1262 1781 honoribus
1281 1748 1463 1791 augendam
1478 1752 1508 1781 et
1519 1748 1772 1791 promovendam
1782 1749 1836 1781 ad—

1082 1802 1182 1841 ducti,
1206 1802 1268 1846 piis
1287 1812 1418 1845 quoque
1438 1801 1733 1845 supplicationibus
1753 1802 1835 1834 dile-

1082 1861 1208 1889 ctorum
1243 1855 1384 1888 filiorum
1415 1855 1658 1888 communitatis
1679 1856 1835 1889 011101111-

1082 1921 1159 1943 num
1181 1910 1326 1943 eiusdem
1348 1909 1485 1942 civitatis
1505 1909 1598 1942 nobis
1615 1909 1834 1952 perdilectum

1082 1964 1183 1997 filium
1197 1964 1365 1997 Caesarem
1378 1963 1582 2003 Ottinellum,
1602 1963 1702 1996 civem
1716 1963 1837 1995 Firma—

1082 2030 1160 2051 num
1190 2018 1226 2051 U.
1259 2020 1282 2051 1.
1314 2019 1366 2059 D„
1389 2029 1503 2050 eorum
1529 2021 1776 2060 procuratorem
1798 2017 1837 2049 ad

1083 2073 1144 2105 boc
1165 2073 1204 2105 ab
1225 2072 1270 2105 eis
1290 2071 1473 2115 specialiter
1495 2070 1720 2110 constitutum,
1740 2071 1835 2103 desu-

1084 2136 1141 2170 per
1161 2125 1320 2168 porrectis
1341 2125 1478 2165 exeitati,
1501 2130 1572 2167 post
1596 2124 1739 2156 habitam
1762 2136 1835 2157 cum

1083 2178 1318 2212 venerabilibus
1338 2179 1492 2210 fratribus
1510 2177 1627 2211 nostris
1655 2178 1837 2221 praedictae

1082 2238 1210 2265 sanctae
1250 2232 1414 2264 Romanae
1454 2232 1614 2264 Ecclesiae
1662 2231 1836 2264 cardinali-

1083 2287 1142 2317 bus
1179 2291 1339 2317 maturam
1383 2284 1650 2317 deliberationem
1665 2312 1672 2325 ,
1704 2285 1743 2317 de
1782 2296 1836 2317 eo-

1084 2346 1155 2367 rum
1183 2334 1318 2366 consilio
1348 2339 1444 2377 atquc
1480 2333 1676 2376 apostolicae
1698 2339 1836 2377 potesta—

1084 2383 1123 2415 tis
1153 2382 1367 2426 plenitudine,
1398 2383 1661 2423 Maceratensem‚
1694 2383 1837 2415 Tolenti-

1085 2442 1171 2470 nam,
1194 2431 1422 2474 Ripanensern,
1439 2432 1551 2464 Montis
1571 2431 1632 2464 Atti
1654 2437 1684 2463 et
1697 2432 1727 2464 S.
1748 2431 1838 2464 Seve-

1085 2480 1147 2512 rini
1170 2480 1201 2512 in
1222 2480 1306 2512 dicta
1326 2480 1490 2523 provincia
1511 2480 1734 2519 consistentes,
1761 2490 1836 2512 nec-

1085 2539 1149 2561 non
1170 2529 1274 2563 dictae
1295 2529 1368 2562 Sedi
1399 2530 1494 2562 etiam
1521 2529 1706 2561 immediate
1732 2528 1839 2560 subie-

1085 2583 1151 2609 ctas
1171 2578 1335 2618 eeclesias,
1356 2588 1535 2621 earumque
1548 2577 1690 2610 civitates
1705 2582 1735 2609 et
1746 2577 1835 2609 dioe-

1085 2638 1184 2667 ceseS‚
1205 2637 1279 2660 cum
1300 2627 1452 2661 omnibus
1464 2632 1494 2661 et
1504 2626 1765 2671 quibuscumque
1781 2637 1836 2660 eo—

1840 258 1893 286 An.
1911 257 1940 286 C.
1959 258 2027 286 1589

1893 1434 1978 1455 Erocuo
1994 1434 2031 1454 die

1847 1468 1895 1485 ctae
1925 1465 2032 1485 ecelesiae

1847 1497 1977 1523 episcopans
1987 1496 2031 1516 Fir-

1847 1534 1922 1548 manae
1932 1529 1951 1547 111
1962 1527 2019 1547 archi

1849 1559 2001 1586 episcopalem.
