2226 3070
182 305 234 333 An.
253 304 281 333 C.
301 306 366 334 ¹588

199 1917 361 1943 Dei-ogationeni

178 1955 260 1976 quoque
281 1950 361 1969 consu-

178 1981 279 2000 iuuenum
307 1988 362 2007 apo—

177 2011 306 2037 stolicarum,
319 2019 361 2039 ‹lu-e

178 2043 296 2063 huiusmodi
312 2049 360 2064 ron<

178 2074 313 2094 cessionibus
322 2075 359 2095 ob-

178 2107 235 2125 nare
247 2109 344 2131 possentv

426 295 491 330 3⁶28
986 306 1165 330 immanium
1187 305 1337 330 Romanum
1938 307 1990 334 An.
2008 306 2036 334 C.
2052 307 2101 335 158
2113 307 2129 335 8

380 358 568 391 reddituum
580 365 610 392 et
621 365 837 403 proventuum
857 358 1087 391 reservationes
1101 362 1131 390 et

379 411 610 455 assignationes
630 424 754 446 cassare
776 412 905 455 penitus
922 418 949 444 et
965 412 1131 455 extingue-

380 476 425 505 re,
444 478 481 499 ac
502 466 630 499 illarum
652 473 679 499 et
704 467 834 498 illorum
857 467 928 498 loeo
948 466 1057 503 etiam,
1074 478 1130 498 seu

378 519 457 552 alias
477 525 618 552 cassatae
636 530 690 552 seu
710 525 907 551 cassatarum
921 519 1131 563 similcspen-

379 571 498 611 siones,
510 583 547 605 ac
558 573 685 604 eosdem
700 572 833 608 fructus,
850 572 994 605 redditus
1010 578 1042 604 et
1056 584 1130 616 pro-

379 631 504 664 ventus,
531 636 669 667 quorum
693 625 925 657 reservationes
945 631 971 657 ct
996 626 1132 668 assigna-

381 678 482 710 tiones
514 677 558 710 sic
593 684 733 711 cassatae
768 684 797 711 et
836 679 993 712 extinctae.
1028 680 1133 712 l'orent

379 742 452 763 cum
475 732 625 765 omnibus
646 738 676 765 et
700 732 835 775 singulis
864 732 1014 770 indultis,
1043 735 1131 767 clau-

377 784 473 821 sulis,
501 785 751 828 obligationibus
774 792 805 819 et
835 787 987 823 decretis,
1015 787 1133 831 quibus

377 838 468 880 prius
488 845 668 872 reservatae
689 845 719 873 et
739 840 916 882 assignatae
937 847 1039 881 crant7
1054 842 1132 874 alias

376 891 463 924 iuxta
484 891 613 925 illarum
640 899 670 925 et
698 893 827 927 illorum
855 895 1129 933 reservatimuun,

376 945 656 987 constitutionum,
670 948 918 981 concessionum
940 955 967 981 et
991 950 1132 992 assigna-

378 998 502 1032 tionum
524 1001 660 1033 sormam
682 1007 712 1035 et
740 1007 907 1039 tenorem,
937 1003 1032 1035 etiam
1059 1003 1131 1036 abs-

375 1064 439 1095 que
473 1064 632 1087 consensu
668 1055 769 1088 dictas
803 1056 975 1099 pensiones
1009 1057 1132 1090 solvere,

376 1106 579 1147 debentium,
595 1119 632 1140 ac
662 1109 873 1142 ecclesiarum
895 1109 1130 1143 cathedralium

376 1165 408 1191 et
444 1161 772 1204 nietropolitanarum
804 1168 834 1195 et
864 1163 1130 1205 patriarchalium

375 1213 613 1257 praedictarum
661 1217 848 1258 praesulum
888 1228 947 1260 pro
987 1223 1131 1260 tempore

376 1266 593 1305 existentium,
615 1280 673 1302 uec
699 1280 763 1302 non
791 1271 987 1303 monasteria
1004 1270 1131 1314 aliaque

376 1321 533 1354 beneticia
553 1323 732 1365 praedicta⁷
765 1334 864 1367 super
887 1335 1028 1368 quorum
1064 1326 1131 1357 l'ru-

376 1373 492 1414 etibns,
527 1376 706 1409 redditibus
727 1383 757 1410 et
778 1378 990 1420 proventibus
1027 1378 1131 1412 dictae

377 1428 547 1471 pensiones
567 1435 596 1463 et
618 1441 758 1473 quorum
792 1432 916 1465 fructus
930 1458 937 1471 ‚
966 1432 1131 1473 redditus,

375 1487 402 1514 et
426 1488 601 1525 proventus
622 1484 807 1517 huiusmodi
836 1485 880 1518 sic
901 1493 1082 1520 reservatae
1103 1493 1133 1520 et.

323 1557 328 1565 ,
374 1535 523 1579 assignati
542 1537 647 1570 forent
668 1537 699 1570 in
725 1538 856 1572 titulum
884 1540 931 1572 vel
962 1551 1130 1574 commen-

375 1589 463 1629 dam,
481 1596 536 1622 aut
557 1590 634 1623 alias
646 1592 894 1634 quomodolibet
906 1604 964 1636 pro
985 1599 1131 1638 tempore

375 1643 605 1685 obtinentium,
637 1646 842 1690 aliorumque
880 1647 1020 1691 desuper
1053 1660 1132 1692 quo-

375 1708 515 1741 cumque
536 1698 606 1731 iure
627 1698 781 1733 interesse
802 1700 1005 1742 habentium,
1021 1702 1132 1736 liuius-

376 1750 461 1782 modi
483 1751 609 1784 clericis
627 1752 712 1785 dicta
732 1754 923 1787 auctoritate
954 1766 1128 1793 reservare,

376 1804 575 1837 constituere
596 1817 633 1838 ac
660 1807 841 1839 concedere
858 1814 886 1840 et
907 1808 1070 1851 assignare
1092 1810 1130 1842 li-

376 1857 452 1890 bere
474 1863 504 1891 et
524 1859 612 1892 licite
634 1866 765 1903 possent
790 1867 821 1894 et.
850 1862 1002 1895 valerent.
1035 1863 1130 1895 Prae-

378 1916 465 1943 terea
485 1912 580 1945 etiam
608 1913 752 1946 eiusdem
781 1915 896 1947 mentis
923 1920 951 1947 et
979 1916 1131 1949 intentio-

377 1964 425 1996 nis
447 1971 574 1998 nostrae
593 1967 689 2000 fuisse
711 1973 741 2000 et
766 1979 846 2008 esse,
877 1969 1079 2011 delegavisse
1101 1976 1129 2002 ct

377 2018 533 2061 derogare
559 2020 631 2063 piac
666 2022 841 2055 memoriae
872 2022 916 2054 Pii
942 2022 1045 2066 Papae
1082 2024 1129 2061 lv,

376 2072 470 2105 etiam
489 2074 587 2106 nostri
610 2075 879 2118 praedecessoris,
905 2082 1016 2109 contra
1038 2088 1131 2120 prae-

376 2126 456 2158 latos
477 2132 505 2159 et
527 2127 605 2160 alias
631 2139 785 2171 personas
804 2129 835 2161 in
853 2141 966 2163 eorum
988 2131 1133 2163 ecclesiis

375 2190 431 2211 seu
458 2181 624 2215 beneficiis
654 2194 719 2215 non
751 2183 946 2224 residentes,
980 2190 1010 2217 et
1046 2191 1131 2217 extra

376 2243 488 2265 eorum
513 2235 717 2268 residentiam
735 2248 794 2279 pro
811 2243 955 2280 tempore
970 2238 1131 2271 deceden-

377 2292 434 2326 tes,
454 2292 483 2319 et
502 2299 786 2333 quorumcumque
806 2291 944 2323 aliorum
970 2292 1132 2325 Romano-

376 2350 447 2372 rum
470 2341 664 2374 Pontificum
692 2344 980 2386 praedecessorum
1008 2351 1134 2378 nostro-

376 2404 448 2425 rum
470 2395 623 2428 omnibus
644 2402 674 2428 et
694 2397 829 2440 singulis
847 2398 1034 2442 apostolicis
1059 2410 1134 2432 eon-

376 2447 601 2481 stitutionibus
622 2456 652 2481 et
679 2451 949 2491 ordinationibus,
979 2463 1036 2484 nec
1068 2463 1132 2485 non

375 2496 414 2528 de
436 2498 629 2540 praestando
664 2510 820 2532 consensu
852 2501 882 2533 in
909 2501 1130 2544 pensionilnis,

376 2546 512 2591 aliisque
531 2547 748 2581 Cancellai·iae
767 2550 967 2593 Apostolicae
1000 2551 1130 2593 regulis,

375 2596 472 2628 etiam
495 2596 588 2629 editis
607 2603 637 2629 et
657 2597 802 2637 edendis,
826 2605 938 2631 ‹ono-a
970 2599 1132 2642 praedicta

375 2646 421 2677 vel
436 2656 548 2678 eorum
567 2645 678 2689 aliqua
695 2647 898 2688 facientibus,
913 2649 1041 2691 aliaque
1054 2660 1132 2681 non-

374 2694 463 2726 nulla
486 2695 690 2735 indulsimus,
717 2696 961 2733 ‹li.=cl:u·:u·iniusv
985 2698 1130 2729 extendi-

1174 369 1244 390 mus
1274 363 1304 390 et
1328 359 1563 402 ampliavimus,
1594 371 1631 391 ac
1663 360 1835 395 novissime
1870 372 1928 405 per

1173 411 1313 454 reliquas
1333 417 1456 444 nostras
1477 412 1598 445 litteras
1618 413 1680 445 alia
1695 414 1858 457 sexaginta
1878 416 1926 448 ot-

1173 464 1245 497 licia
1276 465 1415 498 militum
1451 466 1707 499 Lauretanorum
1742 466 1928 501 huiusmodi
1973 482 2134 503 insana-1101-

1174 524 1330 561 perpetuo
1352 520 1513 552 ereximus
1538 525 1569 552 et
1590 520 1800 561 instituimus,
1827 521 1931 554 dicto·
1946 514 2132 566 {³12³¹[‚‘⁸1'‚23¹5„⁵,{,¹.¹}‘„‡

1174 583 1238 615 que
1260 573 1399 616 collegio
1420 574 1685 617 aggregavimus;
1707 575 1761 608 secl
1783 581 1815 608 et
1831 575 1933 608 facul-

1173 629 1271 658 tatem
1294 626 1508 660 transferendi
1534 627 1706 670 pensiones
1725 638 1782 660 seu
1808 628 1933 660 fructus

1174 678 1233 710 sibi
1256 686 1433 713 reservatos
1451 680 1624 724 praedietis
1648 681 1806 714 militibus
1836 682 1932 714 cleri-

1174 733 1231 769 cis,
1254 740 1286 765 ut
1309 734 1502 777 praefertur,
1535 745 1734 775 concessam,
1767 735 1862 768 etiam
1894 735 1931 768 ad

1175 786 1293 819 milites
1314 788 1413 821 laicos
1433 789 1481 821 vel
1509 788 1644 822 clericos
1673 794 1704 821 et
1730 788 1932 832 coniugatos‚

1175 845 1206 871 et.
1222 851 1286 883 quo
1307 841 1345 873 ad
1367 842 1498 885 praedia
1518 853 1573 875 seu
1599 843 1685 875 bona
1706 843 1777 875 loeo
1804 842 1932 886 pensio-

1175 904 1252 926 num
1289 895 1448 937 assignata
1479 895 1692 929 extendimus.
1725 897 1769 929 Ac
1804 901 1932 940 tempus

1179 947 1324 986 triennii,
1348 947 1429 981 intra
1450 949 1536 991 quod
1560 949 1664 982 officia
1685 949 1823 982 militum
1845 960 1933 993 prae-

1175 1000 1335 1033 dictorum
1362 1012 1420 1045 per
1451 1001 1573 1034 obitum
1607 1013 1718 1035 vacare
1754 1009 1930 1045 nequeant,

1175 1065 1238 1087 non
1260 1067 1276 1087 a
1298 1055 1370 1087 data
1393 1056 1566 1088 erectionis
1587 1056 1689 1099 ipsius
1709 1056 1851 1100 collegii,
1878 1057 1933 1090 sed

1174 1120 1190 1140 a
1211 1108 1261 1141 die
1294 1109 1394 1141 sactae
1421 1109 1540 1152 cuique
1570 1120 1682 1142 eorum
1715 1110 1933 1144 concessionis

1175 1162 1272 1194 ol'tieii
1295 1174 1428 1196 currere
1443 1163 1689 1197 declaravimus.
1709 1164 1844 1197 Demum
1866 1175 1934 1197 eer-

1175 1221 1222 1248 tos
1248 1216 1349 1259 ipsius
1369 1216 1513 1249 Datariae
1530 1217 1675 1250 redditus
1690 1217 1827 1261 collegio
1847 1218 1932 1251 mili-

1175 1275 1241 1302 tum
1264 1269 1449 1303 liuiusinoi‘li
1470 1271 1653 1314 specialiter
1673 1271 1886 1315 obligavimus
1899 1278 1932 1306 et

1174 1323 1419 1365 assignavinuis,
1442 1330 1538 1357 aucto
1560 1325 1687 1357 redditu
1713 1331 1745 1358 et
1765 1326 1838 1359 dote
1872 1337 1931 1369 pro

1176 1381 1240 1408 rata
1260 1376 1422 1409 dictorum
1438 1378 1601 1420 sexaginta
1616 1378 1798 1412 officiorum
1815 1379 1847 1412 in
1861 1379 1931 1412 aliis

1175 1430 1301 1463 duobus
1327 1430 1469 1463 millibus
1494 1437 1522 1464 et
1553 1431 1799 1475 quadringentis
1832 1433 1932 1466 scutis

1174 1483 1301 1523 annuis,
1318 1496 1401 1528 quae
1414 1495 1478 1517 una
1494 1497 1566 1518 cum
1583 1486 1746 1530 prioribus
1766 1492 1839 1520 octo
1861 1487 1932 1520 mil-

1175 1537 1258 1570 libus
1279 1538 1377 1570 scutis
1395 1538 1427 1570 in
1445 1550 1543 1572 unam
1563 1550 1699 1572 massam
1718 1546 1869 1583 congesta
1885 1551 1933 1574 es-

1174 1597 1256 1630 sent,
1280 1597 1377 1635 prout
1407 1591 1439 1624 in
1469 1593 1587 1626 nostris
1618 1593 1758 1637 desuper
1778 1594 1932 1628 confectis

1176 1645 1289 1678 litteris
1310 1646 1405 1679 latius
1423 1647 1620 1680 continetur.

1214 1700 1229 1742 ξ
1250 1698 1281 1732 ⁶2.
1304 1699 1383 1732 Cum
1407 1706 1528 1740 autem,
1561 1701 1644 1733 sicut
1668 1712 1774 1745 nuper
1802 1701 1930 1745 accepi·
1973 1716 2064 1742 Ampliat
2089 1717 2133 1742 pn-

1176 1764 1258 1793 mus,
1285 1759 1351 1796 post
1382 1754 1623 1787 concessionem
1645 1755 1791 1788 omnium
1818 1755 1930 1789 huius·
1945 1748 2046 1773 'flegim''
2068 1750 2135 1768 ‘'²⁸¹''

1945 1778 2028 1799 tei-enai
2047 1780 2134 1804 pensio-

1175 1806 1261 1838 modi
1288 1807 1484 1847 officiorum,
1507 1819 1600 1851 quae,
1613 1814 1647 1840 ut
1668 1809 1860 1851 praefertur,
1881 1809 1930 1841 in-
1945 1815 1984 1829 ¹¹⁸³
2007 1810 2070 1829 ‘'nm“
2095 1809 2131 1828 ‘³-

1175 1859 1294 1899 stituta,
1316 1860 1474 1893 habituris
1495 1861 1787 1902 commumcamus,
1811 1872 1931 1906 eosque
1946 1844 1997 1860 me
2012 1840 2112 1860 'mmm

1175 1913 1349 1956 participes
1365 1914 1535 1953 efticimus,
1550 1914 1757 1948 decernimus
1777 1920 1807 1947 et
1825 1916 1932 1948 decla-

1177 1978 1295 2005 ramus,
1320 1979 1354 1999 ac
1381 1968 1519 2000 ulterius
1539 1968 1667 2001 eosdem
1690 1969 1819 2009 milites,
1843 1980 1879 2002 ae
1900 1969 1930 2002 in

1176 2020 1363 2054 huiusmodi
1385 2021 1500 2054 officiis
1516 2033 1628 2054 eorum
1646 2033 1704 2066 pro
1720 2028 1866 2066 tempore
1884 2024 1932 2055 l'u-

1176 2080 1264 2107 turos
1283 2085 1484 2108 successores
1505 2075 1718 2118 amplioribus
1743 2076 1851 2110 adhue
1884 2077 1931 2109 sa-

1175 2129 1305 2161 roribus
1339 2134 1369 2161 et
1403 2129 1513 2172 gratiis
1547 2135 1791 2172 prosequentes,
1827 2136 1929 2170 motu,

1175 2183 1308 2215 scientia
1329 2196 1365 2215 ac
1387 2183 1553 2226 potestatis
1580 2184 1782 2226 plenitudine
1816 2184 1931 2217 simili-

1176 2237 1245 2277 bus,
1268 2238 1427 2276 volumus,
1447 2248 1483 2270 ac
1499 2237 1543 2270 eis
1564 2243 1723 2281 perpetuo
1748 2238 1864 2270 harum
1885 2248 1933 2270 se-

1176 2290 1222 2323 rie
1247 2291 1469 2331 indulgentiis.
1494 2297 1524 2323 ut
1554 2292 1688 2324 facultas
1718 2291 1930 2324 transferendi

1177 2344 1348 2387 pensiones
1361 2355 1416 2377 scu
1434 2345 1571 2383 fruetus,
1586 2345 1742 2383 redditus,
1755 2350 1932 2388 proventus

1176 2403 1231 2430 aut
1250 2397 1333 2430 bona
1355 2398 1526 2441 praediave
1538 2398 1755 2431 ecelesiastica
1768 2398 1932 2442 praedicta

1177 2462 1289 2484 eorum
1311 2452 1430 2495 cuique
1448 2464 1505 2495 pro
1519 2457 1665 2495 tempore
1679 2453 1856 2493 assignatas
1876 2463 1929 2484 seu

1176 2507 1355 2533 reservatos
1367 2507 1422 2533 aut
1431 2507 1590 2534 reservata
1605 2512 1707 2544 usque
1718 2501 1757 2537 ad
1773 2512 1928 2539 summas,

1176 2550 1370 2592 quantitates
1388 2556 1418 2583 et
1435 2551 1560 2583 valores
1573 2550 1722 2593 superius
1739 2550 1928 2593 descriptos,

1176 2599 1235 2638 eis,
1253 2605 1287 2631 nt.
1305 2601 1499 2642 praelertur,
1522 2599 1600 2632 alias
1615 2610 1671 2642 por
1687 2610 1744 2631 nos
1764 2609 1928 2637 concessa,

1177 2658 1239 2679 uon
1263 2649 1366 2680 solum
1389 2648 1426 2680 ad
1454 2647 1710 2681 trmisserendum
1733 2648 1763 2679 in
1790 2647 1928 2679 favorem

1177 2698 1370 2730 clericorum
1394 2708 1457 2729 non
1477 2698 1738 2738 coniugatormn.
1772 2701 1869 2738 prout
1898 2696 1930 2728 in
