2226 3070
202 234 256 265 An.
274 234 302 265 C.
320 236 388 265 1589

231 1486 308 1506 Paulus
318 1485 334 1505 ll
346 1486 389 1506 offi-

205 1518 294 1538 cialibus
311 1517 389 1543 protit—

205 1549 256 1571 huit,
275 1550 389 1569 remissio-

205 1586 253 1600 nem
275 1585 390 1606 poenarum

205 1612 260 1631 ultra
273 1617 309 1631 sex
325 1611 390 1631 llere>

206 1649 244 1663 nos

234 2026 303 2047 Sinus
319 2025 391 2052 lVap-

209 2058 335 2084 probavit-et
346 2064 393 2083 pro-

208 2095 282 2110 cessus
299 2090 391 2109 circum-

210 2122 252 2141 dari
273 2120 392 2147 prohibuit,

209 2152 326 2178 librumque
342 2157 391 2172 con<

209 2185 284 2203 itemna
292 2182 386 2203 tionibus

210 2217 231 2233 et
258 2214 330 2240 gratiis
353 2216 384 2232 ts·-

209 2245 255 2265 nori
271 2245 339 2264 iussu.

447 222 490 261 74

403 289 497 322 etiam
524 289 556 321 in
576 289 809 332 temporalibus
825 289 1041 326 subditorum,
1065 297 1153 330 pros-

402 353 481 388 pero
502 342 596 375 statui
617 354 653 375 ac
670 343 755 375 bono
768 341 930 384 regimini.
944 341 1039 372 simul
1057 339 1152 372 etiam

401 396 553 430 Gamerae
571 396 771 440 Apostolicae
789 394 1005 433 indemnitati,
1020 393 1152 437 propria

401 450 540 493 quadam
561 456 589 483 et
612 450 768 494 peculiari
795 447 1011 481 sollieitudine
1043 447 1151 490 prori-

402 504 489 537 derc.
511 503 603 542 Quod
623 504 664 536 ita
685 504 816 535 denium
838 503 900 535 Deo
928 502 1051 534 favente
1081 501 1151 533 feli-

402 557 482 590 citer
502 563 691 589 eventurum
720 566 899 599 speramus,
920 555 944 587 si
973 554 1006 595 ii,
1029 554 1085 597 qui
1122 554 1152 586 in

402 611 583 644 civitatibus
594 616 624 642 et
644 609 723 642 locis
743 609 820 642 dicti
837 609 944 642 Status
964 608 1154 652 temporalis

401 663 616 697 Ecclesiastici
643 663 692 695 ius
713 662 836 703 dicunt,
870 663 901 695 in
926 663 1032 695 officio
1053 662 1153 695 couti-

402 724 550 757 neautur‚
576 723 606 749 ct
634 717 835 761 quicumque
867 727 998 758 eorum,
1022 716 1153 760 publica

402 772 508 813 legum
530 776 557 803 et
579 771 825 814 magistratuum
841 776 995 815 potestate
1017 771 1153 804 abuten-

402 824 453 861 do„
474 836 491 856 a
512 830 600 857 recto
622 825 759 858 iustitiae
773 825 900 858 tramite
914 825 1089 865 declinare,
1107 825 1152 857 vel

403 877 505 921 turpis
527 878 609 911 lucri
642 889 750 919 causa,
778 879 930 912 Gamerae
952 878 1153 921 Apostolieae

403 931 471 964 iura
488 932 634 976 improbe
653 933 803 966 fraudare
817 933 1106 977 praesumpserint,
1121 944 1153 965 se

402 985 1155 1030 tandemindivinoiudiciograrissimaspoenas

404 1040 537 1073 daturos
557 1041 747 1084 intelligant.
776 1042 915 1085 Ideoque
945 1040 1066 1074 nemini
1094 1041 1153 1073 mi-

402 1105 474 1126 rum
494 1094 594 1127 rideri
620 1095 715 1127 debet
735 1095 759 1128 si
781 1106 853 1128 cum
881 1094 1039 1138 quotidie,
1064 1094 1154 1127 iusti-

401 1153 495 1189 gante
520 1148 654 1181 luuuani
681 1148 808 1191 generis
832 1149 935 1189 hoste,
968 1149 1155 1181 hominum-

401 1212 464 1246 que
490 1203 609 1235 malitia
633 1203 663 1235 in
693 1203 760 1236 dics
789 1209 1026 1243 succrescente,
1055 1214 1154 1236 novae

403 1256 529 1289 fraudes
559 1263 586 1289 et
627 1258 830 1301 corruptelae
868 1258 1070 1300 detegantur,
1098 1269 1155 1290 uos

402 1320 546 1353 quoque,
557 1311 841 1354 praedeeessorum
854 1317 921 1344 nost
930 1323 1039 1344 rorum
1052 1322 1156 1344 exem-

403 1365 467 1407 plo,
488 1375 569 1396 nora
588 1365 735 1407 cogimur
756 1365 898 1397 subsidia
925 1376 1130 1408 praeparare.

448 1418 462 1461 ξ
484 1417 512 1449 ’1.
538 1418 621 1451 Beue
643 1419 667 1451 si
685 1418 815 1462 quidem
843 1424 871 1451 et
890 1419 1067 1461 prudenter
1089 1418 1157 1450 seli-

405 1471 450 1502 eis
466 1471 700 1504 reeordationis
724 1472 843 1504 Paulus
859 1472 943 1514 Papa
965 1472 1000 1511 ll,
1024 1471 1157 1515 praede-

406 1536 515 1558 eessor
536 1532 657 1567 noster,
680 1526 845 1569 prohibuit
868 1526 1024 1558 interalia
1039 1537 1078 1558 ne
1097 1536 1156 1569 gu-

406 1579 595 1612 bernatores¹
614 1585 642 1612 et
669 1579 868 1623 quicumque
903 1579 1056 1612 oilieiales
1086 1591 1157 1623 pro-

407 1633 598 1674 vinciarum,
622 1633 785 1666 civitatum
796 1640 826 1665 et.
845 1634 993 1666 locorum
1010 1634 1041 1666 S.
1063 1634 1098 1666 R.
1120 1634 1155 1666 E.

406 1687 519 1719 ditioni
566 1687 596 1719 iu
636 1687 870 1731 temporalibus
908 1687 1128 1720 subiectorum
1149 1715 1155 1728 ‚

407 1741 543 1773 mulctas
563 1747 590 1772 et
614 1751 733 1784 poenas
754 1740 959 1785 pecuniarias
984 1741 1158 1782 remittere,

406 1795 527 1827 donare
545 1800 600 1827 aut
620 1795 756 1837 gratiam
769 1795 807 1827 de
821 1795 884 1827 illis
901 1795 1005 1827 facere
1020 1803 1158 1838 possent,

406 1849 489 1881 ultra
521 1860 680 1881 suminam
717 1861 769 1881 sex
799 1849 996 1882 florenorum
1019 1851 1088 1882 auri
1120 1851 1158 1883 de

406 1902 551 1935 Gamera.

451 1957 464 1999 ξ
485 1956 514 1988 9.
539 1956 640 1995 Quam
663 1957 917 2000 prohibitionem
940 1957 1011 2000 pizu-
1034 1968 1157 1990 memo-

409 2009 473 2041 riae
499 2010 603 2043 Sixtus
633 2011 717 2054 Papa
748 2016 894 2054 quartus,
924 2011 1020 2043 etiam
1041 2012 1158 2054 prede-

407 2074 515 2096 cessor
534 2071 656 2105 noster,
679 2076 741 2097 uon
765 2065 861 2097 modo
881 2064 1080 2108 approbavit,
1104 2066 1157 2096 sed

407 2118 502 2150 vetuit
527 2120 618 2151 etiam
657 2129 694 2150 ue
729 2119 759 2151 iu
795 2119 899 2151 causis
920 2118 1155 2158 eriiuinalilms·‚

407 2176 478 2202 aute
495 2171 726 2204 sententiarum
740 2171 968 2215 prolationem,
987 2182 1158 2214 processus

407 2225 601 2257 eirrumdari
637 2225 790 2265 faverent,
828 2226 879 2257 sed
917 2235 1029 2258 causas
1061 2225 1155 2267 ipsas,

408 2284 501 2321 prout
536 2278 654 2311 iustitia
675 2279 836 2319 suaderet,
866 2279 1098 2313 terminarent:
1122 2289 1157 2310 ae

409 2333 567 2365 mandavit
586 2339 619 2364 ut
639 2343 750 2364 omues
766 2333 1019 2376 supplicationes
1038 2332 1068 2364 in
1086 2332 1158 2374 qui-

408 2387 466 2418 hus
487 2397 624 2430 persona
646 2387 848 2429 delinquens,
870 2387 1022 2419 delictum
1054 2386 1157 2428 ipsum

409 2441 438 2467 et
459 2446 562 2478 poena
585 2436 611 2467 ei
629 2436 668 2467 de
690 2436 759 2468 iure
782 2436 952 2478 irroganda
970 2447 1006 2467 ac
1027 2435 1158 2467 demum

408 2484 509 2527 gratia
530 2485 558 2517 ei
580 2495 637 2528 per
666 2485 821 2517 officiales
847 2485 927 2517 sacta
948 2484 1081 2527 exprimi
1104 2485 1159 2516 de-

408 2534 510 2571 beret,
532 2534 564 2565 in
586 2533 668 2566 libro
680 2533 810 2577 speciali
825 2533 987 2575 registrari
1006 2533 1158 2573 facerent,

408 2583 594 2626 librumque
607 2584 711 2627 ipsum
730 2582 760 2614 in
774 2583 835 2614 tine
848 2582 943 2614 officii
958 2593 1015 2624 per
1031 2582 1157 2614 fidelem

408 2633 565 2666 nuncium
586 2631 737 2665 Gamerae
758 2631 960 2676 Apostolieae
982 2631 1156 2664 mitterent.

996 234 1175 259 BULLARIUM
1195 232 1345 258 ROMANUM

1959 232 2012 263 An.
2030 235 2060 265 C.
2078 235 2146 265 1589

1194 286 1237 318 Ac
1255 297 1312 329 pro
1333 286 1508 318 refectione
1521 296 1702 326 murorum,
1718 285 1866 326 fontium,
1879 286 1943 319 via-

1195 350 1267 372 rum
1288 339 1493 382 aliarumque
1518 350 1627 371 rerum
1649 339 1816 380 similium,
1839 351 1895 373 seu
1910 340 1945 373 il-

1195 393 1299 425 larum
1322 393 1577 433 conservatione,
1609 403 1674 425 uon
1700 393 1791 426 aliter
1819 394 1946 427 thesau-

1195 446 1297 479 rarios
1315 447 1467 479 Gamerae
1480 446 1519 479 ad
1540 446 1668 479 illarum
1690 446 1884 480 solutionem
1899 454 1944 480 te-

1196 500 1264 533 neri
1292 501 1405 542 voluit,
1441 500 1500 533 nisi
1520 511 1594 533 vere
1624 500 1793 533 actualiter
1822 500 1854 533 in
1883 501 1945 534 hoc

1196 560 1398 596 erogaretur.

1239 609 1253 652 ἓ
1273 608 1304 641 3.
1329 608 1388 641 Per
1408 608 1503 640 aliam
1524 618 1598 641 vero
1619 618 1709 640 suam
1740 608 1944 641 constitutio·
1988 622 2011 643 Ei
2028 628 2107 649 poenas
2123 622 2147 643 aa

1196 674 1268 696 nem
1290 663 1463 701 mandarit,
1484 667 1518 695 ut
1553 662 1578 695 si
1590 673 1663 696 rere
1684 662 1717 694 in
1736 663 1816 695 tales
1836 673 1948 696 causas
1962 654 2147 706 ζῖξξᾶὲξᾛζζζζε

1196 716 1396 760 expendendi
1437 717 1572 749 facultas
1609 722 1640 749 et
1663 715 1796 748 licentia
1834 727 1851 749 a
1866 716 1947 750 Sede
1963 718 2079 769 {minue
2095 722 2147 743 ¹²¹⁰·

1197 771 1380 814 Apostolica
1407 770 1525 803 tributa
1556 770 1649 810 soret,
1680 770 1711 802 id
1751 776 1859 803 tamen
1890 781 1949 815 per
2034 764 2038 768 ³

1197 835 1312 857 manus
1333 823 1741 866 thesaurariierog-aretum
1769 823 1947 857 inhibendo

1196 889 1236 911 ne
1256 879 1386 911 eaedem
1409 888 1532 921 poenae
1543 888 1580 910 ac
1599 877 1737 910 mulctae
1757 878 1797 910 ad
1816 877 1949 911 alterius

1196 943 1293 976 quam
1307 931 1498 964 thesaurarii
1511 942 1637 969 manus,
1656 931 1752 963 etiam
1769 931 1829 964 sub
1841 932 1949 964 colore

1197 986 1345 1029 depositi,
1366 985 1468 1018 donec
1485 984 1516 1017 iu
1537 984 1721 1027 praedictos
1738 995 1814 1017 usus
1836 995 1950 1027 eroga-

1197 1044 1321 1078 rentur,
1342 1039 1409 1072 ullo
1431 1038 1527 1071 modo
1550 1038 1769 1081 pervenirent.

1241 1094 1255 1136 ξ
1275 1093 1305 1126 4.
1330 1094 1371 1125 Ae
1393 1093 1524 1125 demum
1554 1092 1746 1125 recolendae
1773 1093 1950 1127 memoriae
1988 1099 2041 1137 ,Pius
2058 1099 2087 1137 Ν,
2105 1106 2148 1127 ³11³-

1198 1147 1272 1180 Pius
1291 1147 1375 1190 Papa
1396 1152 1543 1190 quartus,
1562 1151 1672 1179 noster
1687 1145 1796 1179 itidem
1817 1148 1951 1191 praede·
1963 1131 2150 1190 &iffil'issssii'ssfiss

1197 1213 1315 1242 cessor,
1336 1200 1445 1234 statuit.
1462 1200 1548 1243 quod
1559 1210 1671 1233 omnes
1680 1210 1805 1244 poenae
1825 1206 1858 1234 et
1869 1203 1951 1235 mul-
1965 1200 2040 1253 2:¹¹3ssss
2054 1201 2149 1247 ζζξᾞῗ·

1198 1261 1267 1288 ctae
1288 1254 1508 1299 pecuniariae,
1540 1265 1596 1286 seu
1618 1253 1757 1286 cuiusvis
1784 1254 1952 1298 qualitatis
1965 1257 2046 1294 ‚s¹⁰i²¹,¹⁶³
2094 1258 2149 1283 ‘³¹³3‘

1197 1309 1293 1349 bona,
1303 1318 1585 1352 quarumcumque
1595 1318 1807 1351 personarum
1818 1307 1850 1340 in
1860 1319 1952 1352 prae-
1966 1291 2035 1309 '⁰⁵⁵⁸’

1199 1363 1291 1395 dictis
1312 1362 1493 1395 civitatibus
1514 1368 1542 1395 et
1564 1362 1643 1394 locis
1674 1361 1871 1405 degentium,
1893 1362 1951 1396 Ca-

1200 1428 1306 1449 merae
1327 1415 1529 1459 Apostolicae
1550 1415 1703 1459 privative
1719 1416 1825 1458 quoad
1839 1427 1952 1450 omnes

1199 1471 1291 1509 alios,
1309 1470 1405 1503 etiam
1427 1469 1678 1502 communitates
1697 1469 1861 1513 (exceptis
1881 1476 1951 1503 tan-

1200 1531 1266 1557 tum
1289 1524 1327 1556 iis
1348 1524 1460 1567 poeuis
1480 1534 1562 1566 quae
1584 1534 1641 1566 pro
1663 1523 1801 1563 damnis,
1824 1522 1908 1566 agris
1923 1529 1953 1557 et

1201 1578 1342 1623 proediis
1362 1577 1491 1610 rusticis
1502 1576 1598 1609 illatis
1613 1582 1687 1610 sunt
1703 1576 1857 1620 inflictae)
1878 1588 1952 1622 per-

1201 1638 1298 1676 petuo
1335 1632 1457 1674 integre
1477 1631 1656 1674 applicatae
1686 1630 1870 1671 existerent,
1893 1642 1953 1664 nec

1201 1697 1258 1729 per
1278 1686 1358 1717 alios=
1388 1696 1484 1728 quam
1513 1695 1530 1716 a
1551 1683 1684 1716 Gamera
1709 1684 1893 1727 Apostolica
1914 1685 1952 1717 ad

1202 1739 1231 1770 id
1257 1739 1442 1782 specialiter
1470 1739 1639 1781 deputatos
1669 1737 1824 1769 officiales
1849 1738 1954 1780 exige—

1203 1799 1331 1831 rentur;
1354 1793 1392 1824 de
1414 1802 1554 1835 quorum
1585 1791 1734 1823 manibus
1754 1802 1807 1823 eas
1826 1791 1951 1835 recipe-

1202 1848 1282 1879 rent,
1306 1842 1329 1874 si
1352 1841 1405 1885 qui
1424 1841 1518 1873 titulo
1539 1851 1677 1873 oneroso
1694 1846 1749 1872 aut
1770 1839 1810 1872 ob
1826 1840 1952 1883 aliquos

1203 1892 1271 1935 pios
1299 1893 1345 1924 rel
1372 1891 1575 1934 supradictos
1608 1897 1663 1923 aut
1683 1891 1763 1923 alios
1792 1890 1951 1924 eiusmodi

1202 1952 1289 1979 usus,
1313 1942 1384 1973 illas
1404 1940 1593 1972 siliidebere
1613 1941 1874 1983 praetenderent.

1246 1992 1260 2032 ,ξ
1280 1991 1310 2023 5.
1335 1990 1365 2021 ld
1385 1995 1492 2022 autem
1511 1989 1687 2021 declararit
1702 1995 1812 2032 postea
1833 1989 1952 2023 habere

1202 2041 1308 2072 lovum
1327 2039 1422 2071 etiam
1444 2039 1475 2070 in
1502 2038 1656 2077 iisterris,
1681 2038 1794 2071 castris
1810 2043 1839 2070 et
1858 2039 1949 2079 locis,

1200 2100 1282 2132 quae
1304 2099 1367 2120 uon
1388 2088 1446 2130 ipsi
1468 2087 1630 2119 Romanae
1660 2087 1822 2120 Ecclesiae
1840 2088 1953 2121 imme-

1201 2139 1294 2177 diate,
1315 2138 1367 2169 sed
1395 2136 1490 2169 alicui
1527 2136 1753 2169 communitati
1787 2137 1952 2170 civitatum

1203 2188 1419 2231 praefatarum
1442 2185 1588 2218 subditae
1611 2186 1727 2218 forent.

1245 2238 1259 2280 ξ
1279 2239 1309 2269 ὕ.
1334 2236 1508 2268 Novissime
1528 2246 1603 2267 vero
1625 2235 1787 2268 ordinarit
1807 2241 1837 2269 et
1861 2246 1953 2280 prae·
1993 2236 2070 2257 ⁹⁰⁵¹⁰=¹
2090 2237 2136 2257 *Μ
2164 2253 2168 2258 ⁴

1202 2287 1298 2329 cepit,
1311 2292 1340 2317 ut
1365 2285 1517 2318 officiales
1529 2285 1952 2328 praedictidecimatantum
1965 2273 2149 2326 {illidwgiiieur'ff

1202 2334 1386 2368 huiusmodi
1422 2344 1614 2378 poenarum,
1646 2339 1814 2366 aecusator
1843 2339 1950 2367 autem
1965 2332 2148 2382 ξζζζζῦξζζξξξξξ

1201 2390 1314 2428 quarta
1335 2383 1480 2428 partibus
1500 2383 1641 2416 contenti
1663 2382 1781 2424 forent,
1807 2383 1862 2417 sed
1882 2383 1952 2416 illo·
1965 2394 2086 2419 assignavit.

1202 2445 1271 2466 rum
1291 2444 1386 2466 nemo
1407 2433 1485 2465 alias
1506 2444 1603 2476 quam
1621 2433 1660 2465 de
1677 2443 1774 2466 manu
1795 2432 1952 2476 deposita-

1202 2485 1324 2517 riorum
1348 2483 1450 2515 dictae
1471 2482 1623 2515 Gamerae
1643 2483 1710 2516 ullo
1732 2483 1827 2515 modo
1849 2481 1952 2524 exige-

1203 2539 1285 2573 rent,
1309 2537 1405 2576 prout
1431 2531 1461 2563 iu
1491 2532 1642 2575 praefatis
1677 2537 1708 2564 et
1744 2531 1816 2563 aliis
1841 2530 1951 2563 forsan

1202 2582 1486 2626 praedeeessorum
1506 2586 1689 2613 nostrorum
1707 2580 1845 2622 desuper
1858 2578 1951 2612 editis

1203 2630 1484 2664 constitutionibus
1505 2630 1600 2662 latius
1620 2629 1816 2662 continetur.

1993 1996 2016 2017 Et
2036 1996 2150 2017 declararit

1966 2028 1985 2048 id
1994 2029 2075 2048 aei-vari
2087 2028 2150 2048 etiam

1967 2059 1987 2078 in
2011 2059 2063 2078 locis
2089 2057 2149 2079 Sedis

1966 2090 2104 2116 Apostolicae
2115 2091 2150 2110 iin—

1967 2121 2056 2141 mediate
2069 2120 2149 2141 subie—

1966 2153 2012 2172 etis.
