2226 3070
247 281 300 311 An.
317 282 345 311 C.
363 282 430 310 1588

268 1194 292 1214 Et
314 1194 339 1214 ad
361 1199 424 1213 sum-

242 1231 295 1245 mum
315 1224 424 1250 apostola-

241 1259 283 1276 tum
298 1257 425 1281 assumptus,

240 1286 353 1312 collegium
386 1291 424 1312 pro

240 1317 373 1338 scholaribus
400 1322 424 1337 ox

240 1349 326 1369 civitate
348 1347 424 1368 Montis

240 1379 291 1404 ΑΙιΙ,
310 1380 425 1404 indigenis,

241 1411 260 1430 in
277 1411 362 1430 civitate
382 1409 424 1430 Bo-

240 1442 338 1462 noniensi
361 1441 424 1462 insit-

241 1473 288 1493 tuit.

488 272 531 305 46

444 338 571 366 nostrae.
591 333 823 374 Anconitanac,
836 333 966 372 affectu,
981 330 1132 374 pacisque
1147 329 1196 361 in-

444 393 492 419 ter
515 396 569 419 eos
594 387 830 419 conservandae
848 391 877 418 et
898 383 1108 418 stabiliendae
1129 383 1197 415 zelo

444 439 544 479 ducti,
567 438 599 472 in
624 439 709 472 dicta
733 439 871 478 civitate,
903 444 980 470 tunc
1012 436 1144 480 oppido,
1168 440 1198 468 et

444 491 640 535 quibusdam
662 492 811 525 domibus
833 490 871 522 ad
890 490 921 522 id
936 499 1061 532 pernes
1071 489 1196 532 emptiS,

445 545 613 589 publicum
633 543 856 588 gymnasium,
880 543 912 575 in
945 553 1009 586 quo
1047 542 1133 574 illins
1167 548 1198 575 et

444 598 583 631 aliorum
604 597 799 641 oppidorum
825 596 1066 639 praedictorum
1087 596 1198 628 iuven-

446 657 494 684 tus
514 651 664 693 religiose
686 650 889 690 educaretur,
913 660 949 682 ac
977 649 1090 693 primis
1110 649 1196 682 litte-

445 714 556 736 rarum
582 702 777 736 rudimentis
803 703 1006 746 aliarumque
1034 703 1195 736 honarum

444 756 562 789 artium
581 755 759 799 disciplinis
779 756 1007 796 instrueretur,
1030 755 1197 799 assignatis

443 809 539 841 etiam
580 808 736 842 reditibus
771 809 888 842 annuis
935 809 974 841 ad
1012 809 1195 841 mercedem

443 861 544 904 ipsius
564 861 738 894 iuventutis
757 862 961 906 praeceptori
991 867 1022 894 et
1042 861 1097 894 uni
1117 862 1196 905 phy—

442 914 509 947 sico
552 914 821 957 persolvendam,
861 915 978 947 nostris
1015 915 1196 958 sumptibus

442 967 613 1010 magnifice
642 968 786 1001 construi
807 968 1000 1007 curavimus,
1027 979 1064 1000 ac
1092 968 1124 1000 in
1148 967 1196 1000 his

442 1031 602 1054 summam
613 1026 685 1054 octo
701 1021 839 1054 millium
852 1026 1030 1061 scutorum,
1039 1021 1087 1054 vel
1099 1021 1195 1062 circa,

441 1073 654 1117 erogavimus.

484 1128 499 1170 ξ,
524 1127 555 1161 ⁶2.
578 1127 616 1160 Et
635 1127 763 1168 deinde,
789 1127 948 1160 immensa
968 1127 1194 1170 Redemptoris

439 1180 540 1214 nostri
559 1181 757 1224 benignitate
777 1181 817 1213 ad
837 1180 1035 1224 apostolicae
1057 1181 1194 1225 dignita-

439 1234 478 1267 tis
497 1235 660 1277 fastigium
682 1234 793 1274 evecti,
817 1244 856 1267 ne
882 1234 1030 1267 iuventus
1050 1234 1130 1278 ipsa,
1154 1236 1194 1268 ol)

439 1288 484 1321 rei
506 1287 674 1321 familiaris
700 1287 883 1330 angustiam
910 1292 942 1320 et
974 1287 1127 1331 inopiam,
1155 1289 1193 1321 ad

438 1341 553 1374 altiora
595 1340 778 1374 litterarum
817 1340 923 1373 studia
963 1340 1193 1383 progrediendi

438 1393 665 1427 commoditate
686 1393 929 1433 destitueretur,
944 1393 975 1425 in
988 1393 1116 1427 civitate
1132 1394 1192 1427 Bo-

437 1446 597 1487 noniensi,
608 1457 689 1490 quae
707 1446 853 1480 omnium
868 1445 1052 1479 liberalium
1074 1447 1192 1480 artium

437 1500 727 1543 doctrinarumque
766 1498 879 1532 studiis
910 1509 1040 1543 semper
1069 1500 1190 1540 floruit,

438 1557 468 1586 et
488 1552 682 1596 quibusdam
712 1552 858 1592 aedibus,
888 1552 927 1585 de
958 1552 1193 1586 Zambeccariis

437 1606 647 1650 nuncupatis,
670 1616 728 1649 per
745 1605 847 1639 felicis
863 1606 1098 1639 recordationis
1118 1606 1193 1640 Gre-

437 1659 565 1701 gorium
586 1659 704 1702 Papam
718 1658 798 1698 XIII,
821 1658 1105 1702 praedecessorem
1118 1670 1192 1692 nos-

438 1718 536 1752 trum,
559 1712 711 1745 Gamerae
731 1711 935 1755 Apostolicae
955 1711 1113 1755 impensa,
1135 1723 1193 1755 pro

438 1765 576 1808 collegio
614 1765 734 1798 ibidem
766 1765 976 1805 instituendo,
1013 1765 1190 1808 acquisitis,

439 1829 541 1851 unum
562 1818 734 1861 collegium
755 1818 954 1851 scholarium
989 1829 1025 1851 ex
1057 1818 1193 1852 civitatis

438 1872 552 1905 Montis
576 1871 639 1904 Alti
659 1877 688 1904 ct
719 1870 914 1915 oppidorum
951 1871 1192 1915 praedictorum

439 1924 610 1968 indigenis,
642 1934 745 1968 usque
775 1924 814 1956 ad
842 1929 966 1957 certum
998 1929 1075 1957 tunc
1103 1936 1193 1967 prae-

438 1978 595 2022 scriptum
606 1988 744 2011 numeru
751 1988 781 2010 m
794 1977 1029 2020 eligendorum,
1043 1978 1194 2011 duximus

438 2031 630 2073 erigendum
652 2037 682 2064 et
707 2031 953 2064 instituendum.
982 2031 1193 2064 Postmodum

438 2094 526 2124 vero,
542 2084 716 2118 erectionis
736 2089 766 2117 et
778 2083 989 2117 institutionis
1005 2084 1193 2117 huiusmodi

439 2137 574 2180 negocio
595 2137 754 2170 maturius
784 2147 956 2181 perpenso,
985 2137 1079 2170 aedes
1099 2148 1193 2180 prae-

439 2191 541 2223 dictas
561 2191 600 2223 ad
632 2201 728 2224 usum
760 2190 861 2234 ipsius
887 2190 1014 2234 collegii
1049 2190 1194 2223 nondum

439 2243 601 2284 reductas,
624 2254 661 2277 ex
678 2243 774 2276 certis
794 2244 899 2276 causis
911 2244 1089 2276 venundari
1102 2254 1194 2276 man-

440 2296 597 2336 davimus,
620 2297 729 2329 animo
741 2302 769 2330 et
791 2296 971 2330 intentione
991 2296 1113 2330 dictum
1128 2297 1194 2330 col-

441 2350 562 2393 legium
583 2350 616 2382 in
637 2350 699 2383 alio
720 2350 934 2383 commodiori
960 2350 1032 2383 loco
1051 2350 1194 2383 eiusdem

441 2402 576 2437 civitatis
596 2403 810 2436 Bononiensis
830 2403 1024 2436 stabiliendi.
1040 2403 1120 2437 Cum
1141 2414 1196 2436 au-

441 2457 505 2485 tem
538 2451 702 2495 prioratus
733 2452 764 2485 S.
806 2451 935 2484 Antonii
972 2452 1193 2492 Bononiensis,

441 2499 568 2533 Ordinis
580 2500 612 2533 S.
632 2499 814 2542 Augustini,
835 2510 871 2532 ex
892 2510 929 2533 eo
951 2501 1038 2543 quod
1059 2501 1196 2534 dilectus

441 2547 528 2581 filius
545 2547 702 2580 Antonius
723 2547 909 2581 Giaverinus
930 2558 986 2581 sen
1007 2549 1196 2581 Glavcrinus

441 2596 527 2629 illius
537 2596 638 2640 prior,
653 2597 805 2630 eumdem
816 2596 996 2640 prioratum
1009 2608 1105 2640 quem
1119 2604 1196 2630 tunc

441 2655 498 2679 seu
530 2655 636 2688 nuper
665 2644 843 2686 obtinebat,
866 2650 922 2679 aut
951 2645 983 2678 in
1004 2656 1068 2689 quo
1088 2647 1135 2680 vel
1157 2646 1208 2682 ad.

1042 276 1221 302 BULLARIUM
1244 276 1397 300 ROMANUM

1239 338 1339 371 quem
1359 328 1409 361 ius
1433 328 1492 361 sibi
1519 333 1705 371 competere
1722 328 1895 369 asserebat,
1912 329 1992 362 resi-

1239 380 1347 423 gnavit
1367 385 1398 413 et
1418 391 1475 414 seu
1496 381 1559 413 iuri
1582 380 1641 413 sibi
1663 382 1858 424 competenti
1877 381 1993 415 huius-

1223 446 1226 450 ·
1240 433 1327 466 modi
1348 433 1445 466 cessit
1459 433 1491 465 in
1512 433 1662 467 manibus
1678 434 1797 467 nostris
1814 440 1940 478 sponte,
1954 434 1995 468 ad

1240 486 1390 519 effectum
1422 487 1665 529 infrascriptum
1700 491 1731 519 ct
1768 487 1847 520 alias
1878 487 1992 527 libere,

1239 550 1362 583 nosque
1395 539 1645 583 resignationem
1673 544 1704 572 et
1739 550 1795 572 seu
1816 539 1994 572 cessionem

1239 593 1425 626 huiusmodi
1446 593 1598 626 duximus
1611 592 1855 633 admittendam,
1876 603 1933 636 per
1944 603 1994 626 re-

1239 646 1453 689 signationem
1481 646 1628 679 eamdem
1659 646 1745 690 apud
1765 646 1880 680 Sedem
1909 647 1995 690 Apo-

1239 699 1386 733 stolicam
1406 700 1456 732 vel
1481 699 1560 732 alias
1591 705 1679 732 certo
1700 700 1809 739 mod0;
1848 705 1889 740 et,
1912 699 1996 733 sicut

1239 752 1437 796 accepimus,
1466 763 1568 785 unum
1594 752 1624 786 S.
1657 753 1774 786 Mariae
1801 753 1841 786 de
1873 752 1989 793 Strata,

1239 805 1316 838 alias
1336 805 1420 838 della
1439 806 1562 846 strada,
1583 806 1671 849 quod
1690 806 1795 840 bonae
1816 806 1994 839 memoriae

1239 858 1406 901 Philippus
1423 859 1454 892 S.
1469 859 1632 892 Eustachii
1644 859 1803 893 diaconus
1820 859 1994 893 cardinalis

1238 911 1473 945 Vastavillanus
1485 918 1706 956 nuncupatus,
1729 917 1760 945 et
1776 912 1864 946 aliud
1882 912 1913 946 S.
1936 912 1993 944 Mi-

1239 964 1359 997 chaelis
1379 964 1417 998 de
1436 965 1548 998 Castro
1568 964 1751 1006 Britonum,
1773 965 1860 1008 qnod
1880 965 1994 999 similis

1239 1017 1416 1051 memoriae
1440 1017 1620 1050 Alexander
1648 1018 1821 1062 episcopus
1850 1018 1993 1062 Vigleva-

1238 1071 1358 1111 nensis;
1382 1081 1418 1104 ac
1435 1070 1600 1114 reliquum
1619 1072 1827 1112 monasteria,
1844 1072 1994 1106 abbatiae

1237 1129 1436 1168 nuncupata,
1458 1124 1653 1158 Sanctorum
1674 1124 1808 1158 Fabiani
1837 1130 1869 1159 et
1894 1126 1993 1159 Seba-

1237 1177 1343 1217 stiam,
1364 1178 1462 1211 Vallis
1483 1178 1521 1211 de
1542 1178 1671 1219 Lavino,
1701 1178 1732 1212 S.
1755 1178 1919 1212 Benedicti
1945 1179 1993 1213 vel

1236 1231 1368 1264 alterius
1403 1230 1543 1271 Ordinis,
1575 1231 1788 1265 Bononiensis
1821 1232 1991 1273 dioecesis,

1236 1284 1322 1328 quod
1360 1284 1524 1328 quondam
1559 1284 1748 1319 Vincentius
1780 1286 1992 1326 Beccatcllus;

1235 1348 1364 1371 necnon
1398 1338 1563 1382 prioratus
1595 1339 1626 1372 S.
1662 1339 1779 1372 Mariae
1799 1339 1840 1372 de
1862 1339 1992 1383 Angelis

1235 1401 1337 1434 prope
1357 1396 1387 1424 ct
1402 1396 1489 1425 extra
1507 1402 1618 1425 muros
1628 1391 1846 1426 Bononienses
1869 1392 1992 1426 Camal-

1235 1444 1378 1477 dulcnsis
1398 1444 1538 1485 Ordinis,
1553 1455 1650 1488 quem
1669 1446 1835 1489 quondam
1851 1445 1992 1480 Achilles

1235 1497 1440 1538 Torfaninus,
1461 1497 1585 1538 clerici,
1604 1508 1641 1530 ex
1662 1497 1873 1531 concessione
1893 1503 1992 1532 etseu

1235 1551 1476 1594 dispensatione
1497 1551 1678 1595 apostolica
1696 1551 1728 1583 in
1750 1552 1990 1592 commendam,

1235 1604 1312 1636 dum
1326 1605 1481 1645 viverent,
1495 1604 1698 1645 obtinebant,
1719 1605 1919 1638 commendis
1930 1605 1993 1639 hu-

1236 1658 1375 1690 iusmodi
1397 1668 1455 1702 per
1471 1657 1611 1702 Philippi
1637 1657 1809 1691 cardinalis
1830 1659 1917 1701 apud
1936 1658 1993 1692 Se-

1235 1711 1307 1743 dcm
1330 1710 1539 1754 praedictam,
1555 1716 1586 1743 et
1605 1710 1778 1743 Alexandri
1791 1710 1936 1755 episcopi
1955 1722 1992 1745 ac

1235 1763 1407 1803 Vincentii,
1431 1774 1558 1796 necnon
1588 1763 1723 1796 Achillis
1749 1763 1991 1806 praedictorum

1235 1822 1322 1850 extra
1334 1817 1512 1849 Romanam
1533 1816 1665 1850 Curiam
1685 1817 1915 1850 defunctorum
1927 1828 1994 1851 res-

1236 1870 1360 1914 pective
1381 1870 1499 1909 obitus,
1522 1869 1734 1909 cessantibus3
1749 1870 1857 1903 adhuc
1872 1880 1910 1903 eo
1928 1881 1994 1913 quo

1236 1930 1308 1957 ante
1325 1924 1534 1957 commendas
1554 1923 1639 1966 ipsas
1655 1923 1813 1956 vacabant
1833 1923 1942 1964 modo,
1965 1928 1996 1956 et

1236 1987 1300 2010 una
1321 1976 1500 2009 oratorium
1514 1982 1703 2019 nuncupata
1719 1976 1865 2009 eiusdem
1886 1976 1918 2010 S.
1932 1976 1995 2009 An-

1236 2030 1315 2064 tonii
1337 2031 1376 2063 dc
1400 2030 1490 2063 Diola
1510 2040 1567 2063 seu
1586 2029 1690 2070 Diolo,
1711 2040 1808 2073 quam
1825 2029 1922 2063 etiam
1933 2029 1993 2063 bo—

1236 2094 1296 2117 nae
1322 2084 1499 2116 memoriae
1510 2083 1698 2116 Leonardus
1718 2081 1890 2126 episcopus
1909 2083 1995 2116 Hau-

1236 2136 1333 2169 lensis
1359 2146 1395 2169 cx
1420 2136 1519 2169 simili
1556 2135 1810 2180 dispensatione,
1833 2141 1865 2168 et
1893 2136 1995 2168 altera

1238 2190 1385 2232 plebani-a
1406 2189 1502 2222 etiam
1527 2193 1715 2232 nuncupata
1739 2188 1809 2221 sine
1829 2198 1918 2228 cura,
1939 2199 1993 2222 ec-

1237 2243 1352 2276 clesiae
1382 2253 1439 2275 seu
1468 2242 1612 2285 capellae
1636 2241 1669 2274 S.
1695 2241 1824 2274 Ioannis
1854 2241 1994 2285 Evange-

1237 2296 1329 2329 lisiae
1359 2296 1399 2329 de
1423 2294 1563 2335 Pastino,
1590 2294 1670 2327 alias
1701 2294 1740 2327 de
1760 2294 1866 2334 Pasto,
1889 2294 1994 2328 dictae

1237 2349 1415 2389 dioecesis,
1454 2358 1551 2391 quam
1591 2347 1755 2391 quondam
1794 2347 1995 2390 Augustinus

1238 2402 1415 2436 Bondiolus
1444 2401 1544 2445 ipsius
1576 2401 1731 2434 ecclesiae
1763 2411 1820 2434 seu
1850 2400 1994 2444 capellae

1238 2452 1268 2485 S.
1299 2451 1427 2485 loannis
1452 2456 1570 2490 rector,
1595 2450 1750 2494 plebanus
1771 2454 1991 2493 nuncupatus;

1239 2511 1366 2533 necnon
1392 2505 1549 2544 perpetua
1579 2499 1677 2532 etiam
1711 2498 1780 2532 sine
1812 2498 1993 2542 capellania

1239 2549 1297 2581 sub
1323 2549 1354 2583 S.
1378 2548 1483 2581 Lazari
1505 2547 1537 2580 in
1559 2548 1589 2581 S.
1613 2547 1698 2580 Petri
1724 2557 1826 2591 prope
1845 2552 1878 2580 ct
1906 2552 1994 2580 extra

1239 2609 1349 2631 muros
1369 2598 1485 2631 Terrae
1510 2597 1704 2638 Guastallae,
1726 2595 1846 2630 nullius
1866 2595 1994 2630 dioece-

1238 2646 1290 2687 sis,
1305 2646 1490 2691 provinciae
1510 2645 1874 2690 Mediolanensis‚quam
1888 2655 1994 2690 quon-

2009 276 2064 304 An.
2079 275 2107 305 C.
2126 275 2193 304 1588
