2226 3070
842 301 938 325 mnax
959 301 1076 324 neuen.
1633 293 1691 325 661

276 362 313 395 tis
334 362 517 401 attributae,
533 362 637 396 458a.
654 363 763 396 Eidem
785 363 880 396 etiam
904 363 1101 406 indulgentia
1119 363 1293 397 stationum
1313 363 1405 397 Urbis
1426 374 1484 407 pro
1504 365 1655 397 fratribus
1669 375 1743 398 ron-

276 428 374 457 cessa,
399 417 475 449 ibid.
500 417 526 449 b.
551 417 710 450 Nonnulla
731 417 793 450 alia
815 417 945 450 demum
968 416 1136 462 privilegia
1154 417 1193 451 ab
1215 418 1329 451 eodem
1349 418 1505 460 Gregorio
1527 419 1590 451 XIV
1612 419 1739 452 confra-

279 470 378 503 tribus
399 471 527 511 dantur,
552 471 628 503 ibid.

187 533 397 575 Congregatio
418 533 608 566 Fulinensis.
638 533 671 566 V.
695 533 812 566 Mariae
832 533 906 577 (R).

186 595 397 637 Congregatio
418 596 611 629 elericorum
633 596 830 638 regularium
852 596 1098 630 Ministrantium
1125 597 1263 630 Infirmis
1290 597 1558 641 approbationem
1580 608 1656 630 suae
1678 598 1740 630 Ro-

276 649 369 690 gulae
391 661 408 681 a
428 649 583 691 Gregorio
604 650 668 682 XlV
689 649 829 689 obtinet,
853 650 927 688 479,
952 662 982 683 a.
1007 652 1095 683 Hane
1116 651 1399 693 congregationem
1425 651 1528 685 Sixtus
1554 651 1575 682 V
1598 651 1659 684 iam
1688 663 1744 695 ap-

275 703 477 745 probaverat,
503 703 578 735 ibid.
604 704 716 736 Postea
735 714 811 736 vero
833 703 886 736 illa
915 704 1059 745 regulam
1090 704 1149 737 sibi
1180 705 1362 742 constituit,
1397 704 1487 737 cuius
1516 710 1607 737 tenor
1637 704 1742 737 inserit

275 755 448 798 Gregorius
480 757 510 788 in
540 767 597 789 sua
617 756 723 796 bulla,
746 757 822 789 ibid.
855 757 871 789 b
907 768 1007 801 usque
1032 758 1072 791 ad
1092 757 1155 790 482
1180 769 1219 799 a,
1253 769 1389 801 eamque
1418 758 1576 802 approbat
1604 763 1635 791 et
1663 769 1741 791 con-

277 809 404 848 firmat,
430 810 505 842 ibid.
530 810 594 843 Sub
624 811 714 844 Sedis
744 811 945 854 Apostolicae
976 811 1174 854 protectione
1206 811 1349 855 suscipit,
1374 812 1451 844 ibid.
1476 811 1502 844 b.
1528 811 1658 844 Veniam
1692 812 1742 844 dat

276 868 415 907 quatuor
436 869 507 896 rota
528 864 707 901 emittendi,
731 864 876 907 aliosque
897 864 1074 908 reeipiendi
1096 864 1126 896 in
1150 864 1352 906 religionmn,
1377 864 1454 896 ibid.
1479 870 1510 897 et.
1533 864 1597 897 183
1617 876 1654 898 a:
1676 870 1742 897 sta-

277 922 407 960 tutaque
426 917 598 955 condendi,
624 917 700 949 ibid.
726 917 895 959 Privilegia
915 918 1047 962 insuper
1069 917 1262 961 impertitur,
1286 917 1363 951 ibid.
1389 917 1430 955 bx,
1455 917 1537 950 inter
1556 918 1618 950 alia
1638 919 1744 961 quoad

276 969 525 1007 absolutionem,
549 970 680 1003 ordines
698 970 911 1014 recipiendos,
929 971 1202 1015 dispensationem
1217 982 1313 1015 super
1333 971 1460 1004 defectu
1475 970 1641 1010 natalium,
1661 972 1746 1004 loco-

278 1035 348 1056 rum
370 1024 637 1067 acreptationem,
661 1023 726 1056 484
739 1035 758 1056 α
777 1029 807 1057 et
820 1024 845 1057 b.
872 1024 973 1057 Vetita
993 1024 1165 1068 appellatio
1186 1035 1203 1056 a
1224 1024 1435 1062 correctione,
1453 1024 1636 1067 impetratio
1654 1036 1746 1068 prae-

278 1078 455 1110 latnrarum
483 1084 511 1110 et
541 1077 699 1110 confessio
729 1077 819 1110 alteri
852 1088 948 1121 quam
979 1078 1154 1121 praesecto,
1178 1077 1241 1110 485)
1261 1089 1291 1110 a.
1316 1078 1364 1110 Ad
1385 1077 1464 1110 alios
1484 1078 1617 1110 Ordines
1638 1078 1744 1111 clerici

279 1131 463 1164 huiusmodi
488 1131 622 1163 transire
644 1136 820 1174 nequeunt,
844 1130 908 1163 485
928 1131 953 1163 b.
978 1132 1150 1174 Apostatae
1171 1136 1372 1169 coercentur,
1401 1130 1478 1163 ibid.
1502 1130 1586 1163 Laici
1613 1137 1747 1174 possunt

278 1184 376 1228 recipi
398 1184 429 1217 in
451 1184 535 1217 dieta
555 1184 820 1226 Congregassone,
845 1184 921 1216 ibid.
945 1184 1175 1227 Dispositiones
1197 1195 1254 1227 pro
1273 1184 1387 1216 divinis
1408 1184 1532 1223 officiis,
1554 1194 1612 1227 pro
1634 1195 1742 1216 exem-

278 1238 387 1282 ptione
405 1238 444 1271 ab
465 1237 652 1277 Ordinariis,
676 1238 761 1270 salva
782 1237 993 1281 dispositione
1013 1238 1146 1271 Concilii
1166 1230 1355 1277 Tridentini,
1374 1238 1449 1270 ibid.
1475 1243 1503 1271 et
1522 1237 1586 1270 486
1607 1248 1637 1270 a.
1655 1239 1746 1271 Gom-

278 1291 484 1324 municantur
504 1291 672 1334 privilegia
693 1290 831 1324 aliorum
852 1291 1008 1324 Ordinum
1031 1297 1058 1324 et
1079 1291 1308 1333 indulgentiae,
1333 1291 1410 1324 ibid.
1436 1297 1466 1324 ct
1486 1291 1511 1324 b.
1528 1291 1745 1335 Exequutores

278 1345 484 1388 deputantur,
505 1343 568 1377 487
590 1355 608 1376 α
629 1349 659 1377 et
676 1344 702 1377 b.

188 1407 400 1450 Congi'egatio
421 1407 552 1441 Concilii
575 1408 758 1440 facultatem
780 1408 903 1440 obtinet
934 1408 1120 1441 absolvendi
1142 1414 1308 1452 promotos
1337 1408 1376 1441 ad
1394 1419 1502 1441 sacros
1523 1407 1652 1441 ordines
1672 1419 1744 1441 cum

277 1461 467 1494 dimissoriis
498 1461 637 1494 obtentis
668 1472 684 1493 a
716 1472 780 1494 non
810 1461 1004 1494 habentibus
1034 1462 1245 1495 sufficientem
1276 1461 1522 1499 auctoritatem,
1551 1461 1609 1494 :Jttl
1635 1461 1688 1500 b.;
1716 1467 1747 1495 et

277 1515 483 1548 condonandi
503 1516 623 1548 fructus
644 1521 813 1559 perceptos
834 1526 870 1548 ex
891 1516 1056 1549 benefieiis
1077 1515 1300 1549 ecclesiasticis
1318 1521 1427 1559 postea
1451 1514 1642 1559 assequutis,
1664 1515 1742 1548 ibid.

181 1576 400 1619 'Congregatio
421 1577 450 1610 S.
472 1577 507 1610 R.
529 1577 562 1609 E.
587 1576 802 1610 Cardinalium
824 1588 920 1621 super
940 1577 1050 1619 gratiis
1079 1583 1108 1610 et
1137 1577 1381 1610 remissionilms
1409 1577 1615 1609 bannitorum
1642 1576 1746 1610 Status

278 1630 489 1664 Ecclesiastici
511 1637 647 1668 creatur,
672 1630 735 1663 oet}
757 1632 784 1664 b.
810 1631 883 1664 Eius
905 1631 1069 1664 facultates
1090 1642 1186 1675 super
1206 1630 1356 1669 bannitis,
1372 1641 1550 1674 eorumque
1568 1630 1746 1663 fautoribus

278 1689 309 1717 et
328 1684 552 1727 complicibus,
573 1684 636 1716 6:³7
658 1684 683 1717 b.
708 1685 803 1718 Casus
823 1685 932 1729 plures
953 1691 1185 1718 enumerantur
1205 1684 1432 1718 concedendae
1458 1684 1569 1717 reniae
1599 1684 1742 1717 scelesti-

244 1772 249 1778 ,
278 1738 336 1771 bus
356 1737 540 1771 huiusmodi
561 1737 757 1777 bominibus,
781 1738 844 1771 4328
866 1750 895 1772 a.
920 1738 1054 1771 Omnem
1078 1738 1227 1771 infamiae
1249 1738 1408 1771 maculam
1426 1749 1443 1770 a
1460 1748 1534 1770 vere
1555 1737 1747 1781 poenitenti-

278 1792 337 1824 bus
357 1792 484 1824 auferre
504 1797 617 1834 potest,
643 1791 720 1824 ibid.
744 1791 770 1824 b.
792 1791 923 1825 Gratiati
945 1792 984 1825 ab
1006 1792 1050 1825 eis
1068 1798 1199 1825 caveant
1220 1792 1257 1825 de
1278 1802 1310 1825 se
1331 1792 1614 1835 repraesentando,
1630 1796 1664 1824 et
1686 1802 1746 1835 pro

277 1844 322 1878 eis
353 1844 582 1886 consanguinei
604 1844 699 1877 etiam
721 1850 887 1887 cogantur,
907 1844 971 1877 029
993 1856 1023 1877 a.
1052 1845 1179 1878 Gratiae
1201 1855 1371 1878 concessae
1392 1844 1509 1878 notarii
1530 1844 1745 1877 instrumento

276 1898 468 1942 probentur,
486 1897 563 1930 ibid.
581 1898 690 1931 Bullae
702 1898 937 1932 confirmantur
955 1898 1163 1942 prohibentes
1176 1899 1354 1932 baronibus
1367 1904 1396 1931 et
1409 1898 1521 1941 legatis
1538 1898 1744 1943 bannitorum

278 1951 493 1991 remissiones,
525 1951 601 1985 ibid.
627 1952 652 1984 b.
677 1952 893 1985 Remissiones
924 1952 1110 1986 huiusmodi
1140 1953 1361 1993 infirmantur,
1385 1964 1502 1997 easque
1533 1953 1746 1985 concedentes

278 2005 390 2050 poenis
411 2006 619 2046 mulctantur,
644 2005 707 2038 630
724 2017 754 2038 α.
784 2006 930 2039 Facultas
950 2006 1028 2039 baec
1049 2008 1088 2039 ad
1110 2006 1276 2039 biennium
1297 2006 1465 2047 limitatur,
1490 2006 1566 2038 ibid.
1593 2007 1620 2038 b.
1644 2006 1745 2039 Abso-

278 2059 352 2092 lutis
372 2069 477 2102 poena
497 2059 645 2092 salutaris
666 2059 863 2102 iniungenda
885 2070 901 2091 a
922 2060 1136 2098 confessariis,
1162 2060 1237 2093 ibid.
1255 2060 1542 2103 Congregationem
1564 2059 1658 2092 etiam
1678 2070 1746 2092 car-

279 2112 433 2146 dinalium
454 2123 514 2156 pro
534 2112 603 2153 viis,
627 2113 778 2156 pontibus
799 2119 826 2146 et
858 2113 949 2157 aquis
970 2114 1119 2147 curandis
1139 2114 1243 2147 Sixtus
1264 2114 1287 2146 V
1308 2114 1444 2147 instituit
1465 2113 1496 2146 in
1513 2113 1608 2151 Urbe,
1630 2113 1693 2146 17⁴.)
1715 2114 1742 2146 b.

188 2174 459 2217 Congregationes
480 2174 643 2217 regulares
654 2174 930 2208 Sanetmnituosii
951 2175 1196 2209 Mediolanensis
1208 2182 1238 2209 et
1257 2176 1364 2209 Sancti
1377 2176 1541 2209 Barnabae
1563 2175 1746 2219 provinciae

279 2228 436 2262 Mareliiae
456 2234 488 2261 et
507 2228 637 2262 Genuae
657 2229 715 2261 sub
736 2229 848 2271 regula
867 2229 973 2262 Sancti
996 2229 1162 2271 Augustini
1193 2241 1225 2263 se
1257 2230 1393 2263 invicem
1421 2228 1604 2269 univerunt,
1628 2229 1691 2262 118
1711 2229 1742 2268 b;

279 2282 432 2315 unionem
462 2282 637 2325 apostolica
658 2283 848 2316 auctoritate
869 2289 979 2328 petunt
1000 2283 1133 2321 firmari,
1158 2283 1234 2316 ibid.
1256 2283 1377 2319 Firmat
1397 2283 1500 2317 Sixtus
1520 2283 1555 2323 V,
1574 2284 1745 2327 denuoque

279 2335 358 2375 unit,
382 2334 459 2368 ibid.
485 2335 511 2368 b.

190 2398 340 2433 Canonici
362 2398 541 2441 regulares,
565 2398 828 2441 Congregationis
848 2399 953 2433 Sancti
986 2400 1176 2440 Salvatoris,
1200 2400 1328 2433 Ordinis
1348 2400 1454 2439 Sancti
1473 2399 1640 2443 Augustini
1662 2399 1745 2433 obti-

278 2458 355 2485 nent.
376 2463 393 2484 a
413 2451 499 2485 Sixto
521 2452 544 2483 V
566 2452 801 2485 restitutionem
816 2453 973 2497 privilegii
987 2453 1031 2486 Pii
1051 2454 1083 2490 V.
1099 2454 1138 2487 ab
1157 2453 1225 2498 ipso
1246 2454 1333 2488 Sixto
1350 2459 1545 2494 revocatum,
1561 2453 1744 2487 celebrandi

280 2505 455 2549 capitulum
485 2506 634 2547 generale
670 2506 796 2548 singulo
828 2517 957 2550 quoque
993 2506 1131 2540 triennio
1162 2507 1224 2541 *119
1250 2519 1291 2543 a:
1326 2507 1574 2552 superioresque
1605 2507 1679 2539 item
1705 2507 1745 2539 ad

282 2558 455 2592 triennium
474 2558 623 2601 eligendi,
645 2559 723 2592 ibid.
747 2559 773 2592 b.
797 2560 939 2593 Diaetam
962 2572 1035 2594 vero
1056 2572 1140 2594 anno
1162 2560 1304 2605 quolibet
1327 2561 1468 2601 tenendi,
1489 2560 1598 2599 lQOa,
1619 2559 1745 2603 aliaque

280 2613 319 2645 ad
341 2611 513 2645 electiones
529 2612 721 2656 pertinentia
742 2614 887 2647 concedit
909 2614 1059 2658 pontifex,
1075 2614 1171 2653 ibid.,·
1190 2614 1368 2658 ultimoque
1386 2614 1536 2659 prohibet
1552 2619 1688 2647 11·;u·1a1-e
1706 2614 1745 2646 de

281 2665 376 2698 huius
392 2665 499 2699 bullae
517 2665 752 2707 immutatione,
777 2667 871 2703 ibid..
894 2668 921 2700 b.

192 2718 440 2753 Constitutiones
457 2718 533 2752 Sixti
551 2719 573 2751 V
588 2730 646 2763 pro
664 2720 905 2753 conservatione
926 2721 1103 2765 pecuniarii
1124 2722 1276 2766 praesidii
1294 2722 1425 2766 triginta
1443 2728 1652 2756 centenorum
1675 2722 1745 2755 mil—
