2226 3070
207 263 260 291 An.
277 262 306 291 C.
326 262 394 291 ¹590

408 306 515 349 suerit,
538 309 586 342 vel
606 307 728 351 aliquid
746 305 858 340 dixerit
881 316 916 338 ex
934 314 998 347 quo
1016 302 1097 335 aliae
1110 311 1158 334 so-

407 374 495 397 rores
516 363 731 396 offendantur.

450 418 482 452 si
496 427 560 461 qua
581 416 736 449 offensam
758 415 797 447 ab
823 412 884 445 alia
907 421 1009 454 passa,
1031 409 1155 443 veniam

408 471 527 517 petenti
549 468 765 512 denegaverit.

451 525 482 559 Si
513 536 576 568 qua
597 522 756 565 officinas*
767 518 953 553 monasterii
976 519 1096 561 absque
1118 516 1156 549 ti-

407 579 511 613 eentia
532 579 673 623 ingressa
693 576 800 609 suerit.

452 632 641 665 Huiusmodi
660 631 774 674 culpae
790 628 995 671 corrigantur
1015 626 1045 658 in
1068 623 1156 668 capi-

408 688 474 719 tulo
496 686 591 719 unica
606 685 631 726 ¹,
651 695 748 727 quam
765 683 938 725 diligenter
972 678 1158 724 praesidens

407 746 458 773 aut
481 739 534 772 iila
550 739 601 771 cui
623 738 690 782 ipsa
715 736 909 780 delegaverit.
931 734 1064 777 infligat.

451 792 635 825 Accusatrix
653 796 820 824 accusatae
837 799 973 833 poenam
996 798 1058 820 non
1079 787 1157 819 intti-

406 853 471 890 gat,
494 856 554 879 nec
574 845 814 888 antiquioribus
835 843 991 877 iuniores.

634 945 679 978 De
703 944 798 987 qravi
820 943 926 986 culpa.

679 1021 752 1055 Car.
775 1020 879 1053 XVIII.

451 1090 560 1124 Gravis
581 1090 676 1134 culpa
697 1095 743 1122 est
762 1088 787 1121 si
804 1099 868 1132 qua
882 1086 1157 1130 deprehensasue-

410 1145 449 1178 rit
470 1144 596 1177 iniuriis
610 1143 703 1177 aliam
718 1142 858 1179 afficere,
877 1141 922 1173 vel
944 1140 974 1172 in
997 1150 1066 1172 eam
1090 1149 1156 1170 ma—

409 1199 523 1232 ledicta
542 1199 590 1231 vel
612 1196 859 1241 imprecationes
879 1200 929 1227 aut
954 1194 1049 1226 verba
1070 1193 1157 1225 inde-

406 1254 510 1287 centia
521 1260 550 1286 et
564 1252 831 1295 minusreligiosa
844 1257 897 1283 aut
916 1249 1069 1282 iracunda
1086 1259 1158 1291 pro-

407 1309 499 1340 serre.

449 1361 559 1404 Siqua
579 1366 745 1404 praeterea
767 1358 968 1402 peieraverit.

449 1415 481 1448 Si
502 1426 538 1448 ex
561 1414 719 1447 industria
740 1412 945 1446 mendacium
966 1411 1092 1444 dixerit.

449 1469 481 1502 Si
518 1468 724 1512 praeteritam
759 1468 887 1510 eulpam
916 1465 1012 1498 alicui
1040 1464 1155 1504 sorori,

405 1533 488 1566 quae
510 1532 568 1566 pro
588 1533 624 1555 ea
646 1521 707 1553 iam
732 1520 896 1559 satisfecit,
916 1519 1157 1563 improperave-

407 1576 457 1616 rit,
478 1581 535 1609 aut
560 1576 605 1608 itti
624 1575 788 1608 naturales
805 1575 952 1607 detectus
968 1579 1023 1606 aut
1041 1584 1157 1617 paren-

406 1636 474 1662 tum
496 1640 630 1662 suorum
652 1627 906 1672 exprobraverit.

450 1683 481 1716 Si
500 1683 626 1726 aliquas
647 1683 759 1726 cuipas
779 1693 853 1715 suas
879 1682 925 1714 vel
946 1681 1081 1714 alterius
1102 1682 1157 1714 de-

406 1737 553 1770 t'enderit.

449 1791 481 1823 Si
502 1802 565 1834 qua
586 1790 750 1823 silentium
776 1790 897 1823 violare
920 1789 1133 1823 consueverit.

449 1844 481 1877 Si
514 1855 578 1887 qua
603 1843 724 1876 ieiunia
749 1843 890 1884 Ordinis,
917 1849 947 1876 et.
974 1843 1159 1886 specialiter

405 1908 488 1942 quae
501 1904 575 1930 sunt
591 1897 630 1930 de
646 1903 820 1941 praecepto
840 1897 1016 1936 Ecclesiae,
1039 1897 1159 1940 absque

406 1962 503 1984 eausa
524 1958 554 1984 et
575 1952 706 1985 licentia
728 1951 868 1993 t'regerit.

449 2005 480 2037 Si
511 2015 575 2049 qua
603 2005 672 2038 sine
701 2004 829 2037 licentia
860 2015 926 2037 rem
948 2003 1080 2036 alterius
1105 2009 1160 2036 aut

406 2065 583 2092 conventus
614 2070 669 2092 seu
699 2057 943 2092 communitatis
982 2057 1156 2101 acceperit,

407 2120 461 2147 aut
482 2115 596 2147 cellam
617 2125 673 2147 seu
692 2114 839 2146 vestitum
858 2123 916 2146 suo
934 2113 1006 2146 usui
1029 2123 1160 2145 eonces-

407 2179 478 2201 sum
500 2169 671 2201 mutaverit
691 2168 738 2201 vel
760 2166 1002 2211 permutaverit.

451 2223 482 2255 Si
499 2233 562 2265 qua
574 2223 668 2255 etiam
682 2221 923 2255 dormiendivel
935 2221 998 2254 alio
1014 2226 1160 2263 tempore

407 2276 520 2308 cellam
542 2276 676 2309 alterius
691 2276 811 2319 absque
832 2275 961 2308 lieentia
981 2280 1033 2307 aut
1057 2274 1159 2307 mani-

408 2329 487 2361 festa
507 2329 694 2362 necessitate
709 2329 921 2371 ingrediatur.

452 2382 484 2415 Si
518 2382 627 2425 aliqua
666 2383 752 2425 apud
792 2388 922 2415 tornum
952 2382 998 2414 vel
1034 2381 1159 2414 locuto-

408 2435 494 2468 rium
516 2442 571 2468 aut
589 2446 662 2468 eum
685 2436 792 2468 locum
815 2436 846 2467 in
867 2445 932 2478 quo
952 2435 1074 2467 suerint
1093 2446 1160 2467 sae—

410 2490 536 2523 culares
548 2489 669 2533 absque
686 2489 816 2521 licentia
828 2488 999 2532 priorissae
1018 2488 1160 2531 reperia-

410 2549 473 2576 tur.

453 2597 484 2629 Si
512 2607 575 2640 qua
595 2607 698 2636 soror,
723 2596 802 2628 irato
821 2596 940 2635 animo,
962 2596 1052 2628 alteri
1075 2606 1162 2628 rom-

444 2662 454 2687 1
478 2659 564 2690 Deest
580 2659 654 2688 forte
670 2659 835 2687 correctione
850 2660 888 2694 (a.
906 2660 953 2691 m,

1003 249 1183 275 BULLARIUM
1207 248 1358 273 ROMANUM

1201 300 1321 333 minata
1347 300 1454 340 fuerit,
1474 300 1523 332 vel
1548 306 1581 332 ut
1602 310 1672 333 eam
1693 300 1863 343 percutiat,
1886 310 1951 333 ma—

1201 364 1279 386 num
1300 353 1347 385 vel
1377 353 1466 386 aliud
1496 352 1663 396 quidpiam
1684 353 1717 385 in
1742 353 1830 386 illam
1851 353 1951 387 eleva-

1199 407 1291 447 verit,
1310 411 1340 440 et
1357 406 1521 450 duplicata
1537 416 1641 449 poena
1654 405 1758 450 gravis
1777 407 1891 449 culpae
1908 406 1951 439 ir-

1202 465 1344 502 rogetur.

1244 513 1429 546 Potentibus
1449 512 1571 545 veniam
1599 523 1657 555 pro
1677 512 1863 545 huiusmodi
1885 512 1952 545 eul-

1200 566 1260 610 pis‚
1283 567 1329 599 vel
1351 566 1495 598 nondum
1523 566 1691 606 accusatis,
1720 566 1813 598 binae
1842 576 1952 599 eorre-

1200 620 1324 653 ctiones
1345 620 1374 652 in
1393 620 1535 663 capitulo
1551 620 1774 662 iniungantur,
1794 630 1831 652 ae
1851 620 1953 652 biduo

1200 673 1231 705 in
1254 684 1338 717 pane
1360 678 1390 706 et
1410 684 1494 717 aqua
1516 673 1671 713 iehment,
1692 673 1900 706 comedentes
1922 673 1952 705 in

1201 733 1362 770 postremo
1384 728 1467 767 loeo,
1496 727 1564 760 sine
1586 737 1696 759 mensa
1723 733 1750 760 et
1782 733 1950 770 apparatu,

1199 791 1306 813 reram
1331 781 1481 813 universo
1502 787 1675 820 conventu,
1693 780 1857 813 eisauteiu
1871 790 1953 823 quae

1199 835 1440 867 accusaiumtur
1463 835 1600 867 addatur
1619 835 1680 867 alia
1701 835 1859 867 eorrectio
1878 839 1952 867 eta-

1200 888 1260 920 tius
1280 888 1348 920 dies
1368 888 1483 920 similis
1505 888 1616 921 ieiunii
1638 888 1669 921 in
1693 896 1773 931 pane
1794 894 1823 921 et
1855 899 1948 932 aqua.

1414 995 1457 1028 De
1473 996 1620 1038 suaviori
1635 995 1740 1039 culpa.

1483 1072 1555 1105 CAP.
1585 1071 1662 1104 xlx.

1243 1148 1377 1180 Gravior
1397 1148 1491 1191 eulpa
1515 1153 1561 1180 est
1581 1148 1604 1180 si
1625 1148 1733 1191 aliqua
1756 1158 1833 1181 ausa
1853 1148 1946 1181 suerit

1199 1213 1271 1233 eum
1292 1202 1444 1245 priorissa
1457 1213 1512 1234 seu
1534 1202 1736 1246 praesidente
1756 1213 1854 1246 super
1872 1213 1951 1246 quo·

1199 1255 1243 1287 vis
1269 1256 1397 1298 negotio
1418 1255 1632 1288 irreverentiu-
1662 1256 1870 1297 contendere,
1897 1262 1950 1289 aut

1199 1309 1227 1341 ei
1247 1308 1413 1352 quidpiam
1433 1319 1498 1341 non
1521 1309 1666 1342 modesta
1687 1309 1807 1342 dicere.

1243 1362 1275 1395 Si
1300 1373 1363 1405 qua
1400 1362 1495 1395 aliam
1525 1363 1600 1395 dolo
1637 1362 1844 1406 percusserit,
1869 1375 1952 1406 quae

1200 1416 1296 1449 etiam
1319 1422 1454 1460 propter
1475 1417 1536 1449 hoc
1556 1417 1749 1449 sententiam
1769 1428 1953 1451 excommu-

1201 1470 1371 1503 nicationis
1393 1470 1540 1511 incurrit,
1563 1481 1600 1504 ac
1619 1471 1659 1503 ab
1675 1471 1827 1504 omnibus
1843 1471 1951 1505 evitari

1200 1524 1307 1557 debet.

1245 1578 1275 1611 Si
1309 1589 1373 1621 qua
1404 1578 1606 1622 deprehensa
1626 1578 1722 1611 suerit
1740 1578 1954 1612 dissentiones

1202 1632 1284 1664 inter
1298 1632 1309 1654 ¹
1331 1632 1555 1672 disseminare,
1569 1632 1739 1664 autsolere
1759 1632 1883 1665 absenti
1896 1633 1954 1666 de-

1200 1686 1342 1723 trahere,
1366 1692 1393 1719 et
1417 1691 1529 1718 mnu-a
1547 1686 1642 1718 aliam
1664 1696 1884 1719 murmurare.

1244 1739 1275 1772 Si
1303 1750 1367 1783 qua
1393 1739 1513 1782 absque
1544 1739 1673 1771 licentia
1702 1739 1875 1783 priorissae
1901 1745 1955 1773 ant

1200 1793 1267 1826 sin«-
1288 1793 1538 1831 auscultatrive,
1566 1803 1649 1836 quae
1671 1794 1758 1824 testis
1786 1792 1888 1834 adsit,
1925 1798 1953 1825 et

1202 1846 1303 1890 ipsam
1325 1846 1411 1879 clare
1441 1846 1629 1890 loquentem
1656 1845 1777 1886 audiat,
1804 1857 1877 1879 cum
1900 1857 1953 1879 ex-

1202 1900 1300 1932 ternis
1320 1900 1409 1943 loqui
1430 1898 1698 1943 piaesumpserit.

1245 1953 1331 1992 Quae
1351 1959 1461 1986 autem
1483 1953 1580 1985 huius
1597 1953 1712 1996 eulpae
1734 1958 1894 1994 accusata,
1925 1959 1956 1987 et

1201 2007 1347 2040 convicta
1366 2007 1473 2046 suerit,
1497 2006 1602 2039 statim
1625 2017 1657 2038 se
1679 2011 1874 2050 prosternat,
1894 2007 1955 2039 hu·-

1203 2060 1320 2093 militer
1348 2060 1471 2093 veniam
1503 2065 1602 2102 petat,
1626 2059 1819 2102 nudatisque
1839 2060 1954 2092 hume-

1201 2115 1244 2147 ris
1284 2113 1477 2147 sententiam
1509 2113 1644 2157 recipiat
1679 2113 1746 2146 suis
1787 2114 1955 2146 demeritis

1201 2168 1395 2209 condignam
1422 2178 1495 2199 cum
1517 2166 1700 2210 disciplina,
1723 2177 1807 2209 quae
1832 2167 1954 2200 videbi-

1203 2228 1255 2254 tur
1275 2221 1461 2265 priorissae,
1488 2232 1525 2253 ac
1546 2220 1600 2253 ubi
1625 2231 1757 2264 surgere
1778 2220 1863 2254 iussa
1884 2221 1952 2254 fue-

1202 2275 1254 2315 rit,
1280 2275 1371 2307 vadat
1402 2274 1439 2307 ad
1475 2274 1602 2314 ceilam,
1627 2285 1709 2316 quae
1734 2273 1795 2306 sibi
1819 2285 1837 2307 a
1864 2274 1953 2318 prio-

1202 2328 1280 2361 rissa
1307 2328 1403 2361 fuerit
1437 2327 1623 2369 designata,
1652 2327 1806 2370 nullaque
1831 2327 1894 2360 alia
1913 2328 1953 2360 ad

1202 2392 1271 2414 eam
1293 2381 1447 2414 accedere
1473 2380 1601 2420 audeat,
1622 2386 1657 2413 ut
1677 2391 1750 2413 eum
1772 2379 1827 2413 illa
1851 2381 1952 2413 collo·

1202 2440 1334 2478 quatur,
1360 2435 1408 2467 vel
1430 2434 1468 2466 ad
1498 2444 1567 2467 eam
1604 2434 1726 2477 aliquid
1756 2433 1896 2474 mittere,
1918 2440 1951 2467 ut

1202 2488 1245 2521 sie
1274 2488 1429 2531 intelligat
1460 2498 1491 2520 se
1525 2498 1542 2520 a
1568 2492 1726 2520 conventu
1752 2493 1951 2530 segregatam

1202 2548 1296 2585 atque
1317 2542 1472 2585 privatam
1491 2541 1682 2583 angelorum
1703 2540 1872 2580 societate;
1895 2540 1952 2572 do-

1202 2606 1263 2629 nce
1283 2606 1358 2629 vero
1376 2595 1407 2628 in
1432 2595 1619 2628 huiusmodi
1642 2593 1842 2638 poenitentia
1859 2603 1951 2626 man-

1241 2661 1249 2686 1
1269 2659 1398 2687 Forsitan
1414 2657 1575 2686 addendum
1595 2665 1700 2686 sorores
1720 2658 1758 2692 (n.
1777 2657 1827 2689 T.).

1967 246 2020 274 Δῐι.
2033 245 2061 274 C.
2080 246 2148 275 1590
