2226 3070
18 252 68 281 An.
86 251 115 280 C.
133 251 201 279 1588

45 521 141 542 Notarius
157 525 202 541 taur

18 559 78 579 quam
90 558 200 572 causarum

18 585 78 604 huius
94 585 156 604 otlivii
177 591 201 603 a-

17 617 110 636 ctuarius
160 616 202 635 eli-

18 648 88 674 gendi.

37 1005 199 1025 CommiSsurius

16 1037 40 1056 ad
51 1037 134 1056 visitan.
143 1036 199 1056 dieta

17 1067 118 1092 archivis,
134 1069 200 1087 eteo-

17 1099 107 1123 gemtum
138 1101 200 1118 nota-

20 1130 62 1150 rios
77 1135 101 1149 ae
113 1129 166 1149 alios
175 1129 199 1149 ad

18 1160 199 1186 portandumscri-

17 1194 89 1214 pluras
98 1192 117 1211 in
128 1191 200 1211 archi—

31 1219 56 1241 ils
75 1222 197 1248 deputandi.

35 2505 189 2526 rateniesnno

20 2544 54 2558 ras
71 2537 202 2564 proquibus-

19 2568 205 2594 cumquesuisnw

20 2599 93 2619 nistris
109 2605 145 2618 sno
163 2605 202 2619 no—

0 2632 1 2655 l
20 2631 75 2650 mine
91 2633 113 2650 et
132 2630 202 2656 sigillo

0 2657 1 2686 l
21 2662 156 2690 expediendi.

891 250 995 274 SIXTUS
1013 250 1033 274 V
1052 250 1099 273 Pr.

218 302 259 335 lia
285 303 425 347 desuper
452 304 492 337 de.
517 304 669 337 mandato
694 308 803 336 nestro
829 313 967 346 quomo-

217 355 347 395 dolibet,
368 357 512 397 etc.,sub
533 357 652 390 eisdem
673 356 785 399 poenis
806 354 967 388 observari

219 409 335 443 facere.
957 438 958 441 ,

261 462 275 505 ἓ
300 464 330 496 e.
358 463 436 496 Cum
460 464 609 496 facultate
629 461 805 506 deputandi
830 467 860 493 et
890 472 967 494 con-

217 516 369 549 stituendi
382 516 549 560 proprium
562 515 723 548 notarium
741 526 796 547 seu
814 515 967 553 notarios,

219 581 319 603 unum
340 571 387 603 vel
404 571 522 614 plures,
543 574 607 601 tam
628 569 660 601 in
679 569 764 617 dicta
775 569 858 601 Urbe
870 579 966 611 quam

218 629 305 656 exn-a
325 634 407 662 eam,
431 628 592 664 tamquam
614 621 776 654 actuarios
796 632 966 654 causarum

217 677 256 709 ad
276 676 418 709 officium
430 675 570 719 regentis
584 675 772 708 lmiusmodi
786 675 967 719 quoinodo-

217 729 293 762 libet
317 729 546 772 spectantium,
569 739 687 773 eosque
709 729 854 771 singulos
876 729 968 761 toties

215 782 340 826 quoties
371 782 474 815 cidem
495 782 619 825 regenti
635 782 736 816 visum
754 782 863 822 suerit,
881 793 968 815 amo-

214 835 307 869 vendi
327 841 358 869 et
388 836 543 879 ponendi,
576 847 612 869 ac
643 836 723 869 alios
756 847 868 869 eorum
896 837 968 869 loco

215 889 442 922 substituendi.

259 943 274 986 ξ,
298 943 328 976 7.
356 943 601 977 Commissarios
621 954 751 987 quoque
772 944 811 977 ad
825 943 967 977 archivia

216 996 359 1039 praefata
371 996 656 1037 visitandum,eum
666 996 761 1029 simili
771 997 967 1030 autlimitata

217 1050 379 1091 facultate,
417 1061 544 1083 necnon
558 1056 713 1094 potestate
725 1056 753 1083 et
767 1051 966 1092 auctoritate,

217 1109 279 1137 tam
297 1103 484 1137 archivistas
504 1110 535 1137 et
554 1105 593 1138 ab
611 1104 656 1138 eis
676 1105 847 1149 deputatos
878 1116 968 1149 prae-

215 1157 304 1198 fatos,
326 1169 421 1201 quam
450 1159 592 1192 notarios
616 1159 756 1192 viventes
787 1170 823 1192 ae
854 1170 966 1193 eorum

216 1211 384 1253 haeredes,
406 1212 462 1255 qui
484 1212 548 1245 vita
559 1212 662 1245 functi
678 1213 809 1253 suerint,
829 1219 968 1246 ceteros-

215 1276 278 1309 que
298 1266 488 1299 eorumdem
510 1267 860 1311 defunctorumquovis
874 1267 967 1300 titulo

214 1330 428 1359 successores,
455 1331 492 1354 ae
517 1321 706 1354 earumdem
731 1321 966 1365 seripturarum

215 1373 400 1407 detentores
432 1386 489 1407 seu
513 1385 727 1418 possessores,
758 1386 899 1415 necnon,
936 1375 966 1408 in

215 1433 373 1471 quantum
399 1428 437 1460 ad
458 1428 527 1471 ipsa
547 1428 686 1461 archivia
707 1434 840 1472 spectat,
868 1440 966 1473 quos-

216 1492 356 1524 cumque
381 1482 620 1521 contrahentes,
648 1482 884 1525 cuiuseumque
904 1489 967 1516 sta-

217 1540 278 1575 tus,
301 1545 406 1575 sexus,
426 1535 556 1578 graduS,
580 1535 700 1568 ordinis
714 1541 745 1569 et
762 1536 966 1578 conditionis,

216 1588 340 1621 etiamsi
361 1589 546 1632 collegium,
578 1590 807 1629 communitas,
837 1591 967 1623 univer-

216 1642 303 1682 sitas,
327 1642 527 1686 capitulum,
551 1642 647 1675 etiam
673 1643 915 1685 collegiatarum
938 1649 968 1677 et

216 1695 450 1728 cathedralium
472 1707 508 1729 ae
529 1696 851 1740 metropolitanarum
867 1699 968 1731 ercle-

215 1748 347 1789 siarum,
366 1760 545 1792 earumque
562 1750 739 1794 praesules,
758 1746 967 1784 monasterio-

217 1813 287 1835 rum
309 1803 460 1843 abbates,
485 1809 661 1837 conventus
682 1810 712 1837 et
732 1804 783 1848 pia
805 1805 886 1845 loca,
912 1816 966 1838 eo-

217 1867 353 1900 rumque
369 1858 602 1899 gubernatores
614 1863 644 1890 et
655 1856 808 1891 officiales
824 1870 860 1891 ae
874 1870 967 1902 prae-

215 1909 367 1951 sidentes,
390 1921 517 1943 neenon
539 1910 649 1951 duces,
673 1912 886 1952 marchiones,
912 1924 967 1945 eo-

218 1963 309 1996 mites
329 1969 384 1996 aut
404 1963 484 1997 aliae
500 1974 670 2007 personae,
684 1966 891 2008 (piantumvis
904 1966 968 2010 pri—

217 2017 385 2061 vilegiatae
406 2028 443 2051 ae
463 2019 681 2052 ecclesiastiea
692 2020 741 2052 vel
755 2021 925 2064 temporali
938 2027 966 2053 et

219 2071 381 2104 mundana
402 2071 568 2114 dignitate,
587 2073 775 2105 excellentia
794 2078 825 2105 et
845 2074 968 2107 honore

217 2125 455 2169 praefulgentes
486 2125 607 2159 suerint
622 2153 629 2166 ,
662 2127 700 2159 ad
729 2127 906 2170 scripturas
939 2134 969 2162 et

219 2178 431 2212 instrumenta
446 2191 505 2224 pro
522 2186 669 2224 tempore
685 2181 845 2214 celebrata
866 2182 897 2214 in
910 2183 968 2215 eis-

217 2231 289 2264 dem
310 2233 460 2265 arehiviis
471 2234 707 2277 deportandum
729 2235 876 2277 eogendi,
893 2237 969 2268 alia-

218 2296 281 2328 que
297 2286 404 2328 quoad
422 2286 500 2319 haec
526 2287 707 2320 necessaria
728 2293 759 2320 et
785 2294 968 2332 opportuna

219 2338 355 2371 faciendi
377 2345 407 2372 et
423 2340 614 2383 exequendi,
638 2345 710 2380 etc„
733 2341 826 2375 toties
843 2343 968 2385 quoties

217 2392 277 2424 sibi
299 2392 467 2433 videbitur,
488 2393 655 2437 deputare.

261 2442 276 2483 ,ξ
301 2442 330 2475 8.
354 2443 398 2475 Ae
418 2443 458 2475 de
477 2443 660 2486 praemissis
680 2444 831 2477 omnibus
852 2450 883 2477 et
904 2445 968 2477 sin-

217 2492 313 2533 gulis,
337 2503 394 2535 pro
414 2492 676 2537 quibuscumque
697 2494 768 2526 aliis
788 2494 853 2526 suis
874 2495 905 2527 in
925 2496 969 2527 ot*-

218 2540 291 2573 ticio
309 2542 449 2584 regentis
460 2541 590 2575 archivii
604 2542 791 2576 huiusmodi
804 2544 968 2584 ministris,

218 2591 400 2635 ceterisque
420 2591 571 2624 omnibus
592 2598 621 2625 et
642 2592 903 2636 quibuscumque
930 2593 968 2626 ad

218 2642 398 2686 praefatum
421 2641 565 2676 officium
592 2641 746 2686 illiusque
773 2641 968 2677 iurisdictio-

1674 240 1715 274 29

1012 312 1098 340 nem,
1123 307 1185 335 tam
1205 301 1236 334 in
1257 301 1342 335 Urbe
1363 312 1459 344 quam
1481 307 1566 334 extra
1584 312 1666 341 eam,
1682 314 1761 345 qno-

1013 355 1183 388 modolibet
1220 354 1438 398 spectantibus
1459 360 1489 386 et
1514 354 1759 397 pertinentibus,

1012 414 1155 451 patentes
1169 415 1199 441 et
1215 419 1437 452 quascumque
1455 408 1532 440 alias
1553 408 1685 445 litteras,
1704 409 1762 440 snb

1011 462 1122 495 eodem
1144 462 1275 496 nomine
1307 467 1337 495 et
1362 462 1467 505 sigillo
1488 472 1558 502 suo,
1583 472 1640 504 per
1661 472 1760 494 unum

1010 516 1055 547 vel
1078 515 1158 548 duos
1178 515 1379 556 secretarios,
1403 515 1441 547 ab
1462 526 1499 548 eo
1517 515 1611 547 simul
1633 515 1678 547 rel
1692 527 1763 547 suc-

1011 568 1129 600 cessive
1150 569 1365 602 nominandos
1385 568 1452 612 (qui
1469 568 1509 601 ad
1531 579 1643 601 eorum
1666 568 1761 601 vitam

1011 622 1079 654 eius
1104 628 1134 655 et
1155 622 1186 655 in
1213 623 1297 656 dit-to
1328 623 1434 656 officio
1459 634 1684 656 successorum
1705 623 1762 655 ol·-

1010 675 1129 717 sequIis
1150 676 1210 709 hac
1232 677 1262 708 in
1280 683 1368 720 parte
1390 677 1538 710 insistere
1560 677 1708 717 debeant,
1727 688 1763 709 ae

1011 738 1068 770 pro
1093 730 1235 771 generali
1262 741 1298 762 ex
1319 730 1515 773 patentibus,
1538 730 1724 764 huiusmodi
1747 742 1764 763 a

1010 782 1189 815 substitutis
1210 783 1440 816 commissurus
1461 789 1491 816 et
1512 784 1667 816 ministris
1698 784 1764 817 suis

1010 836 1210 876 huiusmodi,
1234 836 1301 869 sine
1318 837 1456 870 alieuius
1475 830 1668 880 gravaminis
1684 849 1762 871 nova

1010 889 1228 934 impositione,
1248 895 1320 931 etc„
1343 891 1451 933 aliqua
1464 891 1582 934 regalia
1594 892 1720 935 exigere
1733 899 1759 925 et

1010 943 1114 976 levare
1135 944 1258 986 queat),
1282 944 1397 976 confici
1423 950 1451 977 et
1473 944 1618 987 expediri
1644 946 1760 985 facere,

1009 997 1137 1040 aliaque
1158 1002 1188 1029 et
1204 997 1329 1040 singula
1349 996 1490 1030 officium
1513 997 1664 1040 illiusque
1686 999 1763 1031 liho-

1010 1060 1082 1082 rum
1100 1049 1289 1083 exercitium
1303 1050 1547 1093 quomodolibet
1562 1061 1762 1084 concernen-

1011 1104 1065 1143 tia,
1092 1104 1272 1147 adimplere
1302 1103 1402 1136 libere
1428 1108 1458 1136 et
1492 1104 1578 1137 licite
1604 1105 1702 1148 possit
1734 1112 1760 1138 et

1010 1158 1123 1190 valeat.

1054 1211 1116 1253 ἓξ).
1140 1211 1184 1244 Ita
1205 1211 1300 1244 etiam
1326 1211 1413 1255 quod
1434 1211 1514 1244 illud
1541 1223 1597 1256 pro
1619 1217 1763 1256 tempore

1010 1264 1171 1304 obtinens,
1191 1265 1223 1297 in
1243 1264 1442 1305 archivistas,
1469 1265 1612 1298 notarios
1633 1272 1664 1299 et
1683 1267 1764 1299 alios

1010 1319 1170 1363 praefatos
1192 1318 1223 1350 in
1246 1318 1429 1363 praemissis
1446 1324 1476 1351 et.
1491 1320 1597 1362 quoad
1619 1331 1655 1353 ea
1680 1332 1763 1364 quae

1010 1373 1151 1404 ollicium
1178 1372 1366 1405 huiusmodi
1392 1380 1590 1406 concernunt
1616 1379 1760 1415 tantum,

1010 1435 1195 1469 supremam
1215 1431 1243 1458 et
1265 1426 1486 1459 omnimodam
1507 1426 1762 1460 iurisdictionem

1010 1484 1040 1511 et
1060 1479 1284 1512 auctoritatem
1304 1479 1433 1519 haheat,
1451 1485 1539 1522 gerat
1553 1486 1579 1512 et
1603 1487 1761 1514 exerceat.

1010 1533 1124 1576 lllique
1158 1533 1196 1565 ad
1232 1544 1305 1566 eum
1331 1533 1496 1567 dumtaxat
1525 1545 1583 1578 pro
1622 1535 1764 1569 iustitiae

1010 1587 1250 1629 complemento
1272 1597 1442 1619 recurrere
1463 1598 1499 1620 ac
1524 1588 1563 1620 ad
1585 1588 1690 1631 ipsum
1712 1600 1762 1622 re-

1010 1641 1149 1673 clamare
1171 1640 1320 1679 debeant,
1347 1651 1449 1683 eaque
1479 1640 1511 1672 in
1535 1647 1625 1683 parte
1654 1643 1763 1675 curiae

1009 1704 1085 1726 suae
1114 1693 1272 1738 suppositi
1300 1700 1505 1727 censeantur.
1528 1695 1591 1728 Nee
1621 1696 1762 1739 cuipiam

1010 1747 1162 1780 tribunali
1196 1753 1250 1780 aut
1286 1747 1442 1780 moderno
1479 1753 1508 1780 et
1534 1760 1593 1792 pro
1619 1754 1763 1792 tempore

1010 1801 1156 1834 existenti
1182 1807 1312 1834 sanetae
1339 1801 1501 1835 Romanae
1530 1802 1690 1835 Ecclesiae
1711 1814 1763 1835 ea-

1010 1855 1162 1895 merario,
1198 1865 1258 1888 nee
1290 1855 1443 1888 Gamerae
1475 1856 1678 1900 Apostolicae
1704 1857 1763 1889 mi-

1010 1920 1137 1952 nusque
1162 1909 1277 1942 Curiae
1295 1919 1466 1942 causarum
1488 1910 1591 1943 dictae
1612 1910 1764 1943 Gamerae

1009 1963 1151 2020 genegali
1177 1963 1317 1996 auditori
1342 1969 1397 1995 aut
1418 1963 1517 1996 cuivis
1537 1964 1628 1997 alteri
1651 1964 1761 2005 iudici,

1010 2017 1064 2050 sed
1093 2017 1187 2050 nobis
1216 2022 1245 2050 et
1270 2016 1362 2050 dictis
1385 2017 1628 2050 suecessorilms
1648 2019 1764 2051 nostris

1011 2071 1196 2104 immediate
1230 2071 1344 2111 subsit,
1380 2075 1436 2104 ele.
1472 2071 1564 2104 cuius
1597 2073 1764 2105 concessio

1011 2132 1037 2158 et
1060 2125 1246 2158 omnimoda
1260 2125 1439 2169 dispositio,
1452 2125 1580 2169 quoties
1594 2125 1672 2158 illud
1685 2138 1765 2170 quo-

1010 2180 1055 2212 vis
1089 2180 1185 2212 modo
1210 2189 1322 2212 vacare
1347 2179 1533 2222 eontigerit,
1573 2179 1611 2211 ad
1641 2190 1699 2212 nos
1735 2186 1765 2213 et

1011 2234 1139 2267 eosdem
1161 2243 1362 2266 successores
1377 2233 1547 2266 nostrosin
1569 2240 1762 2276 perpetuum

1011 2293 1132 2331 spectet
1148 2294 1176 2320 et
1189 2287 1357 2331 pertineat,
1370 2288 1548 2331 apostolica
1563 2287 1763 2327 anctoritate,

1011 2348 1123 2375 tenore
1148 2341 1380 2385 praesentium,
1404 2346 1461 2375 ele.
1486 2347 1644 2385 perpetuo
1665 2342 1761 2385 erigi-

1012 2406 1082 2427 mus
1108 2401 1138 2428 et
1158 2395 1599 2435 instituimus,decernentes
1616 2400 1673 2428 etc.
1701 2396 1762 2427 sie-

1011 2456 1073 2488 que
1095 2450 1125 2477 et
1145 2455 1210 2478 non
1230 2445 1322 2478 aliter
1341 2450 1398 2479 etc.
1422 2445 1591 2485 Quocirca,
1615 2450 1660 2478 rte

1055 2495 1069 2537 ξ
1094 2495 1147 2527 10.
1181 2495 1249 2528 Non
1278 2495 1479 2528 obstantibus
1507 2495 1692 2538 praemissis
1727 2506 1762 2527 ae

1013 2543 1114 2576 felicis
1125 2543 1519 2577 recordationisBonisacii
1533 2544 1636 2588 Papae
1648 2544 1760 2581 octavi,

1011 2593 1269 2636 praedecessoris
1289 2593 1400 2633 nostri,
1424 2594 1463 2626 de
1487 2604 1563 2633 una,
1591 2599 1618 2626 et
1633 2593 1761 2626 concilii

1010 2642 1169 2686 generalis
1181 2642 1220 2676 de
1230 2642 1485 2685 duabusdiaetis,
1494 2643 1670 2676 dummodo
1679 2643 1763 2677 ultra

1777 250 1829 278 An.
1847 251 1875 279 C.
1894 251 1960 278 ¹588

1806 1224 1826 1244 ln
1837 1225 1962 1245 atcliivistas

1779 1256 1873 1275 notai-im
1883 1256 1963 1276 etalio>

1779 1287 1836 1306 circa
1851 1292 1884 1309 ea,
1908 1293 1961 1313 quat·

1779 1318 1898 1338 huiusmodi
1915 1318 1962 1338 ossi*

1782 1350 1836 1368 cium
1865 1356 1961 1370 conref-

1779 1383 1829 1401 nunt
1854 1382 1961 1400 omnimo-

1779 1414 1824 1432 dam
1837 1413 1916 1432 inrisui·
1926 1413 1959 1431 1101

1780 1449 1826 1463 nem
1837 1444 1960 1463 exercendi>

1790 2507 1900 2532 tuing-mo
1911 2513 1961 2527 ron-

1777 2539 1895 2559 [rariorum.
