2226 3070
249 271 296 296 An.
319 270 345 296 e.
368 270 433 297 1592
479 261 543 294 6022

445 426 608 469 praedicto
629 426 805 460 camerario
819 438 873 459 seu
887 437 1056 459 causarum
1078 428 1188 460 Came-

445 490 498 512 rae
519 480 720 523 Apostolicae
742 480 883 522 generali
911 480 1066 519 auditore,
1092 492 1206 530 quanti

444 544 461 565 a
483 544 687 577 quocumque
714 534 776 566 alio
809 534 923 570 iudice,
957 535 1120 568 ordinario
1142 535 1206 576 vel}

446 587 608 629 delegato,
643 587 751 630 quavis
783 587 972 620 auctoritate
1012 583 1206 630 sungeiite,f

444 640 538 672 etiam
560 640 664 672 forsan
684 640 713 671 in
737 640 797 671 vim
820 640 967 683 specialis
988 641 1188 673 commissio-

444 694 506 731 nis,
531 693 659 725 decreto
687 703 750 725 uon
777 693 942 729 obstante,
969 693 1045 726 iuris
1066 701 1093 726 et
1116 692 1205 727 sacti*

444 746 592 779 remediis
619 746 808 789 opportunis
829 747 1020 790 procedant,
1043 754 1071 780 et
1099 749 1186 781 omni

444 806 471 833 et
493 810 695 844 quacumque
720 801 935 844 appellatione
956 808 1090 839 remota,
1115 808 1205 836 exe-t

444 858 596 896 quantur,
622 853 750 886 eosdem
784 853 1004 887 inobedientes
1035 866 1091 888 net·
1124 866 1186 888 uon

443 906 693 939 contradictores
723 907 880 949 quoslibet
911 913 939 939 et
970 908 1104 940 rebelles
1131 920 1188 952 per

443 965 623 1003 opportuna
642 960 720 993 iuris
741 967 767 993 et
794 961 865 993 l'acti
886 962 1028 995 remedia
1047 963 1186 1006 appella-

443 1013 528 1045 tione
548 1013 744 1057 postposita.
769 1016 1019 1058 compescendo,
1042 1015 1186 1049 invocato

443 1066 537 1099 etiam
559 1067 598 1100 ad
620 1067 691 1107 hoc,
713 1068 737 1099 si
758 1078 838 1111 opus
859 1069 966 1105 suerit,
983 1070 1101 1102 ainvilio
1115 1071 1187 1104 bra-

444 1119 507 1152 chii
527 1121 689 1154 secularis.

488 1173 503 1216 g
524 1171 575 1206 25.
596 1174 664 1207 Non
686 1175 886 1210 obstantibus
906 1177 1187 1211 constitutionum

1032 273 1214 298 BULLARIUM
1235 275 1387 299 ROMANUM

446 330 542 353 manu
573 320 671 363 regia,
692 321 722 353 in
753 322 815 353 vim
844 322 1018 365 praesentis
1039 322 1207 354 constitu-¹

447 373 560 411 tionis,
585 373 680 407 etiam
713 375 823 417 quavis
853 374 1059 413 inhibitione,
1084 381 1146 407 tam
1172 373 1206 407 a²

1224 323 1462 356 communitatis
1494 301 1824 366 sive⁸univt=rsita1is,
1848 327 1910 360 alta
1941 332 1969 359 et

1225 372 1418 416 intelligibili
1445 384 1521 407 voce
1549 375 1717 417 legantur,
1742 381 1836 419 atque
1858 377 1889 409 in
1909 388 1969 420 pu-

1223 425 1307 459 blico
1331 426 1426 459 etiam
1451 426 1559 470 aliquo
1573 427 1723 460 omnibus
1742 429 1860 472 patenti
1884 430 1966 467 loco.

1224 480 1278 512 uhi
1299 480 1484 523 frequenter
1505 481 1587 514 cives
1608 488 1658 514 aut
1682 482 1834 526 oppidani
1857 493 1970 516 eonve-

1223 533 1292 566 nire
1320 534 1454 573 soleant,
1479 540 1636 578 perpetuo
1656 535 1785 568 affixum
1807 536 1969 569 retinean-

1225 593 1284 624 tur,
1309 588 1389 620 adeo
1421 594 1451 620 ut
1485 588 1509 620 si
1541 589 1701 632 contingat
1736 590 1881 633 exempla
1912 590 1971 622 liu-

1203 640 1360 673 riusiuodi
1390 641 1463 674 inde
1493 642 1635 674 amoveri
1667 649 1718 675 aut
1749 643 1882 676 lacerari
1915 653 1968 676 seu

1203 684 1377 737 'temporis
1405 695 1615 728 diuturnitate
1639 696 1804 732 consumi.
1833 696 1968 729 debeant

1222 748 1355 781 omnino
1376 748 1509 791 priores,
1535 749 1690 784 massarii.
1710 749 1892 782 caueellarii
1906 750 1970 783 sive

1222 801 1273 834 alii
1297 803 1484 835 earumdem
1507 803 1775 836 communitatum
1804 804 1868 836 sive
1897 804 1968 837 uni-

1223 855 1405 888 versitatum
1425 856 1588 894 officiales,
1612 857 1670 889 sul»
1692 857 1881 900 privationis
1901 857 1969 891 offi-

1202 928 1204 956 ἶ
1222 908 1345 941 ciorum
1364 910 1569 942 obtentorum
1591 916 1620 942 et
1643 910 1851 944 inhabilitatis
1863 911 1902 944 ad
1917 911 1969 944 illa

1203 957 1269 995 'vel
1300 963 1361 996 alia
1394 964 1599 1006 postmodum
1632 963 1817 1001 obtinenda,
1842 965 1970 1007 ebaliis

1202 1011 1204 1056 l
1222 1016 1317 1048 etiam
1335 1016 1535 1058 gravioribus
1555 1017 1698 1061 corporis
1716 1017 1874 1051 afflictivis
1891 1028 1969 1062 poe-

1202 1059 1204 1111 ἔ
1222 1069 1269 1102 nis
1288 1069 1356 1113 ipso
1378 1070 1460 1103 facto
1482 1070 1694 1107 incurrendis,
1716 1081 1829 1104 curare
1851 1077 1883 1104 ut
1905 1077 1970 1105 sta-

1202 1124 1277 1156 :tim
1299 1124 1411 1157 eadem
1433 1125 1578 1168 exempla
1596 1131 1792 1158 renoventur
1813 1131 1841 1158 et
1863 1126 1968 1159 denuo

1202 1167 1409 1219 {affigantuix
1434 1184 1462 1210 et
1484 1178 1508 1210 si
1537 1178 1567 1211 id
1595 1179 1766 1212 eonuuode
1787 1178 1856 1212 fieri
1878 1185 1968 1223 pote-

1982 278 2029 304 An.
2049 277 2076 304 C.
2096 278 2163 305 1592

266 1230 377 1261 Clausulae
393 1232 428 1252 do·

244 1260 364 1287 rogatoriae
380 1264 427 1278 con-

244 1287 360 1304 tumorum.

445 1233 473 1258 et
495 1226 752 1261 ordinationibus
780 1231 983 1273 apostolicis,
1014 1231 1186 1265 ‹lictaruin-
1202 1248 1203 1251 ¹
1221 1231 1271 1269 rit,
1291 1231 1321 1263 in
1341 1242 1524 1264 marmoreo
1545 1231 1653 1275 aliquo
1675 1232 1781 1275 lapide
1795 1232 1833 1264 ad
1853 1243 1967 1276 perpe-

444 1290 505 1323 que
523 1281 772 1324 provinciarum,
797 1283 980 1321 (civitatum,
1005 1291 1182 1325 terrarum,
1221 1290 1307 1317 tuam
1327 1284 1517 1317 memoriam
1540 1285 1770 1329 insculpantur.

443 1334 635 1378 oppidorum
654 1342 683 1368 et
701 1338 1093 1377 castrorum,iuramento,
1109 1350 1203 1382 ron-¹
1265 1339 1281 1379 ξ
1303 1337 1355 1371 28.
1380 1338 1514 1371 Demuni
1536 1349 1553 1371 a
1573 1338 1707 1380 singulis
1736 1339 1858 1380 legatis,
1883 1340 1966 1372 vice-

443 1387 622 1422 firmatione
640 1391 816 1433 apostolica
837 1392 882 1423 vel
904 1393 1014 1435 quavis
1036 1392 1203 1433 firmitate
1221 1392 1342 1433 legatis,
1366 1392 1577 1435 praesidibus,
1603 1392 1883 1432 gubernatoribus,
1909 1404 1966 1436 po-

443 1440 504 1474 alia
535 1442 703 1481 roboratis,
746 1445 869 1477 statutis
905 1451 932 1478 et
974 1447 1182 1479 consuetudi·
1202 1438 1203 1443 ¹
1222 1445 1397 1485 testatibus,
1427 1456 1485 1478 nee
1514 1456 1577 1479 non
1610 1446 1879 1479 communitatum
1912 1458 1967 1480 seu

2011 1350 2168 1371 Gubernator-e«

1983 1377 2064 1403 aliique
2088 1377 2168 1399 officia·

1983 1405 2074 1426 vesanie
2090 1404 2166 1424 (Μηίω-

1983 1431 2064 1450 <ionem
2080 1430 2108 1450 :id
2123 1430 2167 1450 offl-

1983 1457 2044 1479 ciurn.
2052 1456 2108 1477 hanc
2120 1462 2167 1477 con-

1983 1483 2167 1504 stitutmbservare

1984 1511 2059 1530 iurem.

279 2083 345 2104 tus-110
360 2084 427 2109 publi·

244 2109 304 2130 randi
318 2110 371 2130 hanc
380 2116 427 2131 con-

242 2136 377 2159 stitutionem,

278 2399 426 2422 Describendi-

243 2431 284 2453 que
293 2427 313 2448 iu
322 2428 380 2448 tibris
386 2430 426 2448 stu-

244 2455 366 2477 memmei
376 2460 426 2480 quo-

243 2482 312 2500 tannis
327 2481 347 2500 in
360 2481 427 2506 publi·

243 2506 272 2526 cis
287 2507 381 2527 consiliis
395 2508 427 2527 bis

243 2533 340 2559 tegendi,
362 2537 382 2553 et
407 2534 426 2554 in

243 2560 328 2585 publico
337 2560 383 2580 loco
397 2562 426 2581 te·

242 2586 312 2608 uendi.

442 1494 550 1533 nibus;
576 1496 750 1539 privilegiis
771 1508 910 1542 quoque,
932 1499 1062 1532 indultis
1081 1506 1108 1531 et
1137 1500 1203 1532 lit-'

444 1548 517 1581 teris
547 1550 745 1593 apostolicis,
778 1562 1060 1595 quorumcumque
1090 1555 1203 1585 leno-²

442 1612 512 1634 rum
531 1603 674 1640 existant.
696 1615 753 1647 per
766 1615 858 1648 quae,
882 1607 1103 1649 praesentibus
1121 1617 1184 1640 non

442 1666 588 1699 expressa
609 1657 655 1690 vel
682 1658 721 1690 ad
744 1657 875 1691 verbum
903 1669 965 1692 non
988 1660 1116 1696 inserta.
1141 1661 1184 1693 et*-

442 1708 542 1742 fectus
580 1711 756 1753 praesentis
789 1718 917 1745 nostrae
951 1713 1203 1758 constitutionisg

441 1762 588 1806 impediri
624 1765 868 1808 quomodolibet
899 1766 999 1799 valeat
1036 1767 1083 1799 vel
1120 1767 1182 1799 dis-

442 1815 528 1848 serri.
549 1815 636 1855 Quae
654 1818 773 1854 omnia,
795 1824 951 1861 quatenus
972 1820 1134 1862 premissis
1155 1820 1184 1852 in
1202 1834 1203 1861 t

442 1868 549 1912 aliquo
574 1870 799 1909 adversentur,
832 1882 962 1915 prorsus
984 1872 1124 1905 tollimus
1157 1879 1184 1906 et

443 1922 654 1965 abrogamus,
687 1925 883 1967 eaeterisque
914 1926 1083 1958 contrariis
1109 1922 1203 1969 qui-f

443 1975 652 2020 buseumque.

491 2031 506 2074 ξ
535 2029 586 2063 26.
620 2031 773 2065 Volumus
803 2039 909 2065 autem
940 2039 972 2066 ut
1002 2040 1202 2076 praesentest

443 2083 567 2117 litterae
587 2084 618 2116 in
639 2085 735 2118 valvis
752 2085 856 2119 Sancti
868 2086 977 2119 Ioanni
994 2087 1186 2121 Lateranen-
1201 2109 1202 2134 t

443 2136 484 2169 sis
502 2143 530 2169 et
551 2137 708 2182 Principis
728 2139 954 2183 Apostolorum
977 2140 1016 2172 de
1033 2140 1117 2173 Urbe
1131 2136 1202 2185 ba-}

442 2189 615 2231 silicarum,
639 2196 667 2224 et
686 2191 717 2223 in
735 2191 802 2225 acie
822 2192 929 2237 Campi
951 2193 1063 2226 Florae
1080 2190 1202 2236 publi-J

443 2249 564 2283 centur,
589 2244 687 2277 affixis
717 2245 793 2277 inibi
826 2256 935 2278 earum
967 2246 1119 2290 exemplis
1155 2253 1181 2279 et

443 2296 590 2329 dimissis.

487 2352 503 2392 ξ
525 2350 576 2382 27.
598 2351 752 2395 Quodque
773 2363 882 2385 earum
905 2354 1049 2397 exempla
1066 2365 1120 2386 seu
1141 2354 1180 2386 il-

443 2404 547 2436 lorum
569 2404 770 2447 compendia,
785 2406 883 2438 latino
902 2412 954 2438 aut
975 2406 1096 2448 vulgari
1117 2418 1184 2440 ser-

443 2467 538 2490 mone
559 2457 749 2501 conseripta,
766 2458 795 2490 in
817 2458 906 2491 libris
927 2460 1184 2502 quomodocum-

443 2521 503 2554 que
524 2516 715 2544 statutorum
736 2511 973 2555 praedictarum
1004 2514 1185 2546 communi·

442 2570 543 2597 tatum
564 2570 594 2597 et
612 2564 853 2597 universitatum
874 2565 1067 2604 inserantur,
1085 2567 1186 2600 etsal-

444 2623 505 2650 tem
525 2617 574 2650 bis
604 2617 793 2661 quotannis,
818 2617 849 2650 in
869 2618 1005 2661 publicis
1030 2625 1060 2652 et
1080 2620 1183 2653 maio-

443 2671 529 2703 1ibus
563 2671 691 2704 consilis
728 2671 790 2704 sive
817 2671 997 2714 adunantiis
1034 2665 1206 2716 cuiusqutff

1220 1499 1461 1532 universitatum
1484 1499 1667 1543 prioribus,
1693 1500 1868 1539 massariis,
1893 1511 1967 1534 can-

1220 1552 1357 1586 cellariis
1383 1559 1435 1586 aut
1466 1563 1672 1597 quocumque
1691 1554 1823 1587 nomine
1844 1564 1967 1588 nuncu-

1220 1606 1300 1649 patis
1321 1605 1528 1644 officialibus,
1553 1606 1643 1639 initio
1665 1607 1887 1649 magistratus,
1911 1618 1966 1640 an-

1221 1665 1348 1703 tequam
1371 1660 1410 1692 ad
1432 1660 1522 1692 illum
1547 1661 1760 1693 exercendum
1788 1661 1963 1694 admittan-

1221 1719 1281 1748 tur,
1306 1723 1402 1756 super
1426 1713 1615 1745 earuiudem
1642 1713 1859 1757 praesentium
1885 1713 1967 1747 litte-

1221 1767 1329 1798 rarum
1344 1766 1566 1799 observatione
1585 1766 1808 1799 iusiurandum
1823 1767 1966 1800 solemne

1221 1818 1347 1862 publice
1365 1825 1554 1862 praestetur.

1266 1874 1281 1914 ξ
1300 1872 1352 1904 29.
1372 1873 1406 1905 Et
1430 1873 1640 1906 nihilomiuus
1661 1880 1730 1917 post
1754 1874 1881 1917 triginta
1899 1875 1966 1908 dies

1220 1937 1238 1958 a
1258 1926 1308 1959 die
1328 1927 1566 1970 publicationis,
1584 1933 1615 1959 ut
1639 1928 1826 1970 praefertur,
1851 1928 1881 1960 in
1905 1928 1965 1962 no-

1201 1974 1203 2002 ῗ
1221 1990 1315 2012 mana
1327 1979 1419 2012 Curia
1431 1979 1612 2020 faciendae,
1628 1990 1893 2024 umumquemque
1911 1992 1965 2025 pe—

1219 2032 1310 2065 rinde
1336 2038 1458 2065 aretent
1487 2039 1515 2065 et
1543 2033 1699 2073 afficiant,
1725 2044 1762 2066 ae
1793 2034 1817 2067 si
1849 2034 1965 2078 cuique

1220 2085 1430 2130 personaliter
1449 2085 1611 2118 intimatae
1634 2093 1661 2119 et
1692 2096 1750 2129 per
1769 2097 1824 2120 eos
1845 2087 1965 2121 iuratae

1220 2140 1360 2173 fuissent.

1253 2193 1333 2237 330.
1344 2193 1499 2236 Quodque
1512 2204 1621 2226 earum
1637 2194 1855 2238 transumptis,
1868 2195 1963 2228 etiam

1219 2247 1392 2292 impressis,
1416 2258 1514 2280 manu
1534 2247 1650 2280 notarii
1675 2248 1794 2291 publici
1819 2248 1961 2282 subscri-

1218 2301 1279 2345 ptis
1294 2306 1321 2333 et
1340 2300 1444 2343 sigillo
1465 2311 1622 2344 personae
1644 2301 1674 2333 in
1695 2301 1849 2343 dignitate
1862 2302 1965 2335 eccle-

1218 2354 1343 2387 siastica
1355 2354 1545 2387 constitutae
1555 2354 1741 2396 obsignatis,
1752 2355 1864 2388 eadem
1873 2366 1965 2400 pror-

1218 2418 1271 2440 sus
1292 2407 1381 2446 fides,
1406 2407 1437 2439 in
1459 2407 1578 2439 iudicio
1599 2412 1628 2440 et
1651 2413 1736 2440 extra
1757 2407 1846 2446 illud,
1867 2407 1961 2440 adhi-

1220 2460 1347 2497 beatur,
1371 2471 1453 2504 quae
1483 2460 1690 2494 adhiberetur
1716 2460 1836 2494 eisdem
1865 2471 1961 2505 prae-

1219 2513 1372 2554 sentibus,
1395 2513 1420 2547 si
1439 2521 1541 2547 essent
1561 2513 1719 2547 exhibitae
1736 2514 1784 2546 vel
1805 2520 1960 2548 ostensae.

1221 2567 1303 2600 Nulli
1325 2578 1412 2609 ergo,
1436 2571 1492 2599 etc.

1265 2620 1377 2654 Datum
1416 2620 1536 2653 Romae
1572 2621 1603 2653 in
1633 2621 1737 2654 Monte
1777 2621 1959 2662 Quirinali,

1222 2683 1305 2705 anno
1337 2673 1569 2705 iucarnationis
1604 2673 1790 2706 Dominieae
1826 2683 1958 2709 unxcn.

2020 1883 2097 1904 Omnes
2113 1883 2166 1904 haec

1981 1910 2089 1930 constitut.
2099 1912 2167 1930 arctet

1981 1938 2029 1962 post
2039 1936 2166 1966 publicatio·

1980 1968 2028 1983 nem
2040 1969 2061 1983 in
2071 1962 2165 1984 Romana

1981 1989 2052 2010 Curia.

2016 2200 2165 2227 ‘transumpto-

1980 2233 2026 2247 rum
2039 2227 2098 2248 fides.
