2226 3070
292 290 340 316 Αη,
360 290 387 317 C.
410 291 475 319 ¹592

521 283 584 316 566

492 342 537 374 rie
559 342 758 375 absolventes
780 348 810 375 et
841 342 1023 374 absolutum
1055 342 1121 374 fore
1149 352 1226 374 cen-

490 400 610 435 sentes,
635 403 722 428 motu
744 395 888 439 proprio,
911 405 976 428 non
1007 395 1047 428 ad
1076 394 1151 427 dicti
1184 394 1230 427 in-

490 448 654 491 quisitoris
672 454 725 482 aut
745 449 876 481 alterius
889 459 948 491 pro
970 458 1007 480 eo
1025 448 1118 481 nobis
1140 448 1229 481 obla-

491 507 538 534 tae
568 501 730 545 petitionis
757 501 963 542 instantiam,
995 501 1051 534 sed
1079 512 1115 534 ex
1144 507 1230 534 certa

489 554 622 587 scientia
650 565 801 598 meraque
831 554 1063 587 deliberatione
1093 555 1225 595 nostris,

490 608 593 651 deque
613 608 808 651 apostolicae
829 608 993 651 potestatis
1015 608 1226 652 plenitudine,

489 661 656 693 ecclesiam
668 661 879 704 praedictam,
894 672 976 705 quae
994 661 1062 695 sine
1077 673 1153 695 cura
1170 668 1226 700 est,

489 725 525 746 ac
543 714 632 746 cuius
653 720 681 747 et
703 714 747 746 illi
760 715 868 747 forsan
880 725 1078 748 annexorum
1096 716 1226 756 fructus,

489 767 632 800 redditus
650 772 679 800 et
696 773 869 811 proventus
894 768 1078 810 octuaginta
1100 769 1230 801 ducato-

488 831 560 853 rum
578 820 647 853 auri
669 821 707 853 dc
728 821 870 861 Camera,
894 821 1071 854 seeundum
1085 832 1229 855 commu-

489 883 561 905 nem
595 873 866 914 aestimationem,
899 875 1042 907 valorem
1072 885 1226 915 annuum,

488 932 520 959 ut
539 927 633 959 etiam
655 928 848 971 accepimus,
872 938 937 960 non
962 928 1128 968 excedunt,
1157 939 1229 961 cum

488 980 629 1023 primum
651 981 737 1014 illam
759 993 817 1025 per
828 993 964 1023 cessum,
982 983 1076 1016 etiam
1087 993 1123 1015 ex
1136 994 1230 1016 causa

487 1035 744 1077 permutationis,
765 1036 813 1069 vel
834 1037 999 1070 decessum
1013 1037 1230 1080 autprivatio-

488 1098 572 1128 nem,
594 1089 641 1121 vel
663 1089 840 1133 quamlibet
854 1090 949 1123 aliam
964 1090 1168 1123 amissionem
1182 1091 1228 1123 vel

488 1141 709 1176 dimissionem
725 1143 800 1175 dicti
814 1143 988 1183 Cathalani,
999 1154 1054 1176 seu
1064 1144 1141 1177 alias
1151 1155 1230 1187 quo-

488 1195 533 1228 vis
554 1196 662 1236 modo,
695 1196 790 1229 ctiam
811 1197 897 1240 apud
927 1197 1041 1230 Sedem
1071 1198 1230 1241 Apostoli-

489 1260 570 1289 cam‚
594 1250 689 1283 etiam
711 1251 742 1284 in
763 1251 871 1295 aliquo
892 1263 928 1284 ex
949 1251 1113 1285 mensibus
1138 1252 1230 1285 nobis

488 1314 544 1335 seu
565 1304 710 1337 Romano
731 1305 878 1338 Pontifici
901 1316 960 1348 pro
992 1311 1137 1349 tempore
1167 1305 1230 1339 exi-

488 1357 582 1389 stenti
601 1363 629 1390 et
649 1357 752 1391 dictae
774 1358 846 1391 Sedi
869 1359 1046 1398 reservatis,
1071 1365 1123 1392 aut
1145 1359 1231 1392 ordi-

488 1410 585 1443 nariis
606 1411 824 1451 collatoribus,
845 1412 941 1446 etiam
956 1423 1014 1456 per
1031 1412 1231 1446 constitutio-

488 1474 544 1496 nes
564 1464 759 1508 apostolicae
784 1465 885 1498 editas
916 1477 971 1499 seu
996 1476 1055 1509 pro
1086 1472 1231 1510 tempore

488 1517 639 1557 edendas,
663 1529 717 1551 seu
739 1518 860 1552 litteras
885 1519 1159 1559 alternativarum‚
1182 1520 1230 1553 vel

488 1570 654 1614 privilegia
675 1578 706 1604 et
722 1571 847 1605 indulta
866 1573 928 1605 alia
949 1583 1098 1613 concessa
1125 1574 1231 1606 hacte-

488 1634 548 1656 nus
568 1629 622 1656 aut
642 1624 853 1668 imposterum
874 1626 1095 1666 concedenda,
1119 1637 1231 1659 vacare

489 1677 683 1719 contigerit,
729 1678 854 1711 etiamsi
897 1684 971 1712 actu
1002 1690 1087 1712 nunc
1118 1680 1231 1723 quovis

489 1730 598 1770 modo,
623 1730 719 1763 etiam
739 1742 774 1764 ex
796 1732 871 1765 dicti
892 1732 1055 1766 Catbalani
1076 1733 1124 1765 vel
1151 1733 1229 1766 alte-

490 1783 556 1817 rius
577 1784 808 1829 cuiuscumque
828 1797 997 1830 personae,
1014 1797 1069 1820 seu
1081 1797 1139 1830 per
1152 1787 1230 1820 libe-

489 1847 558 1869 ram
579 1837 722 1871 eiusdem
744 1839 789 1871 vel
812 1839 950 1872 cuiusvis
971 1840 1102 1873 alterius
1121 1840 1159 1873 de
1177 1840 1229 1872 illa

490 1889 522 1922 in
542 1891 687 1924 Romana
706 1892 799 1925 Curia
819 1893 868 1925 vel
900 1898 988 1926 extra
1019 1904 1101 1933 eam,
1135 1893 1229 1927 etiam

489 1953 598 1975 coram
619 1945 745 1978 notario
766 1945 895 1988 publico
916 1952 945 1978 et
967 1946 1099 1979 testibus
1117 1952 1230 1990 sponte

489 1997 604 2029 factam
627 1997 876 2040 resignationem
898 2004 950 2032 aut
969 2000 1229 2043 assequutionem

489 2050 618 2083 alterius
635 2051 783 2085 beneficii
805 2052 1021 2094 ecclesiastici,
1046 2053 1155 2097 quavis
1176 2064 1231 2086 au-

490 2103 638 2137 ctoritate
656 2105 773 2145 collati,
794 2112 893 2146 vacet,
911 2106 1036 2139 etiamsi
1050 2112 1137 2140 tanto
1149 2112 1230 2140 tem-

489 2166 568 2200 pore
588 2159 745 2192 vacaverit
770 2160 857 2203 quod
882 2160 949 2193 eius
976 2160 1116 2201 collatio,
1146 2160 1231 2193 iuxta

490 2211 711 2245 Lateranensis
730 2219 848 2247 statuta
876 2214 1020 2254 Concilii‚
1055 2215 1094 2247 ad
1116 2215 1230 2248 Sedem

490 2265 685 2308 praedictam
707 2267 847 2309 legitime
862 2268 1021 2308 devoluta,
1037 2268 1169 2312 ipsaque
1183 2280 1233 2302 ec-

490 2318 585 2351 clesia
609 2319 809 2363 dispositioni
834 2322 1028 2365 apostolicae
1052 2322 1233 2365 specialiter

490 2372 537 2404 vel
558 2372 636 2405 alias
656 2374 848 2414 generaliter
873 2380 1032 2409 reservata
1057 2376 1178 2415 existat,
1203 2382 1233 2409 et

489 2436 587 2468 super
606 2437 643 2459 ea
664 2426 746 2459 inter
775 2428 900 2471 aliquos
922 2428 971 2469 lis,
1004 2428 1094 2462 cuius
1114 2435 1230 2462 statum

489 2479 711 2521 praesentibus
721 2479 832 2512 haberi
843 2481 990 2514 volumus
997 2492 1056 2525 pro
1069 2492 1228 2525 expresso,

489 2532 627 2576 pendeat
639 2532 791 2573 indecisa,
809 2544 881 2566 cum
896 2535 1027 2567 annexis
1047 2535 1231 2568 huiusmodi

489 2596 526 2618 ac
546 2585 669 2618 iuribus
690 2591 720 2619 et
733 2586 934 2630 pertinentiis
943 2588 1008 2622 suis
1021 2588 1231 2633 quibuscum-

490 2650 564 2684 que,
589 2638 694 2675 eidem
715 2639 842 2675 Officio:

550 2693 565 2747 ᾗ
585 2692 614 2726 3.
636 2693 682 2736 lta
699 2693 785 2741 quod
813 2693 907 2733 liceat
935 2693 1020 2728 dicto
1050 2694 1231 2742 inquisitori

1072 293 1253 318 nULLAmUM
1273 293 1425 318 ROMANUM

1263 352 1322 384 per
1341 352 1374 374 se
1394 341 1442 373 vel
1471 341 1569 374 alium
1590 350 1645 373 seu
1665 339 1755 377 alios,
1787 350 1845 372 suo
1874 345 1904 372 et.
1927 339 2002 372 dicti

1264 394 1359 427 officii
1380 394 1521 433 nomine,
1545 393 1758 437 corporalem,
1782 393 1900 425 realem
1921 398 1952 426 et
1964 404 2000 425 a-

1264 448 1401 480 ctualem
1422 447 1656 490 possessionem
1682 445 1834 479 ecclesiae
1855 450 1885 478 et
1904 456 2003 478 anne-

1265 511 1388 540 xorum,
1399 500 1584 544 iuriumque
1593 505 1621 533 et
1634 499 1898 543 pertinentiarum
1914 510 2005 542 prae-

1265 554 1436 594 dictorum,
1458 553 1589 597 propria
1615 552 1804 586 auctoritate
1833 552 1945 592 libere,
1974 562 2005 585 e-

1265 608 1340 641 tiam
1361 620 1397 641 ex
1417 618 1513 647 nunc,
1536 607 1780 651 apprehendere
1797 612 1828 640 et
1848 612 2005 650 perpetuo

1266 662 1420 695 retinere:
1448 671 1575 694 necnon
1595 661 1727 700 fructus,
1752 659 1907 699 redditus,
1931 670 2006 703 pro-

1265 720 1387 755 ventus,
1412 715 1493 755 iura,
1518 713 1727 747 obventiones
1739 718 1770 746 et
1786 713 2005 746 emolumenta

1264 779 1487 812 quaecumque
1507 767 1592 800 illius
1611 767 1788 811 percipere,
1809 766 1945 809 exigere,
1961 766 2005 799 le-

1265 833 1348 861 vare,
1372 822 1490 861 locare,
1514 821 1699 861 arrendare‚
1717 832 1754 853 ac
1774 821 1806 853 in
1826 830 1900 853 suos
1914 825 1945 853 et
1959 820 2006 853 di-

1265 875 1305 908 eti
1327 875 1429 908 Officii
1454 886 1529 908 usus
1556 885 1593 907 ac
1617 874 1786 907 utilitatem
1805 878 2002 914 convertere,

1265 928 1446 962 dioecesani
1468 928 1530 962 loci
1550 929 1599 961 vel
1611 928 1750 961 cuiusvis
1763 927 2005 961 alteriuslicen-

1265 982 1307 1015 tia
1321 982 1458 1026 desuper
1469 981 1602 1015 minime
1615 981 1779 1025 requisita,
1789 986 1901 1014 tenore
1912 991 2004 1024 prae-

1264 1036 1413 1076 sentium,
1428 1040 1585 1079 perpetuo
1601 1035 1741 1075 unimus,
1762 1034 1962 1068 annectimus
1976 1040 2007 1068 et

1265 1090 1521 1133 incorporamus.

1308 1144 1323 1187 g
1342 1143 1373 1176 li.
1388 1144 1600 1187 Det-eruentes
1616 1143 1744 1176 easdem
1757 1147 1941 1186 praesentes
1954 1142 2005 1175 lit-

1265 1204 1357 1236 teras,
1382 1197 1478 1230 etiam
1499 1208 1535 1230 ex
1553 1207 1590 1230 eo
1616 1197 1703 1240 quod
1730 1196 1833 1230 dictus
1859 1196 2004 1229 Cathala-

1265 1262 1324 1284 nus
1344 1251 1463 1294 aliique
1484 1251 1636 1283 interesse
1663 1250 1818 1283 habentes
1837 1260 1893 1283 seu
1914 1260 2005 1294 prae-

1266 1305 1431 1338 tendentes
1452 1305 1491 1338 ad
1512 1304 1573 1338 boc
1592 1304 1695 1337 vocati
1716 1314 1781 1337 non
1795 1303 1923 1341 suerint,
1947 1314 2006 1336 nec

1266 1358 1449 1402 praemissis
1471 1358 1702 1397 consenserint,
1719 1363 1771 1390 aut
1786 1357 1863 1391 alias
1877 1368 1912 1390 ex
1924 1368 2005 1401 quo-

1266 1423 1404 1455 cumque
1425 1412 1527 1455 capite
1547 1411 1595 1444 vel
1617 1422 1710 1444 causa
1732 1411 1770 1444 de
1788 1411 2006 1455 subreptionis

1266 1466 1311 1498 vel
1334 1465 1533 1509 obreptionis
1554 1475 1610 1498 seu
1630 1464 1786 1498 nullitatis
1802 1464 1878 1497 vitio
1891 1470 1945 1497 aut
1958 1464 2006 1498 in-

1267 1518 1417 1552 tentionis
1434 1524 1562 1551 nostrae
1581 1519 1630 1551 vel
1657 1518 1768 1561 quovis
1797 1517 1860 1551 alio
1881 1518 2007 1551 defectu

1266 1573 1382 1613 notari,
1408 1571 1591 1615 impugnari
1605 1577 1660 1604 aut
1672 1571 1750 1604 alias
1763 1571 2007 1615 quomodolibet

1266 1626 1396 1668 infringi
1414 1626 1462 1659 vel
1484 1625 1641 1658 retardari
1662 1635 1717 1658 seu
1738 1625 1770 1657 in
1792 1625 1840 1658 ius
1858 1625 1907 1658 vel
1928 1635 2006 1658 con-

1266 1679 1452 1713 troversiam
1487 1678 1594 1712 vocari
1636 1678 1818 1711 nullatenus
1862 1688 2006 1721 unquam

1265 1744 1373 1777 posse,
1402 1733 1457 1765 sed
1485 1732 1555 1765 illas
1580 1742 1708 1776 semper
1728 1737 1758 1765 et
1777 1736 1934 1775 perpetuo
1954 1743 2007 1765 va-

1265 1787 1344 1820 lidas
1364 1792 1394 1820 et
1414 1786 1557 1820 efficaces
1575 1786 1719 1826 existere,
1739 1796 1878 1828 suosque
1897 1785 2008 1829 plena-

1264 1841 1328 1874 rios
1350 1846 1379 1874 et
1400 1841 1541 1883 integros
1566 1839 1698 1873 effeetus
1728 1839 1836 1873 sortiri
1865 1844 1897 1874 et
1925 1839 2007 1872 obti-

1265 1904 1353 1933 nere,
1378 1903 1484 1937 neque
1513 1893 1571 1926 sul)
1600 1892 1764 1936 quibusvis
1784 1892 1937 1925 similium
1958 1892 2007 1925 vel

1265 1947 1469 1980 dissimilium
1481 1947 1657 1989 gratiarum
1672 1945 1940 1986 revocationibus,
1955 1956 2007 1978 su-

1264 2001 1500 2044 spensionibus,
1511 2000 1773 2043 derogationibus
1785 2004 1839 2032 aut
1849 1999 1918 2032 aliis
1932 2009 2008 2032 con-

1267 2054 1371 2087 trariis
1385 2054 1647 2097 dispositionibus
1656 2063 1714 2097 per
1727 2063 1946 2097 quascumque
1958 2063 2008 2086 re-

1265 2108 1355 2150 gulas
1378 2108 1425 2140 vel
1458 2108 1701 2141 constitutiones
1719 2107 1927 2151 apostolicas,
1951 2116 2008 2141 seu

1265 2161 1479 2195 Cancellariae
1506 2161 1708 2205 Apostolicae
1738 2161 1876 2203 regulas,
1910 2160 2007 2193 etiam

1267 2225 1323 2258 per
1358 2224 1416 2247 nos
1445 2220 1475 2247 et,
1506 2224 1705 2247 successores
1736 2219 1877 2253 nostros,
1911 2213 2007 2246 etiam

1268 2274 1367 2305 motu.
1391 2268 1524 2301 scientia
1544 2279 1580 2301 ac
1611 2268 1777 2311 potestatis
1808 2267 2008 2311 plenitudine

1266 2322 1437 2361 similibus,
1468 2321 1563 2354 etiam
1584 2320 1859 2361 consistorialiter,
1885 2331 1922 2354 ac
1949 2321 2007 2354 sub

1267 2375 1526 2418 quibuscumque
1546 2374 1713 2408 tenoribus
1733 2380 1764 2408 et
1783 2373 1906 2413 formis,
1932 2384 2008 2407 nec-

1266 2439 1330 2461 non
1349 2438 1421 2461 curn
1436 2427 1600 2472 quibusvis
1614 2427 1764 2460 clausulis
1777 2437 1836 2471 pro
1848 2432 2005 2470 tempore,

1266 2481 1362 2515 etiam
1375 2482 1406 2514 in
1416 2482 1591 2515 crastinum
1601 2480 1828 2524 assumptionis
1839 2481 1879 2513 ad
1890 2480 2006 2514 summi

1266 2536 1462 2579 apostolatus
1492 2535 1615 2579 apicem
1637 2544 1918 2578 quorumcumque
1937 2545 2008 2567 suc-

1266 2599 1429 2622 cessorum
1451 2594 1636 2622 nostrorum
1654 2588 1745 2621 sactis
1773 2594 1804 2622 et
1833 2587 2004 2627 concessis,

1267 2641 1509 2686 comprehendi,
1533 2642 1589 2675 sed
1608 2652 1736 2685 semper
1756 2641 1795 2674 ab
1825 2640 1887 2673 illis
1918 2650 2007 2673 exce-

1266 2701 1346 2740 ptas,
1370 2701 1399 2728 et
1420 2695 1545 2739 quoties
1565 2695 1619 2729 illa
1639 2694 1782 2729 revocari
1806 2694 1855 2727 vel
1877 2693 2006 2727 limitari

1702 2746 1711 2757 »

2020 290 2069 316 An.
2085 289 2111 316 C.
2136 290 2202 317 1592

2038 359 2160 386 Inquisitori
2175 361 2203 381 fa-

2018 387 2118 407 cultatem
2129 392 2203 408 conce-

2019 413 2050 433 dit
2062 413 2140 433 realem
2148 413 2204 434 iltius

2019 439 2119 465 capiendi
2156 445 2203 465 pos-

2019 471 2140 486 somonam.

2033 1156 2159 1177 Praese-ntes
2172 1158 2203 1177 tit-

2020 1185 2075 1203 teras
2091 1184 2146 1203 nult-1
2168 1190 2204 1204 un-

2020 1215 2082 1235 quam
2102 1210 2152 1231 vitio
2167 1216 2204 1230 no-

2020 1239 2060 1256 tai-1
2083 1242 2145 1262 posse
2169 1237 2204 1257 ile—

2021 1264 2094 1284 clarat.
