2226 3070
208 275 261 303 An.
278 273 307 317 c.
324 273 392 302 1590

237 787 334 810 Dec-reta.
364 787 389 807 de

210 819 282 845 quihus
299 824 366 843 supra.

220 929 327 950 Serramla
337 935 376 948 ron

209 962 280 981 rimlia
335 962 389 980 iuter

206 994 339 1017 comitatum,
369 995 389 1012 et

207 1025 315 1044 civitatem
338 1023 391 1043 tarta

208 1055 231 1074 ab
270 1055 390 1075 Alexandro

207 1086 336 1106 centuriam·
348 1093 389 1106 su—

208 1124 245 1143 per
282 1118 389 1137 soluti-unc

207 1154 294 1167 onerum
311 1152 389 1168 extrat-

208 1181 361 1200 nidlnariurutn

452 262 516 298 160

406 325 540 366 stolicis,
566 336 602 359 ae
614 326 872 369 exemptionibus
893 331 924 357 et
943 324 1157 357 immunitati-

405 379 466 412 bus
486 379 517 411 in
539 379 737 412 contrarimn
759 377 1003 423 quomodolibet
1025 388 1157 411 conces-

406 433 460 472 sis,
474 432 659 476 approbatis
681 438 708 465 et
730 432 897 464 innovatis.
917 431 1040 470 Quibus
1051 431 1157 464 omni-

406 487 476 527 bus,
517 487 646 519 illorum
684 491 810 518 tenores
844 485 1068 528 praesentibus
1098 496 1158 529 pro

407 539 563 583 expressis
583 539 749 578 habentes,
772 538 836 571 illis
860 538 939 571 alias
964 539 994 571 in
1016 549 1074 572 suo
1104 550 1157 572 ro-

407 594 484 626 bore
518 592 759 637 permansuris,
791 592 852 625 hac
881 592 949 625 vice
980 592 1155 632 dumtaxat,

407 646 588 690 specialiter
608 651 638 678 et
666 656 814 689 expresse
842 646 1046 688 derogamus,
1076 653 1159 680 cete-

407 699 514 742 risque
536 699 709 732 contrariis
725 699 1001 743 quibuscumque.

450 753 659 785 Decretoruni
681 763 820 796 quorum
847 763 945 796 supra
976 754 1008 786 fit
1036 754 1158 787 mentio

406 812 499 839 tenor
518 806 744 850 infrascriptus
765 813 823 840 est.

451 860 473 892 l.
486 860 594 893 Primo
608 871 681 893 cum
703 860 786 893 inter
804 861 990 894 comitatum
1010 861 1158 894 Caesena·

406 920 436 947 et
462 914 621 947 civitatem
651 915 690 947 lis
725 920 756 947 ct
782 915 1000 949 controversia
1031 916 1160 959 saepius

406 967 638 1011 compromissa
667 968 698 1000 in
725 968 823 1002 Sacro
859 969 956 1002 Rotae
996 969 1158 1001 Romanae

406 1021 574 1054 Auditorio
595 1032 693 1065 super
722 1022 876 1055 oneribus
896 1022 1160 1055 extraordinariis

408 1074 437 1106 in
460 1074 528 1107 dies
549 1075 811 1115 occurrentibus,
834 1077 873 1108 ad
894 1086 1034 1119 quorum
1058 1082 1157 1109 ratam

409 1133 530 1171 partem
552 1129 740 1161 solvendam
763 1129 871 1162 civitas
897 1130 1069 1162 comitatus
1086 1141 1158 1171 gra-

406 1193 479 1214 vare
500 1182 749 1225 praetendebam
772 1193 845 1214 eum
865 1183 931 1226 ipsa
946 1189 1046 1216 ratam
1068 1194 1157 1216 suam

407 1246 443 1267 ex
474 1235 632 1268 reditibus
668 1236 807 1279 publicis
828 1236 966 1269 solveret
995 1237 1080 1269 iuxta
1107 1237 1159 1270 de-

408 1288 563 1321 cisionem
586 1289 778 1322 cameralem
805 1300 822 1322 a
847 1289 951 1323 bonae
982 1291 1159 1323 memoriae

408 1342 566 1386 Episcopo
586 1342 753 1376 Narniensi
775 1354 859 1376 anno
880 1353 998 1376 MDLxlx
1027 1344 1156 1384 factam,

408 1396 567 1440 rebusque
588 1396 658 1429 aliis
671 1397 701 1429 in
714 1396 792 1430 actis
808 1408 923 1430 causae
938 1403 965 1430 ct
988 1408 1157 1430 causarum

407 1450 593 1482 huiusmodi
614 1450 709 1483 latius
730 1451 888 1489 deductis,
912 1452 1030 1484 multos
1059 1462 1159 1484 annos

407 1503 580 1544 duraverit,
604 1504 741 1537 maxima
772 1505 940 1548 utriusque
972 1505 1070 1547 partis
1102 1505 1159 1538 im—

409 1567 505 1599 pensa
518 1557 745 1590 etincomodo.
764 1557 908 1601 Cumque
920 1569 966 1597 ca,
988 1565 1017 1592 ct
1039 1559 1159 1592 civilius

408 1616 438 1642 et
458 1611 647 1643 comitativis
667 1613 953 1652 consentientibus,
976 1625 992 1645 a
1013 1624 1159 1646 reveren-

409 1664 539 1697 dissimo
569 1665 701 1698 domino
741 1667 921 1699 Alexandro
946 1666 1156 1707 Centuriono,

407 1717 561 1766 Gamerae
597 1719 799 1762 Apostolicae
829 1720 959 1759 clerico,
1000 1720 1159 1753 visitatore

408 1771 597 1815 apostolico,
623 1773 783 1816 dirempta
804 1779 831 1806 et
852 1774 1031 1817 composita
1052 1774 1158 1814 suerit,

407 1831 441 1857 ut
462 1825 494 1857 in
515 1824 730 1859 instrumento
755 1826 999 1870 compositionis
1030 1833 1058 1860 et
1080 1838 1158 1860 con-

407 1878 536 1912 cordiae
558 1879 608 1911 dic
638 1881 779 1912 secunda
810 1880 947 1913 ianuarii
977 1890 1158 1914 iianxxxm

406 1943 465 1975 per
485 1938 554 1965 acta
566 1932 689 1965 domini
700 1934 837 1966 Andrete
853 1934 991 1975 Martini,
1006 1934 1158 1968 Gamerae

407 1985 610 2029 Apostolicae
630 1987 759 2026 notarii,
778 1987 815 2019 ad
832 1987 919 2030 quod
932 1987 1090 2020 habeatur
1100 1999 1159 2031 pro

407 2039 537 2073 veritate
570 2040 695 2073 relatio.
731 2041 870 2074 Proinde
906 2041 1157 2075 instrumentum

407 2093 592 2127 huiusmodi
610 2095 747 2128 firmiter
767 2101 799 2129 et
811 2096 1038 2129 inviolabiliter
1054 2097 1158 2129 utrin-

407 2159 469 2191 que
489 2149 650 2182 observari
671 2155 701 2182 et
721 2150 890 2194 adimpleri
903 2151 1083 2189 mandatur,
1100 2152 1159 2183 suli

408 2201 520 2244 poenis
539 2209 669 2235 centum
683 2202 887 2244 ducatorum,
902 2203 1053 2237 Gamerae
1074 2204 1158 2247 Apo-

407 2255 547 2295 stolicae,
565 2256 692 2298 quoties
712 2262 956 2290 contraventuni
978 2258 1084 2297 suerit,
1106 2269 1160 2301 ap-

408 2308 645 2352 plicandorum,
674 2309 743 2353 ipso
765 2310 846 2343 sacto
868 2322 926 2354 per
945 2313 1052 2355 primo
1082 2323 1159 2344 eon-

407 2362 639 2396 travenientem
662 2364 964 2407 persolvendorum,
985 2376 1155 2408 expensae-

407 2426 470 2459 que
491 2416 661 2449 occasione
682 2417 776 2450 dictae
787 2419 980 2452 concordiae
995 2419 1159 2453 dumtaxat

407 2476 424 2497 a
438 2464 609 2498 duodecim
623 2467 889 2509 procuratoribus
900 2467 976 2500 dicti
989 2468 1160 2502 comitatus

409 2514 522 2555 sactae,
537 2513 599 2546 illis
614 2520 765 2557 acceptae
788 2515 933 2548 serantur
944 2523 974 2549 et
986 2518 1157 2550 retundan-

408 2568 477 2602 tur;
499 2574 539 2596 ne
560 2563 599 2596 ob
629 2564 797 2606 negotium
829 2566 996 2599 coittilttlui
1026 2567 1159 2600 utilissi-

408 2623 508 2652 mum,
538 2614 623 2655 quod
652 2619 830 2656 gesserunt,
864 2615 1017 2647 damnum
1046 2627 1158 2648 consc-

409 2667 560 2704 quantur.

1005 271 1184 296 BULLARIUM
1202 271 1353 296 ROMANUM

1963 273 2018 301 An.
2033 272 2064 302 C.
2081 274 2149 303 1590

1244 324 1280 358 ll.
1321 324 1460 359 Curetur
1495 325 1684 359 omnimodo
1722 331 1757 359 ut
1793 337 1950 360 numerus
1978 339 2150 361 Duodecimum-

1201 383 1450 422 proeuratoruin
1472 379 1644 412 comitatus
1663 390 1728 412 non
1747 379 1786 412 sit
1810 380 1950 425 amplius
1964 374 2007 424 ᾆζῗ
2023 374 2150 429 ζ’,ζωᾟῗζ

1201 432 1248 464 vel
1269 432 1377 464 minus
1397 432 1584 473 duodecim,
1606 433 1754 466 videlieet
1774 433 1870 466 trium
1891 444 1950 478 pro
1966 434 2150 491 {ffl‡³,⁸,{¹„do⁰¹¹„]

1200 486 1345 529 quolibet
1370 497 1406 519 ex
1427 492 1568 530 quatuor
1587 486 1770 530 quarteriis,
1792 487 1879 520 iuxta
1888 488 1952 520 sor·
1967 496 2004 517 sui»
2019 497 2095 531 poenis
2117 496 2150 516 mc

1201 550 1283 572 mam
1306 540 1523 584 capitulorum
1542 551 1577 574 ex
1600 541 1712 574 ordine
1732 540 1847 574 Sacrae
1867 540 1951 574 Con·
1966 527 2071 553 ”mum

1201 594 1302 627 sultae
1324 599 1469 637 tempore
1494 594 1598 627 felicis
1620 594 1856 628 recordationis
1876 593 1953 627 Gre-

1200 647 1281 690 gorii
1319 647 1422 691 Papae
1449 647 1513 680 XIII
1544 648 1724 687 sactorum;
1747 654 1778 681 et
1809 653 1844 680 ut
1872 647 1953 681 haec

1201 701 1348 734 executio
1386 701 1459 741 liat,
1500 701 1525 733 si
1564 712 1600 734 ex
1638 701 1747 744 aliquo
1791 701 1950 734 dictorum

1201 754 1440 797 quartciiorum
1463 755 1548 787 ultra
1570 760 1634 788 tres
1654 760 1894 798 procuratores,
1916 760 1961 788 ex‘

1201 808 1310 851 aliquo
1331 819 1406 842 vero
1433 809 1539 842 minus
1561 809 1664 842 tribus
1682 808 1801 841 inventi
1822 808 1952 848 fuerint,

1202 868 1428 905 procuratores
1462 863 1529 896 eius
1557 863 1711 906 quarterii
1738 874 1793 896 seu
1822 867 1952 906 quarte-

1202 916 1337 956 riorum,
1359 916 1414 960 qui
1435 916 1533 948 trium
1559 921 1808 960 procuratorum
1837 927 1952 949 nume-

1202 981 1287 1010 rum,
1314 976 1348 1002 ut
1377 970 1571 1014 praefertur,
1603 970 1814 1010 excesserint,
1841 980 1954 1003 omnes

1202 1025 1473 1064 imhussulcntur,
1502 1035 1575 1057 cum
1605 1023 1786 1068 praesentia
1806 1028 1833 1056 et
1853 1023 1953 1056 inter-

1201 1084 1295 1110 ventu
1309 1078 1385 1110 dieti
1402 1077 1629 1120 gubernatoris
1641 1078 1812 1117 Caesenae,
1824 1082 1855 1110 et
1868 1081 1954 1110 sorte

1202 1143 1237 1163 ex
1251 1131 1313 1164 illis
1327 1132 1535 1164 extrahantur
1550 1138 1624 1171 tres,
1636 1131 1691 1174 qui
1702 1131 1846 1164 officium
1862 1140 1953 1163 exer-

1202 1191 1304 1217 ceant.
1328 1185 1431 1218 Ceteri
1458 1192 1565 1219 autem
1594 1190 1821 1218 removeantur
1840 1184 1880 1217 ab
1906 1184 1953 1216 os-

1201 1238 1275 1270 ficio
1310 1245 1340 1271 et
1375 1238 1669 1271 administratione:
1698 1238 1753 1281 qui
1778 1248 1853 1271 vero
1882 1242 1954 1282 post

1202 1292 1388 1325 huiusmodi
1411 1292 1713 1325 imbussulationem
1735 1297 1765 1324 et
1782 1291 1952 1325 extractio-

1202 1356 1274 1378 nem
1297 1357 1399 1390 usque
1420 1347 1459 1379 ad
1486 1357 1661 1380 numerum
1692 1346 1866 1379 duodecim
1896 1345 1952 1379 de-

1202 1400 1322 1441 ficiant,
1346 1412 1381 1433 ex
1399 1411 1437 1433 eo
1457 1401 1636 1444 quarterio,
1650 1400 1737 1444 quod
1754 1399 1862 1433 minus
1875 1410 1954 1443 qua-

1202 1459 1275 1487 tuor
1296 1454 1561 1497 proeuratorilms
1589 1454 1730 1495 habebit,
1751 1453 1838 1486 iuxta
1862 1464 1954 1497 prae-

1202 1508 1289 1540 dicta
1310 1508 1452 1551 capitula
1473 1508 1698 1552 suppleantur.
1721 1507 1758 1540 Et
1787 1513 1823 1540 ut
1848 1517 1952 1550 quan-

1203 1567 1233 1594 to
1250 1561 1344 1594 eitius
1361 1562 1399 1594 ad
1421 1561 1505 1594 hanc
1537 1561 1758 1594 executionem
1780 1560 1952 1594 duodecim

1202 1621 1453 1658 procuratorum
1472 1615 1503 1647 in
1533 1620 1635 1647 totum
1662 1614 1844 1655 deveniant,
1871 1614 1953 1648 inte-

1202 1669 1260 1700 rim
1276 1668 1461 1701 inhibeatur
1475 1668 1841 1712 proeuratoribusillius
1859 1679 1955 1711 quar-

1202 1722 1285 1762 terii,
1316 1723 1371 1765 qui
1404 1727 1466 1755 tres
1500 1722 1705 1763 excesserint,
1735 1733 1775 1755 ne
1811 1722 1952 1756 officium

1202 1781 1370 1808 exerceant
1389 1776 1493 1809 donec
1516 1775 1742 1809 imhussulatio
1752 1781 1781 1809 et
1798 1775 1954 1808 extractio

1202 1829 1365 1871 praedicta
1383 1830 1465 1862 sacta
1476 1829 1571 1862 suerit
1587 1841 1593 1862 :
1617 1829 1694 1871 quin
1706 1829 1801 1862 etiam
1816 1839 1952 1862 exnunc

1201 1878 1328 1911 inhibiti
1350 1884 1380 1911 et
1400 1878 1547 1922 suspensi
1569 1885 1762 1912 censeantur
1773 1878 1832 1912 sub
1848 1889 1953 1922 poena

1201 1928 1434 1972 quinquaginta
1456 1928 1660 1968 ducatorum,
1683 1939 1717 1961 ex
1738 1928 1858 1972 quibus
1871 1928 1953 1961 duae

1201 1983 1335 2020 quartae
1356 1983 1461 2020 partes
1487 1976 1640 2010 Gamerae
1652 1977 1866 2020 Apostolicae‚
1881 1976 1954 2010 reli-

1201 2037 1283 2069 quae
1299 2027 1381 2059 duae
1395 2032 1527 2070 quartae
1543 2032 1650 2070 partes
1661 2027 1745 2059 inter
1760 2031 1951 2069 procurato-

1202 2086 1269 2108 rem
1300 2075 1366 2108 fisci
1391 2082 1421 2108 et
1452 2081 1673 2108 accusatorem
1695 2074 1890 2107 dividantur.
1917 2074 1950 2107 In

1202 2125 1469 2168 procuratoribus
1480 2135 1554 2158 vero
1567 2125 1597 2157 in
1611 2125 1719 2157 locum
1731 2124 1951 2157 deficientium

1202 2174 1368 2216 eligendis,
1393 2180 1455 2207 tam
1477 2175 1584 2218 quoad
1612 2174 1807 2207 scrutinium
1839 2179 1868 2207 et
1894 2174 1953 2206 im-

1202 2223 1456 2256 hussulationem
1488 2223 1690 2263 faciendam,
1722 2233 1819 2267 quam
1845 2223 1952 2267 quoad

1202 2271 1425 2314 eligendorum
1441 2272 1642 2316 qualitatem,
1660 2278 1805 2306 servetur
1820 2271 1953 2305 omnino

1202 2322 1304 2354 forma
1325 2322 1485 2355 dictorum
1507 2323 1738 2366 capitulorum,
1761 2332 1864 2366 eaque
1885 2332 1953 2356 exe-

1203 2370 1324 2404 cutioni
1345 2372 1529 2404 mandetur.

1246 2421 1295 2453 III.
1319 2420 1463 2459 Quatuor
1488 2421 1612 2464 priores
1642 2420 1705 2453 sive
1727 2426 1874 2463 regentes
1901 2430 1954 2454 co·
2008 2422 2150 2470 &ministris

1966 2455 2023 2476 quoi
2040 2453 2062 2471 et
2094 2455 2149 2470 anno

1203 2469 1332 2502 mitatus
1353 2470 1384 2502 in
1406 2470 1468 2502 tine
1495 2469 1569 2502 anni
1591 2480 1702 2503 eorum
1738 2469 1851 2511 officii,
1878 2479 2025 2508 exa-suaa.
2053 2476 2149 2508 edwini,-

1202 2525 1372 2562 ctoresque
1402 2530 1439 2551 ac
1473 2519 1569 2551 ceteri
1608 2518 1745 2551 ministri
1783 2523 1954 2552 teneantur
1967 2505 2076 2562 {Z‘Jll‘l'lffi
2096 2506 2149 2551 ‘53¹1ss

1203 2567 1337 2600 reddere
1359 2567 1534 2609 legitimam
1563 2574 1590 2600 et
1622 2567 1762 2600 debitam
1793 2567 1951 2600 rationem
1966 2560 2149 2611 iiiiiwfssiioqnussss

1202 2616 1347 2649 omnium
1369 2623 1396 2649 et
1415 2617 1619 2659 singulorum
1642 2627 1698 2660 per
1717 2627 1771 2650 cos
1786 2622 1950 2659 gestorum

1967 2617 2011 2631 rum
2020 2617 2038 2658 ιι
2054 2610 2148 2657 ςυοΙὶΘδΙῗι

1981 2643 2013 2658 unt
2029 2643 2074 2658 01¹1ss
2137 2647 2149 2651 -

1202 2670 1232 2699 et
1251 2665 1549 2698 administratorum
1563 2676 1672 2699 coram
1693 2665 1824 2698 domino
1835 2665 1952 2708 guber·
1966 2644 2087 2689 {endum
