2226 3070
46 305 94 332 An.
111 305 140 331 C.
159 303 226 331 ¹592

68 1689 187 1709 Exordium.

90 2112 224 2139 Paupertaus

42 2144 106 2160 eausa
129 2140 224 2166 episcopi

42 2165 105 2186 Maris
117 2166 188 2192 AEfgaei
204 2167 224 2186 in

42 2191 173 2213 dioecesibus
181 2193 224 2214 suis

43 2224 82 2239 non
97 2219 224 2240 residebant.

859 302 1004 326 CLEMENS
1024 303 1081 326 vul
1103 303 1152 325 Pr.

241 352 376 391 tionum,
397 351 516 392 statuti,
538 351 773 391 declarationis,
798 350 982 389 voluntatis,

239 405 412 450 praecepti,
429 406 644 445 decretorum,
660 405 899 445 mandatorum,
912 414 986 437 ven-

240 459 382 499 ditionis,
403 458 616 497 alienationis,
639 458 766 497 indulti,
790 456 982 496 donationis,

240 512 436 554 elargitiouis
457 517 486 544 et
508 511 725 553 derogationis
746 511 919 553 infringere
938 510 984 542 vel

240 564 268 597 ei
289 575 367 597 ausu
381 564 551 597 temerario
564 565 734 597 contraire.
749 564 779 597 Si
795 564 865 607 quis
879 569 984 596 autem

240 618 301 650 hoc
327 623 483 650 attentare
503 617 765 661 praesumpserit,
790 616 985 658 indignatio-

240 680 313 702 nem
334 669 563 713 omnipotentis
583 669 637 702 Dei
659 680 694 702 ac
715 670 883 702 beatorum
901 668 985 701 Petri

240 727 268 754 et
289 721 378 754 Pauli
399 722 619 765 apostolorum
640 722 715 754 Eius
739 732 771 754 se
793 721 914 754 noverit
936 721 985 753 in-

240 785 420 808 cursurum.

282 828 396 860 Datum
417 828 537 860 Romae
565 828 650 871 apud
678 828 708 860 S.
732 827 877 867 Petrum,
901 837 1004 859 anno*

239 881 471 915 incarnationis
494 881 679 914 Douiinicae
704 891 833 917 nnxcu,
858 891 902 913 vn
930 881 986 913 ka-

240 935 350 968 lendas
370 935 457 976 maii,
480 935 688 978 pontificatus
708 934 808 967 nostri
830 944 914 966 anno
936 944 956 967 1.

274 997 335 1023 Dat.
349 996 392 1023 die
406 997 441 1025 25
456 996 550 1031 aprilis
574 996 651 1029 1592,
668 999 743 1032 pout.
759 1004 802 1022 an⁴
820 1002 836 1022 1.

582 1158 644 1190 XV.

240 1255 431 1298 Assiynatio
441 1255 608 1298 pensionis
623 1265 641 1287 a
655 1254 729 1287 Rev.
746 1254 883 1287 camera
895 1255 984 1298 Apo-

282 1307 397 1341 ειοίἱεαΥ
406 1307 635 1351 persolvendae
644 1307 787 1350 sinyulis
796 1318 862 1339 (mn
869 1308 895 1339 is
906 1308 988 1350 epis-

284 1361 370 1404 copis
401 1361 516 1392 latinis
542 1361 578 1392 ιή
607 1360 694 1392 Mari
712 1361 854 1403 AEslaw,
880 1361 987 1392 Bosna

284 1417 313 1445 et
331 1413 499 1446 Moldat'ia
519 1413 538 1445 ¹.

447 1502 580 1531 Clemens
602 1502 681 1535 Papa
703 1502 782 1533 VIII,

392 1555 429 1583 ad
444 1556 579 1583 futuram
593 1555 639 1582 rei
653 1555 834 1582 memoriam.

285 1629 318 1661 ln
347 1623 550 1672 Apostolicae
580 1627 670 1661 Sedis
699 1628 850 1671 specula,
875 1627 985 1671 ‹lispo-

241 1687 335 1715 nente
348 1681 495 1722 Domino,
512 1680 686 1721 constituti,
701 1681 741 1713 ad
761 1680 985 1713 universorum

241 1735 498 1770 christifidelium
519 1735 653 1767 salutem
679 1735 916 1778 procurandam
947 1734 988 1767 ita

241 1800 299 1823 nos
331 1789 491 1822 debitores
522 1799 590 1822 esse
621 1789 844 1831 agnoscimus,
870 1794 988 1821 utnon

241 1844 348 1876 minus
362 1843 456 1885 longe
473 1853 569 1886 quam
588 1842 674 1875 iuxta
690 1842 803 1885 positis
821 1842 989 1885 pastoralis

239 1902 367 1930 nostrae
397 1895 579 1938 vigilantiae
600 1901 629 1928 et
654 1894 818 1927 charitatis
846 1894 987 1927 studium

240 1950 409 1994 impartiri,
427 1950 579 1993 quodque
591 1949 734 1992 utrisque
752 1949 900 1992 expedire
914 1959 988 1981 cen-

239 2014 346 2036 semus
365 2013 424 2047 pro
444 2002 565 2035 viribus
585 2002 698 2045 exequi
718 2003 915 2035 studeamus.

285 2056 352 2098 gi.
376 2055 500 2089 Idcirco
532 2065 597 2088 non
628 2055 791 2087 immerito
823 2054 988 2097 cupientes

239 2110 333 2143 saluti
347 2109 605 2143 christifidelium
618 2109 791 2141 latinorum
806 2114 836 2140 et
849 2108 988 2140 aliorum

240 2163 500 2203 christianorum,
517 2162 572 2206 qui
592 2162 624 2194 in
642 2161 786 2205 partibus
808 2161 988 2194 infidelium
1004 2202 1007 2210 γ

239 2228 295 2250 seu
312 2223 478 2249 turcarum
510 2215 669 2260 t3Tannidi
701 2214 851 2248 subiectis
866 2242 873 2253 ,
896 2226 988 2258 prae-

241 2270 353 2303 sertim
384 2280 459 2303 vero
489 2269 521 2301 in
545 2268 657 2302 insulis
677 2268 770 2301 Maris
795 2268 904 2310 AEgaei
932 2279 987 2301 seu

240 2322 465 2367 Archipelaghi
479 2322 626 2358 existunt,
639 2321 839 2365 prospice1=e;
856 2327 988 2365 accepto

239 2387 298 2420 per
313 2386 372 2409 nos
393 2376 481 2419 quod
500 2386 613 2408 eorum
634 2374 777 2417 episcopi
796 2380 825 2406 et
845 2380 989 2417 pastores

239 2436 372 2475 propter
391 2439 505 2463 eorum
527 2434 555 2461 et
577 2428 785 2461 ecclesiarum
803 2427 945 2471 inopiam
959 2433 989 2461 et

242 2482 467 2527 impotentiam
489 2482 574 2525 apud
592 2481 678 2525 ipsos
692 2491 823 2513 manere
837 2486 865 2513 et
879 2480 909 2512 in
924 2480 988 2513 suis

240 2536 382 2569 ecclesiis
402 2534 595 2568 substentari
615 2544 681 2567 non
700 2535 859 2574 valentes,
884 2544 987 2578 neque

240 2589 406 2629 continuo,
427 2594 460 2621 ut
479 2588 608 2624 debent,
631 2587 784 2627 resident,
808 2598 864 2620 seu
885 2597 918 2619 se
939 2598 988 2620 re-

240 2642 345 2675 sidere
375 2651 441 2674 non
470 2651 563 2684 posse
592 2646 758 2679 excusant3
791 2651 831 2673 uc
861 2640 987 2674 defectu

278 2706 286 2730 1
310 2703 348 2730 Ex
365 2703 470 2738 Regest.
487 2703 513 2729 in
529 2703 632 2730 Secret.
649 2702 782 2729 Brevium.

1671 290 1734 323 549

1020 350 1067 382 vel
1104 349 1247 382 absentia
1281 348 1506 391 episcoporum
1543 347 1616 379 dicti
1654 347 1765 380 fideles

1020 403 1171 447 pastorali
1199 413 1275 435 cura
1306 400 1446 434 destituti
1479 400 1509 432 in
1540 400 1687 433 haereses
1716 401 1762 432 vel

1019 456 1158 489 schisma
1169 456 1217 488 rel
1235 456 1265 487 in
1283 454 1504 487 infidelitatem
1522 454 1637 486 misere
1654 454 1764 485 lahan-

1022 516 1071 542 tur
1083 510 1146 542 sive
1161 509 1364 548 inducantur,
1380 518 1457 540 neve
1469 507 1546 539 alias
1558 512 1700 550 pereant,
1711 507 1765 539 sed

1020 563 1208 596 eorumdem
1231 562 1456 605 episcoporum
1476 560 1679 604 praesentia,
1701 566 1766 592 stu-

1020 616 1072 649 dio
1094 622 1121 649 et
1143 616 1260 648 auxilio
1281 616 1313 647 in
1332 615 1522 647 christianae
1543 620 1570 647 ct
1593 613 1767 646 catholicae

1020 669 1094 702 fidei
1117 669 1247 706 unitate,
1272 668 1429 705 doctrina,
1454 668 1598 700 moribus
1620 673 1649 700 et
1670 678 1764 710 prac-

1020 723 1119 766 ceptis
1139 722 1364 755 contineantur
1385 727 1412 753 et
1435 727 1673 756 conserventur,
1692 731 1766 764 pio-

1002 775 1127 807 ¹videre
1159 775 1321 809 volentes,
1345 780 1434 806 motu
1465 774 1616 817 proprio,
1640 784 1704 805 non
1728 774 1767 806 ad
1795 812 1798 813 ⁷

1782 299 1828 325 An.
1847 299 1876 325 C.
1899 299 1963 325 1592

1021 827 1154 860 alicuius
1176 827 1266 859 nobis
1284 827 1452 870 superhoc
1467 827 1592 859 ohlatae
1606 826 1767 869 petitionis
1794 818 1852 857 ..s-¹¹⁹*

1021 882 1216 917 instantiam,
1240 882 1294 914 sed
1318 892 1353 913 ex
1383 892 1471 913 mera
1492 881 1682 913 liberalitate
1700 891 1767 913 cer·
1783 871 1802 909 ssi

1021 941 1115 979 taque
1136 934 1268 967 scicntia
1288 940 1408 971 nostra,
1423 940 1578 977 perpetuo
1600 933 1768 966 statuimus
1783 923 1837 960 ''{{'¹¹'

1021 994 1050 1021 et
1075 987 1278 1021 decernimus
1310 986 1520 1030 infrascriptis
1550 987 1708 1030 episcopis
1738 992 1765 1019 et

1021 1051 1132 1073 eorum
1155 1039 1393 1073 successorihus
1414 1051 1450 1071 cx
1470 1039 1587 1071 nostris
1608 1044 1636 1071 et
1657 1040 1767 1072 Came-

1021 1105 1074 1126 rae
1095 1093 1297 1137 Apostolicae
1317 1092 1472 1136 pecuniis,
1491 1093 1592 1125 donec
1614 1092 1657 1124 cis
1678 1091 1769 1124 aliter

1021 1152 1201 1190 opportune
1222 1145 1384 1189 provisum
1406 1145 1511 1180 suerit,
1528 1144 1660 1186 singulis
1678 1144 1769 1177 annis

1021 1201 1053 1232 in
1089 1200 1215 1233 duobus
1251 1198 1414 1238 terminis,
1455 1209 1520 1230 uno
1556 1198 1703 1231 videlicet
1738 1199 1767 1230 in

1022 1253 1052 1287 S.
1074 1253 1201 1286 Ioannis
1221 1252 1380 1295 Baptistae
1401 1262 1418 1284 a
1439 1251 1582 1295 proxime
1597 1252 1701 1284 sutura
1720 1251 1768 1283 in-

1022 1307 1182 1350 cipiendo.
1207 1313 1234 1339 et
1268 1306 1331 1339 alio
1360 1306 1392 1338 iu
1419 1305 1540 1338 domini
1571 1305 1670 1338 nostri
1698 1307 1768 1338 Iesu

1022 1360 1133 1394 Christi
1165 1359 1370 1392 Nativitatum
1401 1359 1643 1395 l‘=;=stivitatilms,
1672 1358 1769 1391 infra-

1022 1412 1155 1455 scriptas
1180 1422 1322 1444 summas
1342 1412 1481 1453 integras
1501 1411 1711 1444 indiminutas
1739 1412 1768 1444 in

1004 1466 1147 1498 'civitate
1168 1465 1388 1505 Venetiarum,
1419 1465 1538 1508 absque
1571 1465 1687 1497 cambii
1722 1466 1768 1498 rel

1023 1519 1156 1552 alicuius
1177 1518 1298 1558 damni,
1323 1518 1505 1551 detrimenti
1533 1519 1579 1550 rel
1612 1519 1769 1551 mercedis

1023 1571 1215 1604 deductione
1233 1582 1288 1603 seu
1310 1571 1530 1607 desalcatione,
1555 1571 1692 1614 persolvi
1714 1572 1769 1604 de-

1022 1626 1109 1663 here,
1127 1626 1321 1669 easdemque
1341 1636 1483 1657 summas
1501 1625 1673 1668 praedictIs
1688 1625 1770 1668 cpis-

1023 1679 1111 1723 copis
1131 1685 1159 1711 et
1182 1689 1293 1711 eorum
1315 1678 1447 1720 singulis
1477 1678 1518 1721 in·
1541 1678 1631 1711 dictis
1664 1678 1771 1710 termi-

1023 1733 1082 1770 nis,
1107 1738 1137 1765 ut
1160 1732 1339 1776 praefertur
1356 1732 1594 1776 persolvendas,
1611 1732 1680 1764 loco
1693 1742 1770 1775 pen-

1023 1786 1121 1818 sionis
1142 1796 1267 1817 annuae
1288 1785 1327 1817 ab
1350 1785 1437 1818 omni
1452 1785 1515 1817 alio
1529 1795 1626 1817 onere
1641 1795 1771 1828 prorsus

1024 1841 1177 1874 immunis
1197 1847 1225 1873 et
1248 1846 1424 1883 exemptae,
1442 1840 1630 1874 auctoritate
1643 1845 1771 1883 aposto-

1023 1895 1093 1931 lica,
1119 1901 1228 1927 tenore
1255 1894 1488 1937 praesentium,
1513 1893 1720 1926 concedimus
1742 1899 1769 1925 et

1023 1948 1234 1990 assignaums.

1068 2002 1083 2044 ξ
1104 2001 1133 2033 Q.
1158 2001 1343 2033 nand-antes
1364 2006 1534 2043 propterea
1555 1999 1678 2032 dilectis
1699 1999 1771 2031 filiis
1787 2038 1797 2049 .-
1828 2004 1910 2049 'svm
1924 2010 1953 2048 ‘¹1

1024 2054 1222 2087 thesaurario
1252 2059 1280 2087 et
1302 2053 1496 2097 depositario
1521 2052 1637 2085 nostris
1662 2058 1691 2085 et
1712 2063 1771 2096 pro
1787 2066 1797 2077 ν
1841 2058 1845 2070 “

1024 2115 1169 2152 tempore
1190 2107 1352 2140 existentis
1372 2107 1507 2139 Romani
1529 2106 1692 2139 Pontificis
1711 2117 1767 2148 ge·
1794 2119 1798 2130 ¹

1023 2161 1196 2201 nerahhus,
1220 2160 1444 2204 praesentibus
1462 2166 1488 2192 ct
1510 2159 1634 2197 suturis,
1650 2159 1769 2192 eisdem

1022 2215 1055 2247 in
1076 2215 1190 2247 virtute
1216 2219 1342 2246 sanctae
1371 2213 1573 2245 obedientiae
1592 2218 1621 2245 ct
1642 2213 1700 2245 suh
1719 2212 1768 2244 in-

1023 2267 1217 2310 dignationis
1237 2272 1365 2299 nostrae
1395 2266 1529 2309 aliisque
1559 2265 1692 2298 arbitrio
1714 2276 1770 2297 no-

1022 2327 1087 2354 stro
1108 2320 1220 2364 poenis
1242 2319 1382 2352 districte
1405 2318 1655 2362 praecipientes,
1684 2324 1717 2351 ut
1739 2318 1769 2350 in

1022 2373 1192 2418 praedictis
1206 2372 1361 2411 terminis,
1373 2379 1401 2406 et
1414 2372 1538 2405 civitate
1552 2371 1767 2410 Venetiarum,

1023 2426 1115 2459 dictis
1140 2425 1297 2469 episcopis
1326 2431 1352 2458 et
1387 2436 1498 2458 corum
1532 2425 1770 2458 successorihus

1023 2487 1075 2513 aut
1098 2481 1240 2523 ipsorum
1262 2479 1412 2522 legitimis
1433 2479 1695 2523 procuratorilms
1723 2479 1770 2511 vel

1023 2533 1202 2576 agentibus,
1226 2534 1328 2566 donec
1349 2533 1440 2566 aliter
1461 2532 1505 2565 eis
1525 2532 1688 2576 provisum
1702 2532 1769 2563 suc-

1022 2587 1072 2625 rit,
1089 2592 1121 2619 ut
1137 2587 1328 2631 praefertur,
1344 2586 1444 2619 dictas
1457 2585 1669 2630 pecuniarum
1682 2595 1770 2616 sum-

1023 2650 1090 2672 mas
1110 2650 1165 2672 seu
1187 2639 1378 2682 quantitates
1395 2638 1495 2671 libere
1516 2643 1543 2670 ct
1567 2638 1686 2680 absque
1708 2635 1767 2668 ali-

1023 2704 1085 2737 qua
1107 2703 1207 2733 mora,
1224 2693 1312 2726 nullo
1331 2692 1393 2725 alio
1415 2703 1432 2724 a
1453 2691 1545 2724 nohis
1565 2701 1622 2723 seu
1642 2700 1769 2723 succes-

1785 2144 1867 2157 wuuuu
1887 2137 1954 2156 -lcmai
1965 2146 1970 2150 -

1786 2165 1828 2184 dai.
