2226 3070
70 272 118 296 An.
135 270 164 297 C.
182 270 248 297 t590

922 266 1026 289 SIXTUS
1051 266 1068 288 V
1093 266 1139 289 ΓΡ.

265 318 496 351 committimus
536 326 562 351 et
597 320 807 363 deputamus3
842 319 953 351 dantes
988 325 1014 351 et

265 372 479 405 concedentes
512 373 565 405 tibi
599 379 625 405 ct
665 378 719 405 tuo
744 373 862 405 vicario
888 374 1015 416 plenam

264 432 291 457 et
331 425 463 458 liberam
499 438 535 459 ac
571 426 791 459 oiunimodam
834 427 1015 458 facultatem

265 480 549 522 congregationem
575 479 710 523 *collegii
750 480 918 522 pramlirti,
951 480 1015 519 ubi,

262 534 394 576 quando
416 539 442 565 et
464 533 590 576 quoties·
613 533 667 565 tibi
699 533 868 571 ridebitur,
897 544 1015 566 convo·

264 587 369 626 candi,
395 592 425 619 et
459 587 562 619 eidem
595 586 810 629 praesidendi,
841 587 1013 627 officiales,

263 641 445 684 deputatos,
475 640 639 672 ministros
668 652 703 672 ac
729 651 883 683 personas
911 640 1014 673 dictae

263 694 403 727 fabricae
424 693 621 727 reformandi
643 699 671 725 et
699 693 895 736 corrigendi,
918 700 947 726 et
976 695 1014 726 ab

262 748 307 779 eis
337 746 622 779 :ulministrationis
648 752 676 779 et
709 746 851 779 muneris
883 747 1012 780 cuilibet

261 807 375 833 contra
405 799 567 833 commissi
597 811 633 833 ac
659 806 722 832 tam
757 800 879 843 accepti
916 812 1012 844 quam

260 853 390 897 expensi
427 854 566 886 rationes
598 853 759 896 exigendi,
795 854 911 886 salaria
939 865 1013 887 cum

260 906 394 940 consilio
431 907 558 949 collegii
585 907 740 950 praedicti
768 907 1009 947 constituendi,

260 960 441 998 minuendi,
475 966 504 993 et
536 960 559 992 si
595 971 676 1004 opus
706 960 815 999 suerit,
853 961 1010 1003 augendi,

258 1024 391 1057 cosque,
405 1014 458 1058 qui
477 1015 509 1046 in
525 1014 630 1047 causis
643 1014 797 1046 fabricam
811 1014 1011 1057 praedit-tam

258 1069 529 1101 concernentibus
540 1068 713 1101 sententias
726 1069 858 1101 tulerint
869 1074 921 1101 aut
934 1069 1013 1101 alias

260 1122 483 1162 iudicaverint,
506 1121 706 1165 syndieandi,
731 1128 760 1154 et
786 1122 817 1154 in
839 1122 1011 1155 creationi-

257 1175 317 1208 bus
337 1175 537 1216 officialium,
565 1181 596 1208 et
621 1174 870 1208 adinissionilms
903 1187 1013 1220 perso-

257 1240 373 1261 narum
385 1240 441 1262 seu
459 1230 687 1273 deputatorum
710 1229 837 1272 collegii
852 1230 1011 1273 praedicti

228 1286 233 1301 ²
255 1283 445 1326 sull'ragium
473 1283 595 1316 serendi
610 1310 617 1319 ,
641 1283 687 1316 ita
707 1289 741 1315 ut
762 1288 813 1323 tu,
841 1284 866 1315 si
892 1284 1009 1323 aderis,

82 1567 160 1588 causas
169 1568 239 1589 dictae

54 1598 147 1619 fabi-irae
177 1600 238 1619 inte*

56 1635 116 1650 resse
140 1636 239 1650 concer—

56 1664 133 1681 nentes
157 1667 239 1687 cugno-

55 1692 129 1713 scendi
146 1692 162 1713 l.

81 2374 193 2394 Ctausutae
208 2374 239 2394 di-

55 2408 103 2426 chw
112 2406 240 2426 concessio-

56 2438 89 2457 nis
109 2442 235 2464 praeserva-

55 2469 116 2488 [ivae⁴

256 1337 443 1379 sutl'ragium
466 1337 584 1381 duplex
605 1338 736 1378 babeas,
764 1337 882 1370 abusus
914 1348 1011 1381 quos-

256 1402 397 1435 cumque
435 1391 583 1429 tollendi,
616 1397 733 1424 statuta
772 1403 844 1424 eum
875 1392 1011 1425 consilio

255 1445 399 1478 eiusdem
427 1445 554 1488 collegii
576 1446 616 1479 de
645 1456 727 1478 novo
750 1445 922 1484 condendi,
950 1446 1010 1478 im-

257 1499 411 1539 mutandi,
434 1499 621 1531 declarandi
643 1506 672 1531 et
691 1499 886 1542 corrigendi.

300 1554 314 1596 ξ
348 1552 400 1585 14.
442 1553 560 1586 Causas
599 1564 822 1596 quascumque
857 1553 1010 1586 interesse

255 1606 359 1639 dictae
381 1606 520 1639 fabricae
542 1612 775 1639 concernentes
796 1607 828 1639 in
854 1618 1010 1649 quocum-

255 1671 317 1703 que
340 1661 491 1701 tribunali
506 1661 694 1704 pendentes,
711 1666 773 1693 tam
798 1666 901 1694 motas
912 1672 1008 1704 quam

255 1715 440 1755 movendas,
478 1725 636 1758 personae
675 1726 731 1747 seu
770 1715 917 1758 personis
952 1716 1008 1748 tibi

254 1768 423 1809 benevisis,
441 1769 479 1801 de
500 1769 645 1801 ciusdem
664 1774 770 1802 tamen
792 1769 932 1802 fabricae
944 1770 1009 1803 col-

256 1822 337 1865 legio
357 1822 578 1859 existentibus,
606 1823 841 1862 committendi,
875 1834 1006 1867 easque,

255 1876 279 1908 si
306 1876 479 1916 ridebitur,
501 1876 597 1909 etiam
618 1877 658 1909 ab
682 1876 732 1916 iis,
756 1887 865 1909 coram
891 1877 1008 1920 quibus

255 1929 456 1963 introductae
469 1936 498 1963 ct
510 1931 684 1963 instructae
695 1930 827 1970 suerint,
841 1931 1006 1971 avocandi,

255 1990 282 2016 et
304 1995 363 2028 per
392 1991 421 2018 tc
453 1985 558 2028 ipsum
580 1985 810 2027 cognoscendi,
838 1985 1005 2026 audiendi,

255 2037 468 2079 teriiiinamli,
500 2049 556 2071 seu
597 2038 650 2071 alii
682 2038 728 2072 vel
758 2038 829 2070 aliis
862 2038 1006 2071 eiusdem

255 2090 381 2134 collegii
416 2092 557 2125 fabricae
582 2091 729 2136 personis
761 2092 1004 2132 committendi,

256 2144 431 2189 omniaque
451 2145 482 2178 in
499 2145 684 2189 praemissis
702 2152 731 2178 et
749 2145 834 2178 circa
848 2156 884 2178 ea
894 2156 1006 2179 neces-

256 2197 338 2229 saria
350 2203 380 2230 et
399 2199 641 2242 quomodolibet
654 2205 837 2243 opportuna
855 2200 1004 2241 faciendi,

256 2251 397 2292 gerendi,
432 2253 618 2285 mandatum
652 2253 847 2286 decernendi
873 2259 903 2286 et
933 2264 1006 2287 exe-

255 2304 385 2347 quendi.

300 2358 314 2401 {i
345 2358 398 2392 15.
424 2359 639 2393 Decernentes
663 2370 794 2403 quoque
820 2365 1006 2403 praesentes

254 2407 292 2439 ad
313 2407 407 2440 vitani
425 2414 511 2442 tuam
530 2420 586 2442 seu
607 2408 762 2452 quamdiu
780 2409 1005 2454 archipresby-

254 2461 392 2489 teratum
406 2458 592 2491 huiusmodi
610 2457 799 2498 obtinueris,
813 2463 877 2490 tam
890 2458 1006 2490 nostris

253 2516 349 2549 quain
376 2507 470 2539 etiam
492 2518 716 2540 successorum
734 2513 919 2540 nostrorum
946 2508 1006 2540 Ro-

253 2566 423 2589 manorum
445 2556 637 2589 Pontilicmu
660 2557 861 2600 temporibus
875 2557 1004 2597 durare,

252 2615 410 2649 suamque
427 2605 488 2638 vim
510 2611 540 2638 et
562 2606 686 2639 roboris
706 2606 893 2639 firmitatem
920 2606 1003 2639 obti—

288 2673 298 2704 t
317 2671 384 2700 Vide
398 2672 505 2701 bullam
521 2672 674 2702 Clementis
690 2674 736 2703 Vtt
752 2673 865 2702 citatam
876 2674 904 2702 in
921 2675 1001 2704 rubr.

1705 254 1768 288 1⁸7

1060 328 1148 353 nere:
1172 328 1230 351 nec
1250 318 1376 351 easdem
1401 323 1585 361 praesentes
1605 318 1810 361 subquibus-

1060 371 1106 403 ris
1131 371 1285 403 similium
1309 372 1354 403 rel
1384 371 1589 404 dissimilium
1617 372 1806 404 facultatum

1060 432 1089 458 et
1112 425 1287 467 gratiarum
1323 424 1598 467 derogationibus,
1631 426 1808 458 revocatio-

1061 479 1154 511 nibus
1174 486 1225 511 aut
1249 479 1319 511 aliis
1335 479 1503 511 contrariis
1528 479 1807 522 disposititmibus.

1059 543 1116 574 per
1133 542 1189 564 nos
1211 533 1256 565 rel
1275 544 1477 565 successores
1497 537 1622 565 nostros
1648 533 1809 565 Romanos

1060 585 1230 618 Pontifices
1259 597 1316 629 pro
1346 593 1504 629 tempore,
1532 592 1562 618 ct
1588 592 1677 619 motu
1698 585 1806 622 simili,

1059 649 1094 670 ex
1124 645 1209 671 ‹sei-ta
1235 640 1366 673 ¹seientia
1387 646 1415 673 et
1437 640 1475 672 ‹lc
1496 640 1693 684 apostolicae
1718 644 1807 683 pote-

1058 692 1145 724 statis
1166 693 1379 735 plumitudine,
1398 694 1542 733 edendis,
1565 693 1810 737 comprehendi,

1058 756 1116 777 nee
1139 757 1195 789 per
1215 757 1267 779 eas
1282 747 1457 787 immutari,
1481 747 1645 791 suspendi,
1664 747 1807 787 limitari,

1058 799 1216 832 moderari
1247 808 1299 833 aut
1326 802 1364 833 ad
1396 802 1550 834 terminos
1585 802 1663 834 iuris
1697 802 1808 835 reduci

1057 863 1162 896 posse,
1192 854 1244 886 sed
1279 855 1406 887 easdem
1438 861 1621 898 praesentes
1652 862 1808 898 perpetum

1057 906 1175 938 validas
1197 913 1224 939 et
1247 907 1484 947 effic-acestorffi
1499 914 1528 940 et
1548 909 1674 952 quoties
1695 909 1807 941 buius-

1057 961 1141 993 modi
1169 962 1329 994 contraria
1351 963 1559 1002 emanabunt,
1583 963 1674 995 toties
1689 963 1758 996 illas
1776 963 1807 995 in

1057 1015 1229 1059 pristinum
1245 1021 1274 1048 et
1288 1016 1533 1056 validissimum,
1551 1022 1577 1049 et
1592 1028 1678 1057 eum,
1698 1017 1807 1061 inquo

1055 1075 1147 1101 antea
1186 1075 1289 1108 erant,
1321 1075 1451 1109 statum,
1484 1070 1654 1107 restitutas,
1686 1076 1714 1103 et
1749 1072 1807 1103 sub

1056 1123 1226 1166 posteriori
1239 1123 1323 1164 data,
1344 1134 1402 1167 per
1422 1129 1450 1155 te
1471 1134 1527 1156 seu
1546 1123 1701 1156 vit-arium
1716 1130 1806 1157 tuum

1055 1176 1214 1219 eligenda,
1238 1177 1275 1209 dc
1302 1188 1384 1209 novo
1415 1187 1585 1210 concessas
1610 1178 1755 1214 censeri;
1778 1184 1808 1211 et

1054 1230 1210 1274 quicquid
1223 1231 1352 1263 illarum
1365 1231 1474 1274 vigore
1494 1231 1571 1263 alias
1593 1231 1652 1264 ritc
1668 1237 1805 1273 gestum,

1054 1289 1222 1323 statutum,
1250 1286 1367 1317 sactum
1411 1285 1611 1324 mandatum,
1645 1284 1805 1318 indultum

1055 1343 1082 1369 et
1127 1343 1298 1370 executum
1330 1337 1438 1377 suerit,
1476 1342 1665 1381 perpetuam
1687 1338 1749 1370 vim
1777 1345 1804 1372 et

1055 1392 1180 1424 roboris
1200 1392 1384 1424 firmitatem
1405 1391 1564 1425 obtinere.

1097 1446 1112 1489 ξ
1137 1446 1190 1478 16.
1213 1446 1331 1488 Sicque
1352 1456 1408 1489 per
1434 1456 1657 1489 quoscumque
1684 1447 1806 1480 iudices

1054 1505 1081 1532 ct
1104 1511 1275 1533 causarum
1297 1500 1409 1532 Palatii
1431 1500 1605 1544 Apostolici
1627 1500 1802 1537 auditores.

1053 1553 1149 1586 etiam
1176 1554 1206 1586 S.
1230 1554 1265 1586 tt.
1289 1553 1323 1585 E.
1348 1554 1541 1593 cardinales,
1563 1554 1689 1587 sublata
1710 1555 1755 1588 eis
1775 1561 1803 1588 et

1053 1618 1165 1640 corum
1188 1607 1317 1641 cuilibet
1339 1608 1451 1651 quavis
1474 1608 1566 1640 aliter
1591 1607 1754 1641 iudicandi
1775 1616 1804 1643 et

1054 1661 1286 1706 interpretandi
1300 1661 1461 1702 facultate,
1482 1661 1514 1694 in
1532 1662 1642 1705 quavis
1662 1673 1756 1695 causa
1775 1669 1803 1696 et

1053 1716 1213 1755 instantia,
1236 1715 1413 1748 iudicarict
1436 1715 1568 1748 diffiniri
1580 1715 1804 1750 debere.Nec-

1052 1780 1116 1803 uon
1144 1770 1271 1803 irritum
1293 1776 1323 1803 et
1344 1770 1438 1802 inane
1463 1769 1488 1802 si
1509 1780 1601 1802 secus
1625 1780 1723 1814 super
1755 1770 1805 1804 bis

1051 1835 1069 1856 a
1089 1835 1268 1868 quoquam,
1299 1824 1410 1867 quavis
1439 1823 1639 1864 auctoritate,
1667 1824 1806 1858 scienter

1051 1877 1098 1910 vel
1116 1878 1303 1920 ignoranter
1329 1877 1499 1920 contigerit
1518 1878 1680 1910 attentari.

1095 1932 1109 1973 ξ
1134 1931 1186 1964 17.
1210 1932 1278 1964 Non
1299 1931 1501 1964 obstantibus
1521 1931 1805 1965 constitutionibus

1051 1990 1078 2017 et
1101 1985 1362 2018 ordinationibus
1387 1985 1592 2029 apostolici&
1619 1996 1656 2018 ac
1676 1985 1709 2018 in
1729 1996 1805 2019 con-

1051 2039 1154 2079 ciliis,
1200 2039 1297 2073 etiam
1331 2039 1559 2082 generalibus,
1589 2039 1694 2079 editis,
1722 2041 1803 2084 stylo

1050 2093 1186 2134 Palatii,
1234 2093 1345 2135 regula
1384 2092 1605 2126 Cancellariae
1646 2094 1803 2138 Apostoli-

1050 2159 1105 2181 cae
1127 2147 1318 2191 probibente
1353 2147 1502 2179 mandata
1531 2147 1695 2180 exeeutiva
1725 2147 1803 2180 alias

1050 2212 1144 2244 quam
1165 2202 1224 2234 sub
1255 2200 1388 2244 plumbo
1414 2200 1569 2244 expediri,
1597 2201 1803 2235 facultatibus

1050 2262 1079 2289 ct
1124 2253 1403 2287 iurisdictionibus
1444 2254 1630 2298 praedictae
1660 2256 1800 2288 fabricae

1049 2309 1201 2352 illiusque
1232 2308 1369 2350 collegio
1405 2307 1566 2351 deputatis
1595 2308 1798 2349 officialibus,

1049 2373 1175 2396 necnon
1191 2361 1311 2395 vicario
1335 2367 1445 2395 nostro
1471 2362 1504 2394 in
1532 2362 1615 2395 alma
1640 2362 1737 2402 Urbe,
1765 2374 1800 2395 ac

1048 2415 1200 2456 senatori,
1224 2415 1363 2449 auditori
1397 2426 1568 2448 causarum
1596 2415 1713 2449 Curiae
1742 2416 1799 2450 Ca-

1050 2476 1155 2499 merae
1188 2465 1403 2509 Apostolieae‚
1435 2476 1491 2498 seu
1522 2464 1740 2498 cardinalibus
1770 2471 1799 2499 et

1047 2516 1214 2559 quibusvis
1230 2515 1322 2549 Urbis
1342 2515 1504 2548 iudicibus
1516 2515 1719 2559 supradictis,
1740 2517 1799 2549 sub

1047 2565 1157 2609 quavis
1173 2565 1346 2598 verborum
1367 2565 1482 2605 forma,
1510 2570 1540 2597 et
1561 2575 1597 2597 ex
1618 2564 1721 2597 causis
1744 2575 1799 2597 ur-

1046 2615 1250 2657 gentissimis,
1272 2625 1330 2659 per
1351 2625 1410 2648 nos
1432 2615 1553 2648 eisdem
1579 2613 1739 2648 concessis
1769 2621 1796 2647 ct

1046 2664 1216 2703 innovatis;
1240 2675 1332 2710 quas,
1353 2665 1449 2699 etiarn
1471 2664 1496 2698 si
1517 2664 1550 2698 in
1571 2663 1617 2700 eis
1648 2668 1797 2698 caveatur

1828 264 1878 291 An.
1898 265 1925 291 C.
1946 265 2012 293 1590

1848 1449 1945 1469 Clausala
1957 1450 2005 1470 suli-

1821 1481 1870 1504 iaia,
1885 1485 1925 1502 ete.

1820 1943 1930 1963 titansutae
1947 1949 2000 1965 ron-

1819 1975 1931 1994 trariurum
1939 1975 2003 1995 deros

1819 2008 1875 2030 gutur
1882 2006 1921 2026 iae.
