2226 3070
128 221 181 250 An.
201 221 229 250 C.
244 222 312 251 1589

143 2125 227 2147 Fratres
251 2126 297 2147 hu—

112 2158 172 2177 iusce
200 2158 298 2183 erigendi

114 2191 233 2208 conventus
249 2188 298 2208 tacti

114 2219 229 2246 participes
248 2220 297 2245 pri—

113 2250 238 2276 vilegiorum
250 2251 298 2270 atim

112 2280 298 2302 eiusdemOrdinis

113 2311 299 2333 conventit».com-

112 2345 237 2369 petentium.

975 218 1079 243 SIXTUS
1103 218 1121 241 V
1145 218 1193 242 PP.

327 273 482 306 onerailli
495 273 716 306 incumbentia
729 272 885 316 perferre,
901 271 995 305 etiam
1013 272 1082 304 abs-

325 337 388 369 que
417 338 454 360 eo
483 327 568 370 quod
587 326 709 370 aliquid
730 337 789 370 pro
810 336 922 359 eorum
945 325 1078 358 alimen-

327 379 364 412 tis
384 386 437 413 aut
460 380 530 413 aliis
550 379 740 413 necessariis
760 380 880 423 abipso
902 379 1080 421 Augustino

326 433 502 473 cardinale,
525 439 581 466 aut
600 444 659 477 pro
672 438 818 476 tempore
840 433 994 465 existente
1013 432 1079 464 dia-

326 497 408 519 cono
429 487 585 520 cardinali
607 487 638 520 S.
662 485 793 518 Adriani
815 486 1001 518 huiusmodi
1027 497 1079 528 pe0

325 547 391 573 tere
412 546 467 573 aut
488 541 607 573 habere
630 539 764 582 possint:
779 545 810 571 et
822 544 906 571 statu
923 539 1079 571 saeculari

325 593 470 626 eiusdem
491 592 660 626 diaconiae
682 598 746 624 tam
764 592 870 634 quoad
888 591 994 634 ipsum
1017 592 1079 624 Au-

323 646 501 689 gustinum,
525 651 555 678 et
575 645 630 688 qui
652 656 711 688 pro
732 650 877 687 tempore
890 644 988 677 suerit
1009 645 1078 676 dia-

323 710 424 732 conus
445 698 630 737 cardinalis,
655 708 752 741 quam
772 698 880 740 quoad
902 698 1079 730 canonicos
1099 727 1100 733 ,

322 752 516 796 praedictos,
532 762 671 794 quorum
693 751 764 783 iura
784 756 815 783 et
836 751 1077 794 praerogativae

321 816 409 839 nunc
429 811 459 838 et
480 816 539 849 pro
561 811 707 848 tempore
728 815 857 848 semper
886 804 995 837 illaesa
1026 815 1077 837 re-

322 865 484 900 maneant,
513 859 546 892 in
571 859 680 903 aliquo
702 869 765 890 non
787 863 923 898 mutato,
946 858 1000 890 sed
1022 859 1076 890 illo

320 913 428 956 quoad
449 913 627 957 praemissa
648 923 778 956 semper
806 912 900 944 firmo
931 917 959 944 et
991 912 1076 944 salvo

321 971 520 1006 remanente,
544 966 720 1010 apostolica
740 965 944 1005 auctoritate,
964 971 1076 999 tenore

319 1020 551 1062 praesentium,
576 1023 733 1062 perpetuo
754 1019 964 1052 concedimus
984 1025 1012 1052 et
1031 1031 1076 1053 as-

318 1073 494 1116 signamus3
511 1073 683 1116 ipsumque
696 1073 929 1105 monasterinm
943 1073 987 1106 sic
1000 1085 1076 1107 con-

318 1126 509 1159 struendum
523 1132 553 1159 et
564 1125 804 1158 aedificandum
819 1137 855 1159 ex
879 1136 966 1159 nunc
979 1132 1076 1170 prout

317 1189 354 1211 ex
375 1184 466 1219 tunc,
490 1184 521 1212 et
549 1190 565 1212 e
594 1184 707 1212 contra
728 1184 903 1222 postquam
924 1186 1074 1213 constru-

317 1237 405 1265 ctum
436 1238 466 1265 et
496 1232 702 1266 aedificatum
725 1232 833 1273 fuerit,
857 1233 889 1265 in
912 1239 1073 1267 monaste-

317 1285 400 1318 rium
422 1285 499 1319 dicti
525 1285 666 1327 Ordinis,
689 1286 758 1319 sine
785 1285 922 1319 alicuius
943 1286 1073 1330 praeiu-

315 1338 413 1379 dicio,
444 1338 598 1382 erigimus
629 1344 657 1372 et
690 1339 902 1379 instituimus,
923 1340 966 1372 ita
986 1340 1073 1384 quod

315 1391 411 1425 liceat
422 1392 547 1426 dilectis
558 1393 634 1426 filiis
645 1393 800 1436 magistro
816 1393 959 1435 generali
976 1393 1074 1427 Fran-

316 1445 401 1479 cisco
422 1447 461 1479 de
482 1447 620 1487 Salazar,
643 1458 680 1479 ac
701 1446 770 1479 eins
788 1446 907 1480 vicario
926 1458 982 1480 seu
997 1458 1073 1491 pro-

316 1500 457 1532 curatori
478 1500 621 1542 generali
643 1500 816 1532 Francisco
829 1500 868 1532 de
879 1500 996 1533 Torres
1012 1502 1074 1533 fra-

315 1553 354 1585 tri
369 1553 446 1586 dicti
457 1553 599 1594 Ordinis,
616 1564 694 1586 usus
712 1553 816 1586 dictae
832 1554 988 1587 ecclesiae
1000 1565 1072 1587 cor-

314 1607 461 1650 poralem
488 1607 724 1650 possessionem
738 1607 918 1650 propriam
947 1608 1072 1641 [oritate

316 1659 415 1693 libere
436 1661 683 1704 apprehendere
703 1666 731 1693 et
747 1667 882 1704 perpeti·
900 1674 903 1678 ’
920 1661 1071 1701 retinere,

314 1714 437 1746 nullius
467 1714 574 1747 adhuc
600 1714 756 1757 requisita
776 1715 919 1751 licentia;
943 1715 1071 1758 ipsique

315 1762 430 1796 fratres
449 1775 467 1796 a
488 1764 686 1797 monasterio
708 1764 875 1804 ecclesiae,
899 1764 1023 1797 ambitu
1042 1770 1070 1798 et

313 1811 375 1844 situ
395 1812 570 1855 praedictis
588 1824 645 1856 per
665 1813 828 1846 titularem
847 1824 905 1856 pro
924 1818 1070 1857 tempore

313 1861 501 1895 existentem
531 1873 585 1895 seu
622 1862 796 1895 canonicos
831 1862 935 1895 dictae
966 1863 1070 1896 eccle-

313 1910 378 1943 siae
403 1916 459 1943 aut
487 1911 616 1954 quosvis
636 1911 733 1951 alios,
762 1911 874 1954 quovis
904 1918 1070 1955 praetextu

313 1970 370 1992 seu
391 1970 486 1993 causa
501 1961 548 1992 vel
561 1961 745 2000 occasione,
760 1961 880 1993 moveri
891 1972 1069 2005 numquam

313 2009 449 2051 possint.

357 2058 372 2101 ἓ
393 2057 424 2091 2.
448 2058 593 2102 Ipsisque
615 2059 780 2099 fratribus,
804 2059 891 2102 quod
918 2059 1069 2092 omnibus

313 2111 345 2138 et
365 2107 499 2150 singulis
516 2107 703 2150 privilegiis,
720 2107 934 2147 libertatibus,
953 2107 1069 2140 immu-

313 2155 478 2196 nitatibus,
507 2156 776 2200 exemptionibus,
800 2157 1067 2199 praeeniine1itiis,

313 2205 577 2246 antelationibus,
600 2205 723 2248 gratiis,
739 2205 884 2245 indultis,
900 2205 1069 2249 indulgen-

314 2253 377 2293 tiis,
401 2254 496 2287 etiam
519 2254 684 2301 plenariis,
717 2260 925 2297 peccatorum
954 2255 1067 2287 remis-

313 2301 473 2343 sionibus,
493 2303 629 2346 aliisque
650 2303 770 2346 gratiis,
799 2309 862 2335 tam
891 2304 1067 2347 spirituali-

313 2351 374 2383 bus
392 2362 489 2395 quam
512 2353 758 2396 temporalibus,
782 2357 813 2384 et
833 2352 911 2384 alias
932 2363 1068 2395 quomo—

313 2400 435 2434 dolibet
455 2402 664 2444 nuncupatis,
687 2401 807 2444 quibus
827 2401 879 2433 alii
904 2402 1017 2433 tratres
1033 2413 1066 2434 a-

313 2449 432 2483 liorum
454 2451 727 2483 monasteriorum
750 2450 826 2483 dicti
848 2450 975 2483 Ordinis
988 2462 1067 2493 quo-

313 2499 489 2532 modolibet
505 2505 652 2540 utuntur,
675 2500 844 2543 potiuntur
863 2504 894 2532 et
914 2500 1066 2542 gaudent,

311 2549 532 2592 pariformiter
552 2550 611 2589 uti,
634 2549 730 2592 potiri
744 2548 926 2591 etgaudere
943 2549 1067 2581 valeant

312 2597 529 2641 indulgemus.

1792 206 1835 240 95
1898 217 1951 246 An.
1970 217 2079 246 01589

1168 271 1182 312 ,ἓ
1213 270 1243 303 3
1281 270 1496 302 Decernentes
1528 275 1714 312 praesentes
1756 270 1878 303 litteras
1920 280 2078 307 cinusuiwprs.

1124 324 1214 357 nullo
1236 334 1391 366 umquam
1418 328 1564 367 tempore
1591 323 1630 355 de
1656 323 1877 367 subreptionis
1893 311 2079 363 iffi¹.}¹.{⁰.{.'‡‚f‚¹{,¹,¹.¹,

1124 378 1169 409 rel
1192 376 1394 420 obreptionis
1415 376 1505 415 vitio,
1529 387 1584 408 seu
1611 376 1799 409 intentionis
1818 388 1877 409 no·
1894 377 1915 393 ⁰²
1932 374 2069 394 ⁰¹¹³e¹⁹²⁰¹¹¹²¹

1124 437 1207 464 strae
1233 431 1281 463 vel
1303 430 1456 474 quopiam
1478 430 1541 463 alio
1563 427 1703 469 defectu,
1725 430 1820 463 etiam
1842 442 1878 463 ex

1123 496 1160 517 νο
1180 485 1266 527 quod
1285 485 1439 517 interesse
1456 483 1721 517 liabentesvocati
1733 495 1797 517 non
1812 484 1879 517 sue·

1123 538 1196 577 rint,
1218 538 1336 578 notari,
1360 537 1556 581 impugnari,
1581 537 1751 570 invalidari
1772 537 1877 570 autad

1124 591 1280 623 terminos
1295 591 1374 623 iuris
1394 591 1519 631 reduci,
1535 601 1591 623 seu
1613 589 1645 622 in
1666 591 1717 623 ius
1736 591 1783 623 vel
1802 601 1878 623 con-

1123 644 1309 676 troversiam
1340 643 1484 677 revocari
1524 654 1637 687 posse3
1674 643 1786 687 sicque
1820 654 1878 686 per

1121 707 1345 741 quoscumque
1359 698 1483 731 iudices
1494 696 1785 737 etcommissarios,
1798 708 1876 740 qua-

1121 749 1166 781 vis
1181 750 1373 783 auctoritate
1385 751 1566 794 fungentes,
1585 750 1681 783 etiam
1703 761 1874 784 causarum

1121 802 1232 834 Palatii
1264 803 1439 846 Apostolici
1474 804 1639 836 auditores
1668 815 1705 836 ac
1746 809 1875 836 sanctae

1120 855 1283 889 Romanae
1299 856 1462 889 Ecclesiae
1480 857 1674 897 cardinales,
1692 857 1818 889 sublata
1831 856 1875 890 eis

1105 906 1149 940 'et
1169 920 1283 942 eorum
1305 909 1437 942 cuilibet
1461 910 1573 953 quavis
1593 910 1688 943 aliter
1708 910 1874 943 iudicandi

1119 967 1150 994 et
1173 962 1409 1006 interpretandi
1434 963 1586 996 facultate
1612 968 1642 996 et.
1667 964 1871 1004 auctoritate,

1120 1016 1242 1059 ubique
1272 1016 1409 1049 iudicari
1431 1022 1461 1049 et,
1492 1016 1621 1049 definiri
1642 1016 1772 1056 debere3
1796 1028 1872 1050 nec-

1119 1080 1183 1101 non
1214 1069 1343 1102 irritum
1366 1075 1394 1102 et
1421 1071 1516 1102 inane
1542 1069 1566 1102 si
1587 1080 1681 1103 secus
1707 1070 1873 1114 superbis

1118 1133 1134 1154 a
1155 1133 1333 1166 quoquam,
1355 1123 1467 1166 quavis
1495 1123 1701 1163 auctoritate,
1733 1123 1874 1156 scienter

1117 1175 1165 1208 vel
1187 1175 1388 1218 ignoranter,
1409 1175 1581 1219 contigerit
1601 1176 1764 1209 attentari.

1162 1229 1176 1272 ᾖ
1201 1228 1232 1261 4.
1260 1229 1420 1268 Quocirca
1449 1228 1574 1262 dilectis
1604 1229 1678 1261 filiis
1704 1234 1814 1262 nostro
1842 1229 1892 1276 in(
1917 1240 2075 1265 magunum-

1117 1282 1201 1314 alma
1227 1282 1311 1316 Urbe
1329 1288 1359 1315 et
1375 1283 1445 1316 eius
1466 1282 1616 1315 districtu
1638 1282 1669 1314 in
1692 1282 1872 1326 spirituali·
1889 1272 1970 1323 {fsd‘m
1990 1278 2075 1293 mm*

1117 1336 1177 1368 bus
1199 1336 1318 1370 vicario
1343 1342 1375 1370 et
1392 1347 1564 1370 causarum
1585 1336 1701 1369 Curiae
1722 1336 1873 1369 Gamerae

1117 1389 1322 1432 Apostolicae
1343 1390 1547 1423 auditoribus
1563 1389 1771 1432 generalibus
1783 1395 1873 1422 motu

1116 1442 1213 1475 simili
1235 1454 1293 1487 per
1323 1449 1510 1487 praesentes
1538 1443 1731 1476 mandamus
1759 1448 1872 1486 quate-

1117 1507 1176 1528 nus
1195 1496 1266 1540 ipsi,
1288 1498 1336 1530 vel
1358 1497 1423 1530 duo
1445 1502 1499 1530 aut
1520 1507 1605 1529 unus
1626 1507 1825 1540 eorum,per
1841 1507 1873 1529 se

1117 1549 1162 1581 vel
1186 1550 1285 1582 alium
1307 1561 1362 1583 seu
1385 1550 1476 1590 alios,
1499 1556 1686 1593 praesentes
1704 1550 1827 1583 litteras
1843 1557 1871 1582 et

1093 1605 1095 1627 =
1116 1602 1147 1633 in
1161 1602 1207 1635 eis
1219 1608 1368 1636 contenta
1377 1614 1617 1647 quaecumque,
1632 1602 1686 1635 ubi
1699 1608 1729 1635 et
1740 1603 1872 1646 quando

1116 1665 1198 1698 opus
1229 1655 1346 1697 suerit,
1383 1667 1420 1689 ac
1449 1657 1576 1699 quoties
1596 1667 1656 1700 pro
1681 1662 1772 1700 parte
1793 1656 1870 1689 dicti

1115 1709 1258 1752 magistri
1280 1710 1402 1743 fuerint
1422 1709 1581 1754 requisiti,
1605 1710 1793 1743 solemniter
1813 1721 1872 1753 pu-

1115 1762 1248 1803 blicent,
1281 1769 1310 1796 et
1338 1763 1458 1796 faciant
1485 1763 1615 1796 eosdem
1637 1763 1751 1796 fratres
1778 1774 1871 1806 prae-

1115 1815 1219 1848 missis
1239 1816 1392 1849 omnibus
1414 1822 1445 1849 et
1465 1817 1602 1859 singulis
1622 1817 1708 1849 iuxta
1722 1827 1872 1860 praesen*

1116 1869 1194 1902 tium
1229 1875 1374 1903 tenorem
1400 1870 1537 1913 pacitice
1562 1869 1625 1903 frui
1657 1876 1687 1903 et
1716 1871 1869 1914 gaudere,

1115 1933 1172 1956 uec
1199 1924 1385 1967 permittant
1416 1934 1471 1957 eos
1497 1924 1637 1967 desuper
1662 1935 1679 1956 a
1704 1935 1869 1967 quoquam

1113 1977 1362 2020 quomodolibet
1393 1977 1578 2017 molestari;
1616 1978 1871 2010 contradictores

1113 2031 1277 2074 quoslibet
1293 2036 1323 2063 et
1343 2031 1481 2063 rebelles
1498 2037 1525 2063 et
1544 2031 1730 2074 praemissis
1740 2042 1804 2063 non
1817 2042 1870 2074 pa-

1114 2090 1231 2125 rentes,
1253 2096 1310 2128 per
1330 2085 1515 2125 sententias,
1539 2095 1691 2117 censuras
1709 2091 1871 2128 etpoenas

1112 2138 1346 2171 ecclesiasticas
1367 2138 1496 2181 aliaque
1516 2144 1701 2182 opportuna
1722 2138 1802 2171 iuris
1822 2150 1869 2172 re-

1113 2191 1229 2231 media,
1258 2191 1476 2235 appellatione
1505 2191 1704 2235 postposita,
1736 2203 1867 2236 compe-

1111 2246 1244 2285 scendo,
1275 2245 1424 2278 invocato
1454 2246 1551 2278 etiam
1581 2246 1620 2278 ad
1644 2246 1717 2287 boc,
1739 2247 1763 2278 si
1786 2257 1868 2289 opus

1113 2299 1217 2338 t‘uerit,
1242 2299 1360 2331 auxilio
1381 2299 1505 2331 brachii
1527 2299 1713 2332 saecularis

1155 2354 1169 2396 ξ
1189 2353 1218 2385 5.
1240 2353 1308 2385 Non
1325 2353 1528 2386 obstantibus
1546 2359 1655 2386 nostra
1676 2353 1715 2386 de
1736 2352 1866 2386 unioni·
1897 2363 2064 2389 besogium-..n-

1113 2402 1171 2434 lius
1192 2402 1434 2435 committendis
1463 2403 1583 2435 vocatis
1614 2413 1755 2445 quorum
1784 2396 1994 2435 inte-¹¹‘“'⁰''lm

1110 2456 1186 2491 rest,
1210 2461 1246 2483 ac
1268 2451 1480 2494 exprimendo
1501 2462 1575 2484 vero
1596 2451 1724 2491 valore,
1748 2462 1783 2483 ac
1810 2451 1866 2483 La—

1111 2500 1289 2533 teranensis
1319 2500 1450 2533 concilii
1494 2499 1665 2533 novissime
1712 2500 1864 2533 celebrati

1110 2548 1246 2581 uniones
1267 2553 1453 2592 perpetuas,
1478 2548 1537 2581 nisi
1558 2548 1590 2581 in
1611 2549 1740 2582 casibus
1760 2559 1776 2580 a
1795 2548 1864 2580 iure

1109 2597 1304 2640 praemissis,
1325 2598 1395 2632 fieri
1417 2598 1630 2642 prohibentis:
1644 2609 1678 2630 ac
1697 2597 1767 2630 aliis
1787 2606 1862 2628 con—
