2226 3070
217 270 268 296 An.
288 268 316 295 C.
334 269 400 296 1590

217 331 254 350 bu·
269 333 289 350 εἰ
305 331 399 355 acquisi-
415 320 619 360 ctionalibus‚
643 320 778 363 aliisque
812 319 903 351 bonis
932 316 1107 349 mobilibus
1134 318 1166 347 et

217 365 244 381 tis
254 363 278 381 «le
291 362 400 381 ieliusec-
417 373 422 378 -

217 394 392 417 i·l‹¹=ia‹ticis,e[c

459 257 523 291 ²174

415 373 638 406 immobilibus
657 386 694 406 ar,
714 372 964 406 semoventilms,
980 370 1166 402 cuiuscum-

415 438 478 470 que
512 427 688 469 qualitatis,
729 425 854 464 valoris,
889 423 1019 466 speciei,
1061 422 1165 466 pretii,

415 480 509 513 etiam
524 480 673 513 notabilis
689 485 718 512 ct
739 478 973 517 notabilissimi‚
997 489 1033 509 ae
1054 477 1165 509 condi-

416 534 511 567 tionis
521 534 739 570 existentibus,
760 543 887 564 necnon
909 531 1068 574 pecuniis,
1091 530 1166 563 iuri-

415 588 476 620 bus
491 594 522 620 et
545 587 729 620 actionibus
749 587 788 618 ad
810 591 851 626 te,
876 591 937 617 tam
952 584 1165 627 rationequa-

415 641 550 681 ninivis,
579 640 675 673 etiam
706 639 973 683 patriarelialium
1000 643 1030 671 et
1055 638 1164 671 eatlie—

414 694 553 727 dralium
564 705 601 727 ao
616 693 940 736 metropolitanarum
953 692 1163 725 ecelesiarum

413 759 450 779 ae
470 748 754 787 monasteriorum,
769 747 863 779 etiam
878 746 1162 785 consistorialium,

415 800 629 844 prioratuum,
648 801 960 844 praepositurarum,
974 799 1163 842 dignitatum

414 859 441 886 et
463 853 601 886 aliorum
623 864 905 897 quorumeumque
930 853 1162 886 beneficiorum

412 907 721 947 ecclesiastieorimi,
749 918 822 940 eum
842 918 920 940 cura
941 912 970 939 et
987 906 1055 939 sine
1072 918 1161 946 cura,

413 961 628 993 saecularium
649 967 679 994 et
706 961 895 1005 quorumvis
928 960 1082 994 Ordinum
1116 971 1164 993 re-

411 1014 587 1055 gularium,
609 1015 705 1047 etiam
722 1015 920 1054 militiarum,
937 1025 1019 1057 quae
1040 1026 1075 1047 cx
1096 1013 1164 1056 qui>

413 1068 517 1101 busvis
535 1068 799 1101 concessionibus
820 1073 849 1101 et
870 1067 1164 1111 dispensationibus

412 1122 608 1165 apostolicis,
633 1122 663 1154 in
684 1122 826 1161 titulum,
847 1122 1084 1161 commendam,
1108 1121 1162 1154 ad-

413 1175 683 1208 ministrationem
718 1181 774 1208 aut
808 1175 886 1207 alias
919 1175 1165 1219 quomodolibet

412 1229 539 1262 obtines
559 1235 589 1262 et
610 1229 640 1261 in
668 1234 831 1272 posterum
854 1229 1026 1268 obtinebis,
1049 1240 1085 1261 ae
1113 1240 1162 1261 ra-

413 1283 500 1315 tione
522 1284 698 1323 t'ruetuum,
713 1282 874 1315 redituum
898 1288 928 1315 et
948 1288 1161 1326 proventuum

412 1336 705 1369 ecelesiasticorum
727 1347 1010 1379 quarumcvunulue
1036 1347 1161 1369 mensa-

413 1401 483 1423 rum
514 1391 791 1433 patriarebalium,
820 1390 1160 1434 areliiepiscopalium,

412 1444 645 1487 episcopalium
668 1450 699 1476 et
724 1444 1007 1484 monasteriorum‚
1036 1443 1160 1487 priora-

414 1504 517 1537 tuum,
545 1498 737 1540 dignitatum
766 1504 793 1530 ct
823 1498 962 1530 aliorum
989 1498 1163 1530 beneticio-

413 1562 502 1591 rum,
533 1557 564 1583 ut
599 1551 791 1594 praefertur,
824 1551 1103 1595 spialitieatorum,
1126 1563 1163 1584 ae

413 1605 606 1649 pensionum
637 1616 834 1645 annuarum,
869 1616 967 1648 super
1002 1605 1163 1638 stantibus

415 1659 594 1699 l'ruetibus,
631 1659 787 1692 reditibus
821 1665 851 1691 et,
877 1659 1105 1702 proventibus,
1134 1666 1161 1692 et

414 1715 516 1746 t'orma
547 1713 730 1755 praemissis
758 1719 991 1746 reservatarum
1023 1719 1053 1745 ct
1090 1713 1163 1748 assi-

412 1772 595 1809 gi‘iatarum,
610 1779 647 1799 ae
659 1768 936 1808 rescrvamlarum,
951 1778 1033 1810 quos
1044 1774 1164 1810 ctquas

414 1820 555 1864 percipis
575 1826 605 1852 et
626 1820 786 1864 percipies
807 1821 838 1853 in
859 1822 1017 1860 futurum,
1037 1832 1163 1854 necnon

413 1874 632 1906 emolumenta
668 1875 920 1907 tliesaurariatus
955 1880 982 1908 et
1024 1876 1162 1908 aliorum

413 1928 971 1971 quorumcumqueeiusdemcuriae
983 1930 1161 1962 offieiorum

414 1987 442 2014 et
465 1982 636 2021 montium,
660 1993 786 2015 necnon
809 1983 1004 2025 legationum
1030 1995 1067 2016 ae
1087 1984 1164 2016 alias

413 2046 622 2078 quocumque
637 2036 744 2073 modo,
764 2036 825 2075 via,
848 2037 949 2069 l'orma
970 2043 997 2069 et
1020 2037 1163 2070 ‹juxcasio-

415 2099 453 2121 ne
466 2089 504 2120 ad
527 2093 555 2121 te
574 2090 791 2133 spectantibus
809 2096 838 2122 et
858 2091 1105 2133 pertinentibus;
1128 2104 1164 2125 ae

415 2142 510 2175 etiam
537 2143 575 2174 dc
611 2143 704 2175 dictis
733 2144 912 2183 fructibus,
949 2145 1105 2178 reditibus
1135 2151 1165 2178 et

414 2196 622 2238 proventibus
641 2208 677 2229 ac
699 2197 921 2241 pensionibus,
943 2208 1069 2231 necnon
1082 2210 1163 2242 quo-

415 2249 591 2282 modolibet
604 2256 631 2282 et
651 2251 877 2294 undecumque
894 2251 979 2284 licite
999 2253 1166 2295 acquisitis

414 2308 444 2335 et
477 2303 694 2347 acquirendis,
732 2315 770 2336 ae
798 2305 875 2337 alias
909 2306 1164 2348 quomodolibet,

414 2355 509 2388 etiam
536 2368 571 2389 ex
603 2357 716 2389 officiis
740 2369 822 2401 quac
854 2359 1024 2392 exercuisti
1059 2367 1113 2392 aut
1135 2366 1164 2393 te

414 2420 563 2442 exercere
585 2410 768 2452 eontigerit,
791 2417 819 2444 et
845 2413 923 2445 alias
943 2414 1053 2456 quavis
1073 2425 1165 2447 occa-

414 2458 503 2491 sione
525 2459 571 2491 vel
588 2470 684 2491 causa
705 2470 760 2492 seu
783 2462 1055 2504 contemplatione
1076 2463 1114 2495 ad
1137 2469 1165 2495 te

415 2508 576 2550 perventis
597 2514 627 2541 et
658 2510 871 2552 perventuris,
899 2510 1023 2543 etiamsi
1053 2512 1085 2544 in
1111 2523 1164 2555 pe>

415 2557 510 2589 cunia
531 2563 711 2597 numerata,
740 2557 906 2599 iocalibus‚
925 2560 1060 2601 gemmis
1081 2561 1167 2593 aliis-

416 2617 478 2649 que
512 2606 757 2650 pretiosioribus
791 2607 887 2639 rebus
916 2619 953 2640 ae
981 2609 1058 2641 alias
1083 2620 1165 2652 quo-

415 2655 594 2689 modolibet
609 2666 695 2690 nuno
708 2661 738 2689 et
750 2666 808 2699 pro
822 2661 967 2700 tempore
977 2658 1166 2699 consistunt,

1011 262 1191 288 BULLARIUM
1212 261 1362 285 ROMANUM

1210 313 1335 345 etiamsi
1357 319 1461 346 essent
1487 315 1528 346 de
1551 320 1608 347 tua
1641 315 1785 357 capella,
1808 314 1960 356 illiusque

1209 367 1421 407 ornamentis,
1445 367 1525 399 vasis
1555 373 1582 400 et
1610 367 1752 410 denique
1781 373 1845 400 tota
1874 367 1960 400 illius

1209 431 1299 452 sacra
1324 421 1554 464 suppellectili,
1591 426 1653 453 tam
1691 420 1722 452 in
1756 420 1841 453 dicta
1869 421 1960 453 curia

1208 484 1304 517 quam
1318 480 1419 514 extra,
1434 474 1554 517 ubique
1576 475 1721 507 locorum
1738 474 1958 515 existentibus,

1209 537 1348 569 quorum
1371 528 1517 560 omnium
1539 528 1712 571 qualitates
1737 533 1768 560 et
1792 538 1883 560 veros
1902 539 1959 560 an-

1211 591 1292 613 nuos
1320 582 1456 621 valeres
1492 582 1615 614 etiamsi
1649 581 1722 614 talia
1749 587 1855 614 essent
1879 592 1961 625 quae

1207 635 1351 676 generali
1363 635 1581 679 appellatione
1592 635 1752 668 bonorum
1769 636 1817 668 vel
1833 636 1961 679 suppel-

1208 688 1363 721 lectilium
1397 699 1461 721 non
1494 689 1656 729 venirent,
1685 689 1739 722 sed
1767 689 1960 732 specialibus

1209 741 1391 784 indigerent
1421 742 1597 783 vocabulis,
1621 742 1858 785 praesentibus,
1885 743 1959 776 acsi

1208 795 1359 837 specitice
1390 801 1421 828 et
1447 795 1610 838 sigillatim
1640 796 1901 839 expriu‘ierentur
1931 802 1962 830 et

1209 849 1462 889 denotarentur,
1494 861 1553 893 pro
1582 850 1781 883 sufficienter
1804 851 1962 894 expressis

1209 907 1239 934 et
1259 903 1397 935 narratis
1421 903 1540 936 habere
1561 904 1730 943 volumus3
1752 915 1789 936 ae
1806 903 1900 937 etiam
1922 905 1961 938 de

1208 955 1284 999 ipsis
1314 956 1522 999 proventibus
1552 962 1579 989 et
1606 957 1817 1000 pensionibus
1844 957 1961 991 debitis

1208 1016 1238 1042 et
1257 1010 1424 1050 ilebeiulis,
1453 1022 1490 1043 ac
1510 1011 1605 1043 etiam
1628 1011 1773 1044 nondum
1800 1012 1961 1055 perceptis

1208 1069 1238 1096 et.
1258 1064 1387 1105 exactis,
1409 1064 1533 1097 etiamsi
1559 1075 1670 1097 corun]
1702 1065 1872 1098 solutionis
1898 1072 1961 1099 ter-

1209 1118 1315 1150 minus
1340 1118 1484 1151 nondum
1517 1118 1693 1158 advenerit,
1716 1129 1774 1162 pro
1809 1119 1863 1152 illa
1896 1125 1962 1153 rata

1206 1182 1290 1214 quae
1314 1172 1368 1204 tibi
1391 1172 1499 1204 debita
1513 1172 1573 1204 erit
1594 1183 1695 1214 usque
1715 1173 1754 1205 ad
1772 1183 1963 1216 quamcum-

1207 1235 1270 1267 que
1291 1230 1321 1257 et
1342 1225 1547 1268 quantumvis
1568 1225 1739 1258 maximam
1770 1237 1807 1259 ae
1836 1227 1961 1259 notabi—

1209 1279 1270 1310 lem
1297 1284 1326 1311 et
1357 1279 1624 1311 notabilissimam
1650 1290 1688 1312 ae
1713 1279 1960 1323 inexcogitatam

1208 1343 1381 1373 summam,
1396 1338 1458 1365 tam
1480 1344 1538 1376 pro
1554 1333 1744 1366 decentibus
1768 1340 1800 1367 et
1821 1334 1963 1367 honestis

1208 1386 1361 1430 impensis
1387 1386 1508 1419 funeris
1530 1386 1589 1427 tui,
1612 1398 1709 1430 quam
1731 1387 1827 1420 etiam
1856 1399 1962 1421 remu-

1207 1440 1373 1473 neratione
1402 1440 1531 1473 illorum
1556 1440 1611 1484 qui
1638 1440 1694 1473 tibi
1721 1440 1835 1474 viventi
1861 1441 1962 1476 inser-

1208 1494 1343 1534 vierunt,
1365 1495 1461 1527 etiam
1483 1495 1566 1527 ultra
1597 1495 1717 1527 servitii
1746 1501 1909 1536 meritum,
1933 1503 1964 1530 et,

1208 1549 1239 1581 in
1261 1554 1391 1582 tuorum
1413 1548 1730 1590 consanguineorum
1752 1554 1784 1582 et
1804 1550 1960 1591 affinium,

1207 1614 1243 1634 ac
1255 1602 1351 1635 etiam
1369 1603 1555 1646 quarumvis
1576 1603 1713 1635 aliarum
1732 1614 1961 1646 personarum,

1207 1656 1301 1689 etiam
1320 1661 1560 1697 extranearum,
1584 1667 1710 1689 necnon
1730 1662 1960 1699 conventuum,

1208 1710 1473 1750 uiiive1sitatu111,
1501 1710 1714 1753 collegiorum
1745 1716 1776 1744 et
1802 1711 1960 1753 aliorum,

1207 1764 1302 1796 etiam
1335 1775 1399 1796 non
1426 1765 1554 1806 piermn
1568 1791 1575 1804 ,
1597 1764 1743 1797 locorum
1757 1791 1764 1805 ‚
1786 1765 1963 1799 dummodo

1209 1828 1271 1850 non
1286 1818 1545 1861 illegssimorum,
1559 1823 1614 1851 aut
1625 1818 1704 1852 alias
1717 1820 1961 1862 quomodolibet

1209 1872 1435 1915 incapacium,
1477 1878 1509 1905 et
1542 1872 1651 1916 quoad
1684 1873 1842 1916 capellam
1875 1879 1961 1907 tuam

1208 1925 1419 1968 praedictam,
1442 1926 1619 1959 dummodo
1640 1926 1673 1959 in
1689 1926 1898 1961 eeclesiarum
1919 1928 1963 1961 l’a-

1208 1990 1315 2012 vorem
1336 1985 1366 2012 et
1396 1991 1500 2021 usum,
1521 1986 1552 2013 et
1572 1980 1650 2013 alias
1669 1991 1729 2024 pro
1749 1986 1804 2014 tuo
1822 1982 1961 2015 arbitrio

1208 2039 1236 2066 et
1264 2033 1426 2067 voluntate
1460 2035 1616 2067 absolutis
1645 2035 1775 2075 testari,
1807 2046 1843 2068 ae
1868 2041 1963 2069 testa-

1209 2093 1328 2127 mento,
1361 2087 1530 2127 codicillis,
1552 2088 1821 2128 fideicommissis,
1844 2090 1961 2122 substi-

1209 2140 1398 2182 tutionibus,
1416 2141 1541 2183 legatis,
1562 2141 1807 2182 donationibus,
1830 2147 1893 2175 tam
1915 2143 1962 2175 in-

1209 2199 1257 2227 ter
1277 2194 1363 2228 vivos
1381 2206 1478 2238 quam
1501 2206 1598 2228 eausa
1619 2195 1731 2228 mortis
1752 2200 1782 2228 et
1801 2195 1872 2229 aliis
1891 2196 1962 2240 qui-

1208 2248 1410 2292 buscumque
1436 2249 1539 2282 modis
1564 2254 1595 2282 et
1624 2248 1692 2288 viis,
1715 2249 1811 2282 etiam
1836 2250 1962 2283 omissis

1208 2306 1374 2349 quibusvis
1403 2305 1673 2345 solemnitatibus,
1697 2305 1791 2339 etiam
1813 2307 1960 2340 substan-

1210 2360 1350 2399 tialibus,
1374 2366 1403 2393 et
1423 2359 1547 2400 formis,
1562 2365 1624 2392 tam
1646 2360 1685 2392 de
1706 2359 1776 2393 iure
1792 2371 1890 2404 quam
1905 2372 1962 2405 pei·

1209 2420 1334 2446 nostras
1360 2419 1391 2446 et
1418 2424 1703 2457 quorumcumque
1729 2413 1867 2447 aliorum
1897 2415 1959 2447 Ro-

1209 2473 1380 2495 manorum
1419 2462 1610 2495 Pontificum
1648 2462 1893 2497 constitutiones
1930 2469 1960 2497 et

1208 2511 1440 2551 ordinationes,
1459 2522 1586 2544 necnon
1602 2517 1719 2544 statuta
1733 2523 1769 2545 ac
1784 2517 1958 2546 consuetu-

1208 2561 1298 2594 dines
1319 2561 1420 2600 urbis,
1441 2561 1588 2601 civitatis,
1615 2561 1678 2594 loci
1704 2567 1735 2594 et
1759 2560 1957 2604 provinciae,

1209 2610 1264 2642 ubi
1285 2610 1315 2643 id
1334 2610 1415 2650 sieri,
1427 2611 1473 2643 vel
1491 2616 1520 2643 te
1532 2610 1564 2642 in
1580 2610 1692 2643 eadem
1706 2610 1869 2643 voluntate
1884 2620 1958 2653 per—

1210 2665 1359 2695 manente
1380 2659 1462 2693 mori
1483 2660 1664 2703 eontigerit,
1676 2664 1740 2693 tam
1753 2659 1852 2693 verbo
1861 2670 1958 2705 quam

1977 260 2026 286 An.
2044 259 2156 286 C.1590
