2226 3070
423 297 488 332 ⁶290
976 306 1156 330 mammem
1181 305 1332 329 110111ΑΝ11111

378 361 602 404 spiritualibus
627 366 764 396 tantum,
794 370 973 403 eorumque
1000 360 1130 392 territo-

377 415 435 453 ria,
453 415 618 447 districtus
638 425 675 447 ac
697 414 861 448 terminos,
877 419 1044 457 praetensa
1058 424 1128 457 pos-

377 468 519 502 sessione
539 469 577 501 de
604 468 667 500 illis
689 479 748 511 per
768 477 1009 510 quemcumque
1031 467 1127 499 etiam

377 520 567 564 episcopum
578 522 784 553 't'erulensem
795 525 886 564 capta
896 520 1125 555 nonobstante,

179 304 229 339 An.
247 299 275 337 (ἱ.
294 307 361 337 1587
1941 307 1994 336 An.
2007 306 2036 335 c.
2055 307 2123 336 1587

1172 357 1328 390 diaconus
1349 357 1387 390 de
1408 358 1523 391 Teruel
1539 363 1633 392 antea
1654 360 1834 401 tenebatur,
1852 371 1925 404 sup-

1171 416 1301 455 portare
1328 416 1505 451 teneretur,
1538 417 1698 456 perpetuo
1720 413 1837 453 erexit,
1860 413 1924 446 illi·
1966 431 2124 452 mmmmm-

1172 475 1246 507 que,
1270 476 1329 507 pro
1345 465 1419 497 dote
1431 465 1512 505 eius,
1527 466 1656 498 tertiam
1674 470 1798 510 partem
1811 477 1923 500 eorum
1940 464 2023 483 ‘'⁵⁵⁰⁰'¹'
2040 463 2064 482 ‘¹⁰
2087 462 2125 483 T*

2031 498 2049 512 m
2109 505 2125 509 ,

1173 517 1350 556 fructuum,
1373 528 1455 561 quos
1484 518 1516 550 in
1541 519 1706 562 praedicta
1734 520 1927 552 commenda
1940 494 2027 549 11111100
2052 496 2107 514 mm

207 2239 372 2260 Archidiacnna-

190 2273 231 2291 tum
251 2272 276 2290 de
299 2269 372 2293 Aliaga

188 2305 208 2323 in
219 2302 313 2323 eeclesia
323 2300 374 2319 Gaa-

188 2331 358 2359 naraugustanjn
366 2341 373 2345 —

189 2367 265 2385 stituit⁴

378 574 614 617 archiepiscopi
651 574 940 615 Caesaraugustam
970 580 1129 617 perpetuo

378 639 445 660 esse
467 634 493 660 et
523 630 590 659 t'ore.
618 628 802 663 declararit,
831 628 953 666 statuit,
988 627 1127 659 definivit

377 687 403 713 et
425 681 596 714 ordinarit:
619 681 797 713 decernens
821 687 849 714 et
874 681 1130 724 mandansquod

377 734 414 766 de
436 740 542 766 cetero
565 735 812 777 archiepiscopo
832 734 1130 776 (hesaraugustano

378 798 435 829 pro
458 793 602 831 tempore
623 788 782 823 existenti,
798 799 856 831 pro
869 798 1014 828 congruo
1036 788 1130 820 mini-

378 840 476 872 sterio
499 840 733 873 iurisdictionis
754 841 989 873 ecclesiasticae
1011 841 1041 873 in
1069 842 1132 884 pri—

379 903 429 925 ma
451 894 605 926 instantia
632 901 663 927 et
698 906 912 939 personarum
935 895 1131 927 ecelesiasti-

379 957 490 979 earum
513 949 742 981 commoditate
775 955 973 985 tenerentur,
998 955 1024 981 et
1053 950 1134 981 01111-

378 1000 442 1042 gati
463 1001 635 1033 existerent
655 1002 853 1035 constituere
874 1008 901 1034 et
924 1003 1078 1046 deputare
1100 1014 1134 1035 u-

381 1063 457 1086 num
483 1054 639 1087 vicarium
667 1055 697 1087 111
723 1055 818 1088 dictis
838 1056 977 1099 oppidis„
1004 1056 1084 1089 villis
1105 1062 1132 1089 et

380 1107 468 1143 locis„
493 1108 546 1151 qui
569 1119 851 1152 quarumcumque
865 1110 1024 1146 villarum,
1040 1110 1133 1153 oppi-

380 1161 495 1193 dorum
518 1172 573 1194 seu
593 1163 739 1195 locorum
763 1169 790 1194 et
814 1164 1024 1196 commendate
1043 1165 1135 1196 (11111-

382 1214 462 1257 liaga
483 1215 623 1248 vicarius
644 1222 901 1259 nuncuparetur,
927 1223 953 1249 et
973 1217 1004 1249 in
1026 1218 1135 1260 aliquo

381 1269 571 1300 eorumdem
593 1270 740 1301 locorum
754 1281 809 1301 seu
828 1269 1021 1313 oppidorum
1037 1271 1136 1312 magis

381 1328 458 1365 apto
479 1327 509 1354 et.
530 1333 686 1365 congruo,
711 1324 750 1355 al)
766 1324 1136 1367 eodemarchiepiscopo

381 1375 842 1413 declarando,reside1·et,c11rn
859 1387 1002 1417 congrua
1015 1389 1138 1411 meree-

382 1429 654 1471 disassignatiom·
663 1430 701 1462 ah
713 1430 826 1463 eodem
837 1431 1084 1475 archiepiscopo
1093 1443 1138 1463 as-

382 1481 551 1524 signanda3
565 1493 599 1514 ac
612 1483 722 1515 onmia
735 1489 762 1515 et
778 1483 904 1525 singula
918 1483 947 1516 in
960 1484 1054 1516 dietis
1068 1484 1138 1527 qui-

381 1535 587 1579 buscumque
612 1536 693 1568 villis
714 1542 746 1568 et
760 1537 889 1581 oppidis
905 1538 1137 1570 etconnnenda

382 1588 537 1631 deAliaga
557 1595 587 1622 et
607 1600 718 1623 earum
733 1602 787 1623 seu
805 1601 919 1623 eorum
937 1591 1139 1624 districtibus

383 1642 415 1675 in
428 1643 534 1687 prima
547 1644 696 1677 instantia
715 1646 832 1685 faeere,
848 1656 972 1688 «gerere,
989 1656 1138 1679 exercere

383 1701 413 1728 et
432 1697 547 1740 exequi
562 1704 682 1741 posset,
706 1709 788 1741 quae
808 1699 919 1731 vicarii
943 1699 1067 1731 foranei
1092 1700 1140 1731 in-

383 1750 573 1783 cumberent
593 1751 710 1791 officio,
730 1757 757 1784 et
775 1752 875 1795 ipsius
887 1752 1063 1785 auctoritas
1084 1764 1140 1797 po-

383 1804 516 1836 stularet
536 1805 768 1848 etrequireret2
787 1806 986 1849 haberetque
1003 1806 1140 1850 inspiri-

384 1857 524 1889 tualibus
549 1859 676 1891 tandem
695 1859 879 1891 facultatem
902 1865 930 1891 et
948 1865 1138 1902 potestatem

385 1910 416 1942 in
438 1910 533 1943 dictis
559 1912 825 1955 quibuscumque
850 1913 932 1944 villis
962 1918 991 1945 et
1012 1913 1141 1956 oppidis

385 1970 411 1996 et
436 1965 629 1997 commenda
647 1966 685 1997 de
702 1966 822 2008 Aliaga,
847 1977 945 2009 quam
969 1972 1044 1998 tune
1067 1972 1140 1999 ante

385 2018 705 2052 dismemhrationem
725 2025 753 2051 et
779 2030 879 2052 novae
899 2020 1093 2052 cathedralis
1112 2032 1142 2053 e-

385 2072 563 2103 rectionem
587 2072 739 2105 ot‘ticiales
760 2074 804 2104 rel
827 2073 949 2109 vicarii,
978 2074 1033 2117 qui
1055 2074 1141 2106 diee-

384 2124 503 2157 bantur
518 2125 556 2158 de
577 2125 703 2162 Teruel.
724 2127 755 2159 in
772 2127 893 2160 eisdem
909 2127 989 2160 locis
1006 2133 1033 2160 et
1056 2138 1142 2160 com-

386 2179 502 2210 menda
523 2179 697 2220 habebant,
726 2180 917 2213 exercebant
940 2186 968 2213 et
991 2192 1141 2213 exercere

387 2230 472 2263 soliti
492 2239 594 2264 erant.
619 2233 800 2271 Praeterea,
815 2233 887 2267 loco
901 2233 1142 2267 archidiacona-

388 2290 438 2316 tus
458 2285 497 2317 de
513 2285 627 2318 Teruel
649 2286 681 2318 in
698 2287 834 2319 ecelesia
847 2287 1142 2330 Caesaraugustam

388 2338 553 2381 praedicta
587 2350 645 2383 per
683 2341 832 2373 eumdem
859 2341 1141 2384 praeslecessorem

388 2392 566 2435 suppressi,
595 2404 631 2424 ex
657 2398 745 2429 tunc,
771 2405 872 2426 unum
894 2394 1142 2426 archidiacona-

390 2448 469 2484 tum,
493 2445 531 2476 de
552 2445 663 2488 Aliaga
691 2447 961 2491 nuncupandum,
996 2447 1028 2479 111
1059 2447 1143 2479 dicta

390 2493 526 2525 eeclesia
541 2493 836 2535 Caesaraugustana
847 2496 1035 2538 dignitatem
1053 2495 1142 2535 inihi,

390 2551 455 2574 non
485 2547 590 2575 tamen
619 2549 687 2586 post
724 2545 943 2587 pontificalem
972 2545 1140 2581 maiorem,

391 2601 450 2633 pro
471 2602 537 2624 uno
557 2592 801 2633 m·‹·t1idiacono,
816 2593 977 2636 deAliaga
995 2593 1145 2625 similiter

392 2641 626 2685 nuncupando,
654 2641 686 2673 111
707 2641 793 2675 dicta
812 2643 947 2675 eeclesia
973 2643 1145 2675 Caesarau-

393 2696 538 2733 gustam,
553 2691 609 2735 qui
629 2691 738 2724 onmia
756 2701 866 2729 onera,
890 2691 1025 2735 adquae
1038 2691 1142 2724 archi-

1173 570 1211 602 de
1232 570 1341 613 Aliaga
1362 576 1391 602 et
1412 571 1541 616 oppidis
1561 582 1617 604 seu
1636 571 1716 604 locis
1739 572 1789 604 del
1810 572 1927 605 Puerto

1173 623 1211 655 de
1234 624 1402 666 Mingalvo,
1428 625 1560 657 Linares
1578 625 1605 657 el
1623 625 1741 669 Vispal,
1765 625 1925 662 Miravete‚

1173 682 1203 708 et
1226 677 1364 710 Exorcas
1377 678 1647 722 archiepiscopus
1663 679 1930 721 Caesaraugusta-

1174 742 1245 767 nus,
1270 733 1392 765 ratione
1413 733 1655 776 spiritualitatis
1672 734 1839 778 percipere
1852 733 1931 766 alias

1175 785 1287 817 solitus
1309 792 1389 824 erat,
1413 786 1508 818 etiam
1532 797 1567 818 ex
1596 793 1684 825 tune,
1709 797 1836 819 necnon
1855 797 1930 819 cen-

1175 849 1228 870 sus
1253 845 1281 871 et
1305 839 1385 871 :dios
1412 840 1554 872 cuiusvis
1579 840 1708 882 generis
1728 841 1853 872 fruetus
1874 850 1933 883 per

1177 896 1252 924 tune
1274 893 1540 926 archidiaconum
1563 893 1601 925 de
1617 893 1732 925 Teruel
1754 893 1933 925 incivitate

1176 945 1484 987 (laesaraugustana,
1504 952 1534 979 et
1560 947 1598 979 de
1619 947 1649 978 la
1665 947 1850 986 Torrezilla,
1873 946 1932 978 Pe-

1176 999 1291 1037 iiatlor,
1315 999 1488 1039 Ficscano,
1511 1000 1671 1037 Almoose,
1693 999 1874 1040 Piraeense,
1895 1000 1933 1032 Λ-

1178 1053 1293 1094 lagon,
1319 1053 1436 1086 Elurco
1462 1053 1592 1097 oppidis
1620 1053 1684 1085 sive
1710 1053 1790 1086 loeis
1818 1053 1933 1086 Caesa-

1177 1111 1394 1149 raugustanae
1411 1107 1569 1139 dioecesis
1589 1107 1712 1151 percipi
1725 1112 1753 1139 et
1767 1107 1849 1150 exigi
1861 1107 1935 1140 soli-

1180 1165 1234 1199 tas,
1256 1171 1291 1192 ac
1309 1161 1423 1193 domos
1444 1161 1475 1193 in
1491 1161 1620 1194 civitate
1636 1161 1934 1203 Caesaraugustam

1178 1224 1237 1256 per
1257 1219 1332 1246 tuni¹
1354 1214 1622 1247 archidiaeoimm
1645 1224 1808 1258 possessas
1820 1224 1936 1258 perpe-

1180 1271 1235 1297 tuo
1250 1267 1420 1311 applicavit
1438 1273 1465 1299 et
1484 1268 1667 1309 assignarim
1690 1267 1862 1311 eidemque
1883 1277 1935 1299 ar-

1179 1318 1385 1357 chidiacono,
1409 1326 1442 1352 ut
1465 1321 1618 1353 omnibus
1638 1326 1665 1353 et
1688 1320 1824 1363 singulis
1840 1320 1937 1364 privi-

1182 1373 1284 1412 tomis,
1311 1374 1425 1415 gratiis
1447 1380 1474 1407 et
1507 1374 1782 1418 exemptionibus,
1805 1383 1937 1418 praero-

1180 1426 1304 1467 gativis,
1343 1428 1610 1468 antelationibus,
1651 1427 1934 1466 concessionibus,

1181 1480 1343 1513 favoribus
1377 1486 1404 1513 et
1437 1481 1583 1522 indultis,
1615 1486 1677 1513 tam
1712 1480 1938 1525 spiritualibus

1181 1544 1276 1573 quam
1309 1534 1557 1579 temporalibus,
1589 1534 1751 1578 quidquid
1776 1533 1938 1567 archidia-

1181 1587 1253 1620 coni
1276 1588 1313 1619 de
1326 1588 1441 1620 'Feruel
1454 1598 1513 1632 pro
1532 1594 1679 1632 tempore
1691 1593 1765 1621 ante
1785 1598 1938 1632 suppres-

1182 1642 1305 1675 sionem
1328 1641 1517 1674 huiusmodi
1544 1641 1576 1674 in
1602 1641 1738 1674 ecelesia
1759 1641 1936 1675 Caesarau-

1181 1694 1316 1738 gusla'ua
1337 1696 1375 1728 de
1393 1696 1474 1732 iure,
1503 1706 1561 1728 usu
1578 1701 1609 1728 et
1629 1695 1867 1728 consuetudine
1883 1700 1938 1728 aut.

1182 1749 1260 1781 alias
1282 1749 1529 1792 quomodolibet
1558 1749 1736 1782 utebantur
1763 1753 1793 1781 et
1816 1749 1937 1791 gaude-

1183 1803 1270 1842 bant,
1294 1814 1330 1835 ac
1357 1802 1415 1840 uti,
1439 1802 1538 1846 potiri
1562 1808 1591 1835 et,
1611 1802 1753 1845 gaudere
1770 1807 1936 1847 poterant,

1183 1856 1243 1896 uti,
1266 1856 1364 1899 potiri
1383 1861 1412 1888 et
1434 1856 1575 1898 gaudere
1596 1855 1696 1888 libere
1710 1861 1739 1888 et
1754 1855 1842 1888 licite
1862 1865 1938 1899 pos—

1183 1915 1226 1942 set
1249 1916 1277 1942 et
1297 1910 1428 1948 valeret,
1453 1910 1611 1942 concessit
1633 1915 1662 1942 et
1684 1908 1829 1941 indulsit.
1852 1908 1938 1941 Reli-

1184 1974 1323 2007 quorum
1354 1968 1461 1996 autem
1491 1963 1638 1995 omnium
1675 1962 1855 2003 fructuum,
1889 1972 1938 1994 re-

1186 2069 1286 2102 titatis
1302 2075 1330 2102 et
1354 2069 1566 2101 commendae
1597 2068 1635 2101 de
1656 2068 1779 2111 Aliaga,
1808 2073 1837 2101 et
1857 2078 1939 2111 quo-

1185 2134 1401 2166 rumcumque
1423 2122 1619 2168 oppidorum
1641 2133 1697 2155 seu
1722 2123 1871 2155 locorum
1887 2121 1938 2154 del

1185 2177 1302 2209 Puerto
1324 2177 1490 2219 Mingatvo,
1517 2176 1661 2215 Linares,
1688 2175 1717 2208 el
1741 2175 1859 2218 Vispal,
1882 2174 1940 2207 Ex-

1185 2240 1278 2261 orcas
1290 2235 1318 2262 et
1333 2230 1496 2269 Miravete,
1510 2229 1576 2272 qui,
1589 2228 1719 2272 dempta
1735 2228 1832 2261 tertia
1847 2233 1940 2272 parte

1185 2282 1289 2315 eidem
1314 2282 1545 2316 archidiacono
1575 2281 1614 2314 de
1638 2281 1749 2324 Ali-aga
1767 2280 1936 2324 assignata,

1185 2342 1371 2380 supersum,
1396 2341 1543 2378 quartam
1574 2340 1699 2379 partem
1724 2333 1865 2367 fabricae
1885 2344 1939 2367 ec-

1186 2388 1301 2422 clesiae
1329 2388 1658 2432 Caesaraugustanae,
1687 2387 1720 2420 in
1749 2397 1942 2431 reeompen-

1185 2453 1252 2474 sam
1274 2444 1439 2475 fructuum
1456 2469 1463 2482 ,
1486 2441 1650 2474 redituum
1667 2445 1697 2473 et
1721 2444 1939 2484 proventuum

1186 2502 1267 2534 quos
1287 2491 1365 2524 alias
1382 2491 1502 2524 fabrica
1524 2491 1593 2535 ipsa
1614 2490 1647 2522 in
1669 2490 1763 2522 certis
1783 2489 1862 2523 locis
1888 2488 1935 2521 di-

1187 2546 1255 2572 ctae
1276 2541 1518 2573 communitatis
1538 2541 1576 2573 de
1590 2540 1705 2573 Teruel
1726 2538 1938 2583 pereipiebat;

1187 2599 1222 2621 ac
1245 2590 1343 2632 quod,
1367 2589 1417 2622 his
1439 2589 1592 2622 omnibus
1618 2589 1752 2622 omnino
1780 2587 1937 2625 deductis,

1188 2638 1351 2681 reliquum
1390 2643 1469 2671 esset
1504 2648 1633 2670 mensae
1671 2634 1940 2680 archiepiscopali

1189 2688 1515 2731 Caesaraugustanae,
1546 2697 1610 2720 una
1634 2697 1708 2719 cum
1735 2684 1886 2718 omnibus
1910 2690 1942 2717 et

1994 1925 2080 1946 Redim-
2103 1924 2138 1946 [ι-

1953 1958 2025 1977 bi‘ieae
2035 1957 2134 1977 eectmiae

1953 1990 2136 2013 Caesaraugusta-

1184 2016 1312 2049 dituum
1334 2022 1363 2049 et
1386 2021 1603 2060 proventuum
1630 2015 1757 2048 ratione
1787 2014 1939 2059 spiritua-
1953 2027 1993 2042 11³⁶
2016 2021 2136 2046 assignavit-
