2226 3070
48 306 96 333 An.
115 306 143 333 C.
162 305 225 333 1591
855 308 1001 333 CLEMENS

246 353 321 386 time
342 354 517 396 convictae,
541 355 605 389 sive
626 355 657 388 in
679 367 790 389 eorum
818 367 882 389 non
904 358 1008 389 com-l

245 408 426 450 parentium
448 409 701 448 contumaciam,
723 409 755 442 in
781 420 918 453 poenam
943 410 991 442 ul-

245 460 311 493 timi
331 462 480 505 supplicii
501 463 735 496 condemnatae
756 474 812 496 seu
830 464 987 496 condem-

244 515 386 554 nandae,
418 520 448 548 et
481 526 602 559 poenas
632 506 817 549 huiusmodi
850 527 908 560 per
939 527 991 549 eas

245 568 485 610 persolvendae,
509 575 604 612 atque
631 569 739 602 omnia
768 579 880 603 eorum
907 570 991 602 bona

245 620 321 653 fisco
342 621 412 664 ipso
432 621 500 654 iure
519 622 566 654 vel
587 623 670 655 facto
689 622 850 666 applicata
871 623 917 655 rel
936 633 991 665 ap-

244 672 393 715 plicanda
413 674 543 714 suerint,
557 681 620 707 tam
635 685 694 718 pro
712 681 798 707 sorte
818 675 989 718 principali

244 737 341 769 quam
361 738 421 771 pro
442 728 668 761 emolumentis
689 739 821 762 suorum
843 729 990 761 locorum

243 790 298 812 seu
325 781 512 823 portionum
540 782 657 815 montis
686 782 884 823 huiusmodi,
909 793 990 826 quac

244 844 299 866 seu
320 844 399 877 quas
428 835 611 868 nullatenus
633 836 802 869 confiscari
832 841 886 868 aut
913 846 987 879 pre-

243 886 338 919 scribi
360 887 407 920 vel
437 888 477 920 ad
507 888 689 924 instantIam
711 899 991 932 quorumcumque

244 939 440 973 creditorum
455 951 588 974 suorum
602 947 653 974 aut
667 942 745 975 alias
763 942 875 986 quovis
894 943 991 975 modo

244 993 437 1036 sequestrari
466 1000 521 1027 aut
542 995 693 1038 impediri
719 1006 812 1039 posse
841 996 988 1028 declara-

246 1057 327 1083 mus,
348 1046 481 1089 integre,
500 1048 589 1080 omni
609 1059 741 1091 prorsus
759 1048 991 1092 impedimento

246 1106 400 1141 cessante,
425 1101 601 1144 percipere,
626 1102 756 1135 habere.

291 1154 307 1195 ξ
329 1152 359 1186 9.
375 1155 418 1187 Ac
438 1154 509 1187 loca
528 1165 585 1187 seu
604 1155 770 1198 portiones
790 1155 988 1195 huiusmodi,

49 1208 230 1260 ..gfssj'g'sssssssss‘1'sss12
247 1216 384 1250 corpore
406 1213 512 1240 tamen
541 1218 640 1248 sano,
665 1214 695 1241 et
723 1208 822 1247 alias,
844 1213 939 1251 prout
960 1208 992 1240 in

47 1262 147 1282 “war-³¹·
248 1259 518 1301 resignationibus
547 1260 650 1293 dictae
675 1261 783 1294 curiae
811 1261 993 1294 officiorum

246 1318 277 1345 et
290 1313 427 1346 aliorum
448 1313 607 1347 montium
632 1314 825 1347 vacabilium
844 1315 993 1348 observa-

247 1365 333 1399 tione
353 1366 385 1399 in
405 1367 501 1400 unius
517 1367 566 1400 vel
586 1367 741 1411 plurium,
757 1374 854 1411 prout
866 1360 911 1401 eis
926 1368 994 1412 pla-

247 1419 359 1459 cuerit,
387 1419 482 1453 etiam
503 1420 646 1453 filiorum
675 1431 808 1454 suorum
836 1427 890 1454 aut
918 1421 994 1454 alia-

248 1483 319 1505 rum
349 1484 630 1517 quarumcumque
650 1485 862 1518 personarum
878 1502 885 1511 ,
910 1475 993 1507 iuxta
1010 1478 1011 1484 ¹

248 1525 392 1558 eiusdem
410 1526 528 1559 montis
548 1526 624 1560 Sixti
645 1526 830 1570 privilegia.
852 1528 993 1560 savorem

249 1579 280 1611 in
301 1579 449 1612 manibus
478 1579 554 1612 dieti
583 1579 820 1613 Bartholomaei
847 1581 994 1613 moderni

249 1638 279 1665 et
295 1643 354 1676 pro
376 1638 521 1676 tempore
541 1633 704 1669 existentis
732 1633 835 1666 dictae
867 1639 995 1667 nostrae

248 1686 399 1719 Gamerae
416 1686 618 1730 Apostolicae
631 1686 822 1720 thesaurarii
840 1687 995 1731 praedicti

250 1739 422 1781 resignare,
435 1745 465 1772 et
484 1739 523 1772 de
542 1740 621 1773 locis
639 1746 669 1773 et
682 1740 884 1783 portionibus
904 1751 1014 1784 praes

250 1792 352 1833 dictis,
369 1792 547 1826 dummodo
568 1792 601 1825 in
618 1793 752 1826 alicuius
772 1804 943 1837 personam
958 1794 997 1827 de

251 1844 368 1877 minori
382 1845 558 1888 quantitate
572 1846 666 1879 unius
680 1846 741 1879 loci
756 1857 821 1879 non
835 1847 992 1890 disponat,

250 1899 338 1931 nulla
358 1899 420 1932 alia
439 1900 577 1944 desuper
594 1900 725 1934 obtenta
742 1901 992 1945 dispensatione.
1012 1915 1014 1943 '³

251 1951 282 1984 in
303 1957 370 1985 toto
389 1953 438 1986 vel
466 1959 568 1997 parte,
592 1953 688 1987 simul
719 1954 766 1987 vel
798 1955 992 1998 separatim,

251 2016 308 2049 per
326 2006 410 2039 viam
432 2007 656 2049 resignationis
681 2008 867 2041 huiusmodi
895 2008 1014 2057 libere}

250 2058 422 2102 disponere
450 2060 588 2103 possint·‚
621 2061 698 2094 itaut
732 2061 930 2103 resignatarii
965 2062 996 2094 in

250 2112 395 2156 pecuniis
423 2123 480 2156 per
500 2124 574 2153 eos,
598 2125 617 2146 a
643 2114 759 2157 quibus
784 2125 913 2148 causam
942 2115 998 2147 lia-

251 2165 390 2207 buerint,
414 2167 541 2210 positis,
562 2178 597 2200 ac
620 2167 698 2200 locis
718 2179 774 2200 seu
794 2167 1015 2212 portionihus³

252 2225 283 2252 et
294 2220 521 2253 emolumentis
534 2220 705 2264 praedictis
716 2232 774 2264 per
787 2222 935 2254 eamdem
948 2232 998 2254 re-

252 2273 465 2315 signationem
479 2274 665 2312 succedere,
684 2279 711 2307 et
727 2275 766 2307 ad
787 2274 841 2307 illa
854 2275 993 2307 admitti:

298 2327 312 2370 ἓ
330 2326 382 2360 10.
407 2329 450 2360 Ac
468 2328 618 2360 omnibus
639 2333 669 2360 et
688 2328 821 2370 singulis
842 2328 911 2361 aliis
932 2329 998 2372 pri-
1015 2339 1016 2342 ¹

253 2379 386 2421 vilegiis,
410 2380 624 2419 facultatibus,
649 2380 921 2424 exemptionibus,
938 2377 1016 2413 im,l

254 2430 482 2470 munitatibus,
503 2431 720 2469 libertatibus„
745 2431 996 2474 1‘›1·acrogatix·is,

56 2373 79 2393 Et
96 2375 237 2399 portionarius

55 2400 237 2446 privilegiis.qnae

56 2426 161 2447 ,tostinus
177 2434 238 2448 vara-

55 2452 151 2474 bilibusa
160 2454 237 2474 Sixth

57 2480 138 2502 erectis.
153 2486 238 2501 conces·

57 2511 79 2525 sa
95 2509 147 2528 sunt.
162 2507 207 2528 frui.

257 2536 321 2577 tiis,
346 2542 409 2569 tam
431 2537 622 2580 specialibus
652 2548 750 2580 quam
771 2537 997 2579 generalibus,

256 2589 371 2633 quibus
391 2590 631 2633 praedictorum
651 2590 727 2624 Sixti
749 2590 978 2624 camerariatus
991 2618 998 2627 ,

255 2642 418 2682 Datariae,
446 2643 727 2680 cancellariarum,
747 2642 777 2677 S.
802 2644 1003 2676 Bonaventu-

256 2705 310 2729 rae
323 2706 359 2728 ae
371 2706 653 2740 quorumcumque
664 2696 802 2730 aliorum
813 2707 871 2740 per
883 2697 1002 2730 dictum

306 2758 382 2785 Bull.
398 2758 482 2785 Rom.
504 2758 565 2787 Vol.
581 2758 625 2786 IX
872 2758 907 2787 69

255 2484 385 2517 indultis
398 2511 405 2523 ‚
429 2484 689 2517 concessionibus
710 2485 907 2528 caeterisque
928 2496 1018 2527 gra-s

1022 310 1078 333 vm
1100 310 1149 333 PP.
1676 300 1739 332 547»

1025 357 1146 390 Sixtum
1168 363 1196 390 et
1218 357 1296 389 alios
1313 357 1475 389 Romanos
1495 357 1769 399 Pontificcsprac-

1026 411 1210 443 decessores
1243 416 1368 443 nostros
1398 415 1580 442 erectorum
1616 410 1766 441 Montium

1025 463 1216 495 vacabilium
1236 463 1410 496 creditores
1428 468 1572 501 utuntur,
1597 464 1745 494 truantur
1761 490 1766 497 ,

1024 517 1192 559 potiuntur
1209 523 1236 549 et
1255 517 1413 569 gaudtgit,
1438 527 1472 548 ac
1494 516 1558 552 uti,
1582 516 1653 551 frui,
1676 515 1769 558 potiri

1025 575 1056 602 ct
1073 570 1213 611 gaudere
1231 569 1352 612 possint
1371 575 1399 601 ct
1419 574 1569 612 poterunt
1591 569 1770 611 quomodo-

1026 622 1102 655 libet
1128 622 1159 654 in
1185 622 1339 659 futurum,
1360 622 1579 665 parisormiter
1599 628 1625 653 ct
1651 622 1770 664 absth

1025 676 1089 708 ulla
1110 686 1242 718 prorsus
1261 675 1450 713 differentia,
1471 675 1565 708 etiam
1588 675 1721 718 perinde
1735 685 1770 707 a«-

1025 728 1050 760 si
1068 728 1201 761 omnino
1222 729 1271 761 liic
1298 730 1336 761 de
1363 729 1460 761 verbo
1487 729 1526 760 ad
1558 728 1691 760 verbum
1723 727 1771 759 in-

1025 787 1110 814 serta
1134 782 1257 821 forent,
1281 782 1342 818 uti,
1367 782 1427 813 srui
1455 781 1551 824 potiri
1574 787 1604 813 ct.
1632 781 1771 820 cauum-0

1026 834 1126 867 libere
1146 841 1177 867 et
1194 834 1278 867 licite
1298 835 1424 867 valeant
1441 840 1471 867 et
1492 834 1639 867 debeant.

1070 887 1154 930 §il
1179 888 1335 931 Quodque
1355 888 1443 920 Mons
1473 887 1639 920 Charitatis
1662 887 1771 919 liuius-

1027 941 1113 973 modi
1135 940 1284 983 illiusque
1302 951 1459 983 personae
1479 940 1604 972 ratione
1622 940 1773 983 pecunIa-

1027 1005 1098 1026 rum
1118 994 1149 1026 in
1170 993 1215 1026 eis
1226 993 1404 1036 positarum
1417 994 1455 1025 ab
1469 993 1556 1025 omni
1572 993 1666 1025 etiam
1683 1004 1772 1025 men-

1026 1057 1118 1079 surae
1136 1052 1167 1079 et
1186 1047 1324 1079 aliorum
1345 1057 1479 1079 oncrum
1502 1057 1560 1088 per
1588 1057 1646 1078 nos
1664 1052 1691 1078 ct
1715 1057 1773 1088 pro

1027 1106 1172 1144 tempore
1197 1100 1367 1133 existentes
1395 1100 1558 1132 Romanos
1578 1099 1770 1135 Pontifices.

1027 1153 1121 1186 etiam
1142 1164 1201 1197 pro
1222 1153 1406 1186 defensione
1432 1153 1506 1186 fidei
1540 1159 1570 1185 ct
1600 1159 1774 1194 augmento

1027 1207 1132 1239 cultus
1152 1207 1262 1247 divini,
1280 1217 1316 1239 ac
1330 1207 1408 1239 alias
1422 1206 1641 1239 sublevatione
1656 1212 1682 1238 et
1700 1216 1775 1238 con-

1027 1260 1206 1293 servatione
1223 1260 1328 1294 Status
1349 1260 1572 1297 Ecclesiastici,
1596 1260 1776 1303 quomodo-

1028 1313 1106 1346 libet
1140 1313 1389 1357 impositorum,
1419 1313 1597 1350 solutione,
1631 1313 1772 1348 liberae,

1028 1366 1189 1399 immunes
1202 1372 1233 1399 et
1248 1372 1413 1409 exemptae
1427 1366 1486 1398 sint
1503 1371 1530 1398 et
1543 1376 1611 1398 csse
1623 1375 1775 1397 censean-

1030 1423 1090 1449 tur.
1115 1417 1177 1450 Nec
1197 1428 1294 1460 super
1315 1417 1430 1449 annuis
1451 1417 1630 1449 redditibus
1644 1422 1674 1448 et
1688 1426 1776 1448 emo-

1028 1471 1178 1503 lumentis
1196 1471 1222 1503 ci
1244 1471 1422 1512 assignatis,
1446 1470 1639 1513 illorumque
1661 1481 1773 1513 perce-

1028 1524 1137 1567 ptione
1158 1530 1188 1556 et
1209 1524 1372 1557 exactione
1394 1523 1488 1556 etiam
1508 1534 1565 1566 per
1585 1533 1643 1555 nos
1662 1528 1689 1555 ct
1708 1533 1777 1555 suc-

1030 1588 1171 1610 cessores
1182 1583 1308 1610 nostros
1326 1578 1488 1610 Romanos
1498 1575 1681 1615 Pontifices,
1696 1586 1777 1619 quo-

1029 1631 1075 1663 vis
1096 1632 1193 1664 modo
1214 1630 1395 1674 perturbari
1423 1636 1475 1663 aut
1506 1630 1569 1662 alio
1590 1630 1777 1672 gravamine

1030 1695 1085 1717 seu
1106 1694 1215 1721 onere,
1239 1684 1364 1716 etiamsi
1385 1683 1514 1716 evidens
1536 1683 1655 1715 utilitas
1676 1689 1705 1715 et
1726 1693 1777 1715 ur-

1030 1748 1107 1779 gens
1128 1737 1300 1770 necessitas
1320 1737 1352 1769 id
1373 1737 1525 1773 suaserit,
1558 1736 1685 1768 onerari
1707 1746 1779 1779 pos-

1030 1790 1108 1826 sint:
1138 1796 1168 1822 et
1200 1790 1240 1822 ad
1268 1789 1473 1832 probandum
1505 1789 1591 1832 quod
1624 1788 1779 1832 pecuniae

1031 1844 1062 1876 in
1085 1843 1170 1876 dicto
1191 1844 1296 1876 Monte
1321 1842 1490 1876 Charitatis
1510 1842 1644 1886 positae,
1663 1843 1709 1875 vel
1724 1842 1780 1874 ali-

1031 1908 1094 1941 qua
1114 1907 1227 1930 eorum
1248 1907 1332 1940 pars,
1358 1896 1389 1928 in
1410 1895 1578 1929 utilitatem
1610 1902 1640 1928 et
1670 1906 1779 1928 neces-

1031 1951 1157 1983 sitatem
1178 1951 1343 1983 Romanae
1369 1949 1541 1989 Ecclesiae,
1566 1955 1617 1982 aut
1640 1949 1730 1981 Sedis
1751 1955 1777 1980 et

1031 2004 1182 2037 Gamerae
1214 2003 1452 2046 praedictarum
1482 2002 1530 2034 vel
1558 2001 1778 2034 detensionem

1032 2057 1208 2090 catholicae
1230 2056 1305 2089 fidei
1328 2066 1481 2089 conversa
1502 2054 1780 2091 sue1·int‚mi11ime

1033 2116 1212 2144 teneantur.

1077 2165 1093 2205 ξ
1115 2163 1167 2195 12.
1189 2163 1345 2205 Quodque
1366 2153 1552 2205 praesentes
1573 2161 1696 2193 litterae
1718 2160 1779 2193 vim

1032 2223 1062 2250 et
1081 2217 1182 2250 robur
1202 2216 1266 2248 veri
1287 2221 1314 2248 et
1336 2215 1432 2247 validi
1451 2220 1633 2247 contractus
1652 2220 1678 2246 et
1699 2214 1780 2246 obli-

1032 2270 1169 2312 gationis
1188 2270 1270 2302 inter
1290 2279 1348 2301 nos
1368 2279 1405 2300 ac
1425 2268 1540 2301 Sedem
1563 2273 1591 2300 et
1613 2268 1779 2301 Camcram

1033 2323 1213 2366 praedictas
1233 2334 1269 2355 ex
1293 2332 1378 2359 una,
1400 2326 1430 2353 et
1459 2331 1513 2353 eos
1546 2321 1598 2363 qui
1629 2321 1781 2364 pecunias

1033 2387 1131 2419 super
1147 2376 1217 2418 ipso
1237 2375 1343 2408 Monte
1363 2373 1534 2407 Charitatis
1555 2374 1717 2416 posuerint
1734 2374 1780 2406 vcl

1034 2429 1073 2461 ab
1092 2428 1136 2461 cis
1154 2438 1283 2461 causam
1304 2426 1487 2467 habuerint,
1509 2437 1545 2459 ex
1565 2427 1666 2459 altera
1684 2426 1782 2469 parti-

1035 2483 1094 2515 bus
1115 2481 1257 2524 legitime
1287 2480 1356 2513 initi
1386 2486 1413 2513 et
1436 2480 1587 2523 'stipulati
1617 2480 1779 2512 obtineant

1036 2541 1063 2568 et
1085 2535 1231 2567 obtinere
1249 2534 1397 2573 debeant,
1413 2533 1580 2576 dictusque
1603 2533 1691 2565 Mons
1704 2532 1782 2565 Clia-

1035 2588 1136 2621 ritatis
1157 2594 1187 2621 et
1206 2587 1292 2620 illius
1317 2587 1487 2620 montistae
1518 2587 1549 2618 in
1579 2586 1722 2629 pacifica,
1747 2585 1783 2616 li-

1018 2649 1019 2680 ]
1035 2642 1113 2675 bera
1133 2647 1163 2675 et
1180 2641 1288 2685 quieta
1307 2641 1467 2674 dictorum
1488 2640 1781 2673 emolumentorum

1038 2695 1094 2731 eis.
1118 2701 1152 2728 ut
1172 2694 1364 2737 praefertur,
1385 2693 1623 2736 ’assignatorum
1645 2691 1782 2726 exactio·

1787 310 1837 334 An⁴
1856 309 1882 335 (ἶ.
1905 309 1964 335 1591

1799 898 1887 918 Fructus
1897 898 1972 917 Montis

1788 925 1843 944 nulli»
1854 930 1917 944 onere
1927 931 1973 948 gra-

1791 957 1901 976 taripesse
1909 954 1972 970 etiam

1789 983 1826 1002 per
1855 977 1972 997 Romanum

1790 1003 1919 1024 t’untiticcm.

1808 2166 1935 2187 Praesente>
1944 2173 1979 2186 :iu-

1796 2196 1836 2213 lein
1848 2194 1927 2213 litteras
1940 2194 1978 2213 tini

1795 2220 1874 2240 lmberc
1884 2220 1979 2240 tericnn·

1795 2249 1880 2266 tractus.
