2226 3070
107 243 158 272 An.
171 243 200 272 C.
220 244 287 273 1589

414 307 567 351 Sequitur
591 307 756 340 indultum
782 307 943 341 liberandi

573 365 783 394 carceralium.

403 453 499 481 Sixtus
519 454 590 489 Papa
608 452 638 484 V.
663 452 739 480 motu
757 450 878 487 proprio,
898 451 951 479 etc.

347 528 473 562 Dilectis
495 527 566 560 tiliis
590 527 778 571 protectori,
805 527 980 570 praestaecto,
1002 537 1050 559 as-

132 580 234 600 ¹'¹·'¹¹'¹¹¹¹¹¹
249 586 288 600 ²¹¹¹·
303 583 489 616 sistentibus
509 593 544 614 ac
564 580 634 614 aliis
654 580 845 613 officialibus
866 585 896 612 et.
922 580 1048 612 confra-

105 611 404 669 }1{,2,ss¹d‘','¹{§{,.¹,¹ss[ribus
428 634 791 668 arcliiconsraternitatis
819 633 947 666 Pietatis
972 633 1047 666 Car-

103 675 287 732 ieaiiinpnsftfflsiiadff
301 695 482 723 ceratorum
515 689 553 721 de
579 687 673 727 Urbe,
705 688 736 719 in
757 687 892 720 ecelesia
913 687 1046 720 Sancto—

103 737 284 794 ,ᾞζζῗῦΐώξὲζ
300 753 372 775 rum
392 742 523 775 Cosmae
544 745 574 774 et
597 740 752 782 Damiani,
782 740 922 783 regionis
941 741 1046 773 Pinewv

102 800 175 821 simae·
298 796 336 828 de
352 795 461 828 eadem
480 795 574 834 Urbe,
594 795 645 838 pie
662 800 692 827 et
706 794 862 827 canonice
874 794 1046 834 institutae,

297 848 389 881 cuius
406 848 540 881 dilectus
561 848 647 882 filius
658 853 766 881 noster
777 848 956 881 Alexander
971 848 1047 880 San-

296 902 336 935 cti
358 902 544 947 Hieronymi
565 902 766 947 Illyricorum
793 902 949 935 diaconus
974 913 1045 935 ear-

294 955 411 989 dinalis
432 956 470 989 de
486 957 589 989 Monte
610 957 679 989 Alto
701 961 920 999 nuncupatus,
938 962 1047 989 noster

294 1009 473 1042 secundum
505 1020 634 1043 carnem
663 1020 699 1043 ex
725 1019 836 1043 sorore
868 1020 1042 1054 pronepOS,

295 1069 457 1106 protector
470 1064 585 1104 existit,
605 1064 776 1107 specialem
794 1064 928 1107 gratiam
939 1064 1043 1097 facere

294 1118 448 1158 volentes,
471 1123 560 1151 motu
591 1117 700 1159 simili,
731 1123 803 1159 etc„
827 1118 970 1151 eiusdem
992 1130 1044 1151 ar-

294 1171 620 1205 chiconsraternitatis
645 1172 834 1215 protectori,
868 1172 1041 1215 praefecto,

293 1224 515 1258 assistentibus
535 1236 572 1258 ac
587 1225 658 1258 aliis
671 1225 863 1259 officialibus
878 1231 907 1259 et
919 1227 1043 1259 confra-

295 1277 398 1311 tribus
418 1289 504 1311 nunc
522 1284 552 1312 et
572 1290 630 1323 pro
651 1284 798 1323 tempore
819 1279 1039 1321 existentibus,

293 1336 328 1364 ut
342 1332 381 1365 de
402 1338 508 1365 cetero
530 1333 695 1377 perpetuis
712 1333 829 1366 suturis
842 1334 1043 1377 temporibus

292 1386 432 1429 qualibet
460 1387 600 1420 secunda
627 1387 705 1421 seria
726 1392 796 1431 post
820 1388 956 1431 primam
984 1388 1040 1421 do-

293 1440 443 1474 minicam
464 1441 739 1484 quadragesimae,
760 1442 835 1474 anni
856 1441 1039 1482 cuiuslibet,

292 1505 390 1527 unum
432 1502 650 1535 carceratum,
682 1501 712 1528 et
739 1507 798 1539 pro
831 1501 1040 1540 quocumque

291 1547 427 1580 crimine
448 1549 618 1587 etdelicto,
642 1554 943 1594 quantumcumque
954 1549 1039 1591 gravi

291 1606 320 1634 et
340 1602 464 1634 enormi
481 1603 719 1647 (praeterquam
741 1604 845 1637 laesae
866 1603 1041 1636 maiestatis

290 1661 322 1688 et
341 1656 502 1689 assassinii
527 1667 563 1689 ac
583 1656 745 1701 propinati
767 1657 891 1698 veneni,
911 1668 1039 1690 necnon

289 1709 519 1744 falsificationis
539 1711 731 1753 litterarum,
749 1712 1037 1756 supplicationum,

289 1764 553 1797 commissionum
584 1770 614 1797 et
641 1765 777 1798 aliarum
809 1766 985 1807 gratiarum
1008 1776 1040 1798 a-

288 1817 521 1861 postolicarum
533 1819 581 1851 vel
597 1820 759 1862 monetae)
778 1820 810 1852 in
826 1831 956 1853 carcerc
977 1819 1037 1852 exi-

288 1875 437 1912 stentem,
465 1877 495 1905 et
515 1872 553 1905 ad
582 1873 730 1906 triremes
750 1884 786 1906 ac
807 1873 903 1906 etiam
924 1874 1038 1906 ultimo

288 1925 448 1968 supplicio
469 1926 734 1967 condemnatum,
755 1937 974 1968 excarcerat-e,
1002 1927 1038 1959 li-

287 1979 400 2011 berare
420 1983 451 2011 et
469 1979 636 2013 absolvere
648 1981 748 2014 libere
760 1982 1036 2023 etlicitevaleant3

286 2032 341 2076 qui
362 2043 400 2065 eo
421 2033 489 2076 ipso
510 2033 677 2067 absolutus
707 2035 746 2068 sit
770 2040 801 2068 et
821 2046 888 2069 esse
910 2047 1039 2069 censea-

289 2091 339 2118 tur
358 2097 375 2119 a
394 2087 560 2130 quibusvis
581 2088 786 2129 criminibus,
810 2095 1036 2135 praeterquam

287 2140 462 2183 praedietis
481 2141 818 2186 exceptis,apostolica
834 2145 1037 2186 auctoritate,

288 2198 398 2227 tenore
419 2195 650 2238 praesentium,
662 2202 820 2240 perpetuo
829 2199 1038 2232 concedimus

288 2251 318 2279 et
337 2246 554 2291 indulgemus,
578 2250 772 2293 plenamque
793 2256 823 2283 et
837 2252 971 2285 liberam
993 2253 1038 2287 cis

288 2310 385 2342 super
405 2302 589 2344 praemissis
610 2302 773 2336 licentiam
801 2309 831 2337 ct
851 2305 1035 2340 facultatem

288 2352 504 2396 impartimur.

330 2407 345 2450 ἓ
369 2406 401 2439 ’1.
424 2408 609 2442 Mandantes
630 2414 799 2453 propterea
820 2411 944 2445 dilectis
964 2413 1038 2447 filiis

112 2458 219 2499 Offivietes
243 2461 271 2480 it-
286 2455 430 2490 eiusdem
451 2457 545 2490 Urbis
564 2459 782 2501 gubernatori,
804 2462 955 2503 senatori,
979 2474 1035 2496 cu—

86 2491 119 2510 'ud
146 2491 268 2512 ‘'mmm'‘
285 2505 352 2538 riae
369 2516 539 2539 causarum
557 2508 711 2541 Gamerae
726 2510 926 2553 Apostolieae
946 2512 1037 2545 audi-

285 2554 345 2587 tori
374 2560 404 2587 et
424 2555 556 2597 vicario,
580 2557 714 2600 aliisque
735 2558 897 2592 iudicibus
917 2565 947 2592 et
968 2572 1036 2593 car-

284 2613 393 2636 cerum
424 2604 529 2638 diotae
554 2606 647 2639 Urbis
673 2608 874 2649 custodibus,
896 2619 983 2643 nunc
1004 2616 1035 2644 et
1056 2643 1057 2651 ,

284 2663 344 2697 pro
362 2658 509 2697 tempore
530 2655 752 2699 existentibus,
774 2668 811 2691 ac
836 2669 948 2692 eorum
970 2659 1036 2693 cui-
1055 2688 1058 2700 ,

958 253 1062 278 SIXTUS
1080 255 1099 278 V
1118 255 1164 279 PP-

1737 251 1815 286 107*

1097 308 1186 350 libet,
1205 314 1374 352 quatenus,
1392 310 1465 343 visis
1486 313 1708 354 praesentibus
1725 326 1779 348 seu
1794 317 1843 350 lit-

1092 362 1168 394 toi-is
1183 363 1368 406 apostolicis
1379 365 1749 409 desuperconficiendis,
1767 375 1839 411 cte,

1092 415 1178 447 omni
1208 427 1297 449 mora
1330 423 1359 450 et
1388 418 1541 451 dilatione
1575 431 1611 451 ao
1638 423 1841 457 excusatione

1092 469 1288 513 postpositis,
1321 471 1440 504 eisdem
1466 474 1691 515 praesentibus
1711 486 1766 509 seu
1793 478 1841 510 lit-

1091 522 1166 554 teris
1187 524 1327 568 desuper
1346 525 1556 559 conficiendis
1574 533 1748 570 pareautct
1763 530 1840 563 obe—

1090 575 1190 616 diant,
1213 589 1249 610 ac
1270 578 1340 611 illas
1362 579 1531 613 observent
1550 586 1580 613 et
1604 582 1765 615 observari
1798 585 1840 616 t‘a-

1090 629 1176 661 ciant
1195 631 1325 663 realiter
1345 638 1374 664 et
1395 643 1468 665 cum
1489 633 1616 671 effectu.

1133 684 1147 725 ἓ
1168 683 1198 716 2.
1222 685 1289 716 Nou
1306 687 1507 720 obstantibus
1520 689 1704 731 praemissis
1720 691 1838 723 consti·
1867 697 2037 732 ‘2⁰¹¹›u⁵<··¹¹¹¹⁴1=qe

1089 737 1267 770 tutionibus
1295 745 1322 771 et
1354 740 1613 775 ordinationibus
1641 745 1836 787 apostolicis,
1854 733 1894 778 {332¹
1931 727 2036 749 Obfflnu‘

1089 799 1213 822 necnon
1235 791 1338 824 dictae
1368 793 1462 826 Urbis
1482 796 1616 835 statutis,
1644 801 1715 838 etc„
1744 799 1838 832 etiam

1088 843 1280 883 iuramento,
1301 850 1358 877 etc.
1378 846 1548 889 roboratis,
1573 849 1744 893 privilegiis
1760 863 1838 895 quo-

1087 907 1163 940 que,
1177 897 1310 931 indultis
1327 905 1357 932 et
1376 900 1492 933 litteris
1512 904 1697 946 apostolicis
1717 906 1836 938 eisdem

1087 952 1308 994 gubernatori,
1332 955 1486 995 senatori,
1509 957 1650 990 auditori
1685 957 1837 993 Gamerae

1087 1016 1123 1038 ac
1139 1005 1259 1040 vicario
1279 1007 1383 1041 dictae
1406 1008 1509 1050 Urbis,
1525 1010 1721 1055 illorumque
1735 1013 1836 1046 tribu—

1087 1060 1214 1093 nalibus
1251 1072 1288 1094 ac
1327 1061 1488 1095 iudicibus
1520 1069 1548 1096 et
1576 1064 1838 1109 quilmscumque

1086 1114 1156 1147 aliis
1193 1115 1342 1158 personis
1372 1116 1430 1149 sub
1464 1116 1727 1162 quibuscumque
1748 1124 1837 1153 teno-

1086 1168 1175 1201 ribus
1195 1174 1226 1201 et
1245 1161 1370 1210 formis,
1405 1180 1441 1203 ac
1462 1181 1536 1203 cum
1557 1171 1721 1214 quibusvis
1746 1174 1834 1207 clau-

1085 1222 1165 1255 sulis
1194 1228 1225 1255 et
1259 1223 1409 1264 decretis,
1443 1224 1539 1257 etiam
1574 1231 1663 1258 motu
1693 1227 1837 1270 proprio,

1085 1280 1157 1315 etc„
1194 1288 1232 1309 ac
1261 1276 1539 1318 consistorialiter,
1561 1283 1634 1319 etc„
1658 1285 1688 1312 et
1707 1280 1787 1313 alias
1804 1281 1836 1313 in

1085 1330 1284 1363 contrarium
1307 1332 1553 1374 quomodolibet
1571 1334 1744 1373 concessis,
1767 1336 1835 1378 qui-

1083 1384 1143 1417 bus
1164 1385 1327 1426 omnibus,
1351 1385 1474 1418 etiamsi
1495 1386 1535 1419 de
1556 1386 1630 1427 illis,
1653 1392 1725 1426 eta,
1741 1400 1835 1432 expe-

1084 1438 1220 1479 diendis,
1244 1439 1398 1472 latissime
1411 1439 1472 1473 hac
1492 1440 1561 1473 vice
1578 1441 1743 1475 dumtaxat
1762 1455 1833 1487 spe-

1084 1491 1208 1525 cialiter
1232 1498 1260 1525 et
1288 1503 1436 1537 expresse
1462 1494 1667 1537 derogamus,
1702 1497 1833 1530 ceteris-

1082 1556 1145 1588 que
1173 1546 1345 1579 contrariis
1368 1547 1630 1592 quibuscumque
1651 1561 1725 1582 cum
1747 1551 1834 1583 clau-

1082 1598 1160 1632 sulis
1175 1601 1379 1643 opportunis.

1259 1652 1338 1696 Fiat,
1357 1661 1445 1689 motu
1466 1657 1610 1701 proprio,
1621 1658 1654 1690 F.

1126 1707 1163 1740 Et
1187 1718 1260 1741 cum
1282 1709 1486 1743 absolutione
1507 1722 1524 1744 a
1545 1712 1699 1753 censuris,
1726 1714 1765 1745 ad
1787 1713 1952 1766 es-¹S¹J¹¹;1¹'·1¹¹·gj”
1969 1715 2027 1734 *⁴¹⁴⁰*

1082 1763 1214 1803 sectum,
1237 1767 1308 1803 etc„
1328 1769 1358 1796 et
1375 1763 1414 1797 de
1431 1765 1597 1809 perpetuis
1609 1767 1830 1807 concessione,
1943 1762 1945 1765 ¹

1081 1815 1219 1856 indulto,
1243 1816 1384 1858 licentia,
1408 1817 1640 1862 impartitione,
1668 1821 1830 1860 mandato,

1081 1870 1289 1913 derogatione
1304 1871 1439 1915 aliisque
1460 1873 1656 1916 praemissis,
1671 1880 1705 1907 ut
1724 1885 1832 1918 supra,

1080 1935 1161 1968 quae
1182 1924 1235 1958 liic
1252 1936 1312 1969 pro
1332 1925 1529 1959 sufficienter
1544 1927 1690 1971 repetitis
1703 1929 1740 1961 ad
1758 1940 1832 1972 par-

1080 1983 1145 2010 tem
1166 1978 1361 2019 habeantur,
1395 1986 1553 2024 perpetuo
1584 1987 1615 2014 et
1642 1982 1681 2014 ad
1715 1993 1831 2026 perpe-

1080 2037 1166 2065 tuam
1190 2033 1234 2066 rei
1252 2034 1440 2067 meritoriam
1463 2035 1494 2067 in
1513 2035 1615 2068 sorma
1641 2036 1780 2078 gratiosa
1801 2037 1831 2070 in

1080 2086 1193 2119 litteris
1203 2086 1356 2120 latissime
1370 2088 1590 2126 cxtendendis;
1601 2095 1629 2121 ct
1643 2090 1728 2133 quod
1744 2101 1833 2133 prae-

1082 2140 1253 2173 missorum
1275 2141 1419 2173 omnium
1442 2147 1474 2174 ct
1502 2142 1714 2185 singulorum,
1737 2144 1831 2176 etiam

1080 2194 1395 2235 denominationum,
1415 2195 1609 2238 qualitatum
1626 2197 1831 2241 aliorumque

1080 2246 1165 2280 cirea
1186 2248 1363 2290 praemissa
1383 2249 1653 2291 necessariorum,
1676 2251 1780 2284 maior
1800 2258 1832 2284 et,

1079 2300 1184 2333 verior
1205 2301 1403 2345 specificatio
1420 2308 1452 2335 et
1467 2304 1629 2346 expressio
1646 2305 1716 2337 lieri
1730 2306 1827 2349 possit

1860 258 1911 289 An.
1931 261 1958 290 C.
1973 263 2040 291 1589

1861 1638 1930 1665 Papae
1942 1639 2022 1660 subscri

1847 1671 1897 1697 ptio.

1057 2350 1058 2361 ¹
1079 2354 1111 2386 in
1131 2354 1258 2395 litteris,
1292 2355 1387 2388 etiam
1415 2367 1488 2390 cum
1510 2358 1549 2390 ad
1570 2364 1760 2402 perpetuam
1783 2360 1828 2393 rei

1080 2408 1282 2441 memoriam.
1292 2448 1301 2454 ῃ

1393 2463 1460 2498 Fiat
1479 2463 1512 2498 F.

1121 2510 1234 2544 Datum
1255 2511 1374 2546 Romae
1395 2514 1481 2557 apud
1502 2514 1654 2548 Sanctum
1677 2516 1827 2555 Marcum,

1078 2560 1343 2605 decimoseptimo
1371 2562 1523 2596 kalendas
1547 2564 1636 2602 maii,
1659 2574 1825 2604 umixxxvi,

1078 2610 1283 2653 pontificatus
1303 2612 1404 2645 nostri
1425 2622 1510 2645 anno
1535 2622 1569 2646 11.
