2226 3070
38 303 85 330 An.
104 302 132 329 C.
151 301 217 328 1592

236 348 467 392 cuiuscumque
487 347 697 392 pecuniarum
712 357 868 387 summae,
885 347 980 380 etiam

236 412 294 445 pro
316 401 526 434 subventione
544 411 679 434 onerum
695 401 860 434 Romanae
874 400 981 433 Eccle-

236 455 301 488 siae
322 460 375 487 aut
396 454 488 487 nobis
502 454 888 494 incumbentium,seuex
901 464 980 496 qua-

237 519 375 551 cumque
396 507 457 540 alia
478 507 574 540 etiam
594 507 819 549 urgentissima
833 512 861 539 ct
877 506 982 539 effica-

237 562 365 595 cissima
385 572 480 594 causa
500 571 559 605 pro
577 566 723 604 tempore
744 560 905 603 imposito,
924 560 982 592 mi-

237 617 303 654 nui,
325 622 378 649 aut.
399 627 435 649 ex
461 615 505 648 eis
534 615 675 657 aliquam
706 620 830 657 partein
862 613 980 646 auferri

237 670 284 702 vel
307 668 437 702 retineri
458 668 642 700 nullatenus
662 677 755 710 posse
777 667 824 699 vel
845 667 978 703 deberc2

238 728 268 755 et
288 731 508 765 quascumque
529 721 760 753 diminutiones
770 726 797 753 et
814 719 977 753 remissio-

237 786 293 808 nes
314 775 435 808 fiendas
455 785 511 807 seu
538 774 761 816 contingentes
790 784 887 817 super
914 773 981 805 eius

238 827 482 870 assignamentis
508 828 548 860 ad
577 827 680 860 dictae
701 827 851 860 Gamerae
879 827 982 859 Bono-

237 881 357 915 niensis
377 881 532 914 damnum
554 886 584 913 et
610 880 707 913 totale
737 880 979 913 incommodum

239 935 353 967 cedere
366 934 498 974 debere3
517 939 545 966 et
560 934 647 977 quod
660 932 831 975 collegium
847 938 877 965 et
898 932 981 964 illius

238 997 392 1031 personas
418 987 457 1019 ad
487 980 690 1030 probandum
719 986 805 1029 quod
826 985 981 1029 pecuniae

239 1041 269 1073 in
289 1040 374 1073 dicto
400 1040 505 1073 Monte
526 1039 649 1083 positae
670 1040 717 1072 vel
743 1039 850 1082 aliqua
871 1049 979 1071 earum

238 1105 312 1138 pars
333 1093 364 1126 in
382 1093 576 1126 solutionem
598 1098 627 1125 et
648 1092 875 1125 extinctionem
895 1091 983 1124 debi-

240 1154 344 1180 torum
366 1147 605 1191 praedictorum
626 1152 655 1179 et
677 1146 845 1179 utilitatem
867 1146 983 1178 Boina-

238 1212 298 1234 nae
325 1201 485 1234 Ecclesiae
510 1201 558 1234 vel
594 1201 744 1234 Camerae
773 1199 982 1233 Bononiensis

240 1255 358 1288 suerint
378 1265 560 1294 conversae,
585 1253 719 1286 minime
740 1253 852 1286 teneri.

285 1310 300 1352 ξ
315 1308 366 1340 '1-2.
384 1309 634 1350 Praesentesque
646 1313 771 1340 nostras
785 1306 906 1339 litteras
919 1306 981 1338 vini

40 1370 223 1417 'lutggsscgjffliffi
240 1368 269 1395 et
290 1362 390 1395 robur
409 1361 475 1395 veri
494 1367 523 1394 et
545 1360 641 1394 validi
660 1366 842 1393 contractus
857 1366 885 1392 et
900 1359 982 1393 obli-

41 1424 224 1444 twrecoutractus-
239 1415 376 1459 gationis
397 1416 480 1449 inter
499 1425 558 1448 nos
570 1421 598 1448 et
611 1415 777 1448 Cameram
795 1414 980 1447 Bononien-

240 1480 306 1502 sem
328 1474 470 1502 nostram
489 1479 526 1501 ex
550 1478 625 1507 una,
658 1473 687 1500 et
716 1478 770 1501 eos
801 1467 855 1511 qui
880 1477 980 1511 pecu-

239 1523 308 1555 nias
329 1533 426 1566 super
447 1523 551 1555 Monte
565 1521 729 1565 praedicto
750 1525 937 1564 posuerunt,
955 1525 983 1552 et

241 1577 280 1609 ab
300 1576 344 1609 eis
365 1586 494 1609 causam
511 1575 678 1613 habentes,
699 1585 736 1607 ex
762 1575 861 1607 altera
886 1573 984 1618 parti-

241 1630 316 1667 bus,
341 1628 483 1671 legitime
503 1628 573 1661 initi
594 1634 623 1661 et
643 1627 785 1671 stipulati
806 1627 963 1661 obtinere.

287 1684 302 1724 ξ
328 1682 376 1715 13.
401 1681 517 1725 Sicque
537 1687 568 1714 et
598 1691 663 1714 non
688 1681 766 1713 alias
796 1691 854 1724 pei·
882 1691 981 1724 quos-

243 1747 382 1780 cumque
412 1735 549 1775 iudices,
570 1734 751 1768 ordinarios
763 1740 791 1767 et
808 1735 981 1775 delegatos,

244 1796 271 1823 et
295 1800 466 1823 causarum
487 1788 599 1822 Palatii
620 1788 793 1832 Apostolici
824 1787 985 1820 auditores

243 1849 274 1876 et
290 1844 320 1876 S.
345 1843 380 1875 R.
402 1843 434 1875 E.
468 1841 661 1879 cardinales,
690 1841 786 1873 etiam
817 1841 855 1873 de
887 1841 985 1873 latere

243 1897 375 1939 legatos,
399 1896 524 1928 sublata
536 1895 581 1928 eis
599 1900 751 1928 eteorum
766 1894 896 1927 cuilibet
908 1905 985 1937 qua-

242 1950 286 1983 vis
307 1949 399 1982 aliter
419 1948 580 1982 iudicandi
598 1954 626 1981 et
641 1947 874 1991 interpretandi
887 1948 985 1980 facul-

243 2008 304 2036 tate
325 2009 355 2035 et
380 2002 589 2042 auctoritate,
622 2001 758 2034 iudicari
795 2007 826 2034 et
854 2001 984 2033 diffiniri

244 2056 378 2093 delmi-03
403 2055 528 2088 irritum
550 2065 680 2098 quoque
708 2060 737 2087 et
769 2054 862 2087 inane
894 2054 986 2097 quid-

243 2109 319 2153 quid
346 2120 437 2141 secus
457 2119 553 2152 super
573 2108 621 2140 his
639 2119 655 2140 a
677 2118 852 2151 quoquam,
876 2107 986 2150 quavis

243 2163 444 2202 auctoritate,
468 2161 606 2194 scienter
622 2162 670 2194 vel
691 2161 887 2203 ignoranter,
911 2171 987 2193 con—

245 2216 347 2258 tigerit
370 2215 530 2253 attentari,
555 2214 768 2247 decernimus.
964 2245 967 2247 ,

290 2276 305 2311 ξ
327 2268 379 2301 isi.
400 2269 437 2301 Et
455 2268 586 2311 insuper
607 2267 772 2311 cupientes
782 2273 813 2300 ut
828 2268 916 2300 Mons
932 2278 986 2300 aii-

246 2333 349 2355 nonae
381 2321 566 2354 huiusmodi
592 2326 618 2353 et
648 2326 832 2364 praesentes
863 2320 986 2353 litterae

245 2386 338 2408 suuni
371 2374 493 2407 facilius
523 2380 551 2406 et
584 2374 719 2406 celerius
750 2379 988 2417 consequantur

246 2429 407 2468 effectum,
442 2428 600 2461 moderno
621 2433 648 2459 et
670 2438 729 2470 pro
752 2432 895 2470 tempore
924 2427 988 2459 exi-

246 2481 340 2514 stenti
363 2481 537 2513 vexillifero
558 2480 696 2513 iustitiae
715 2480 817 2512 dictae
838 2479 983 2517 civitatis

248 2540 282 2567 ut
302 2534 452 2567 omnibus
482 2534 677 2577 ponentibus
709 2532 861 2577 pecunias
891 2544 988 2576 super

247 2588 333 2621 dicto
353 2588 468 2627 Monte,
493 2593 537 2620 tot
559 2588 628 2620 loca
646 2593 676 2620 et
705 2587 868 2630 portiones
893 2598 989 2630 super

247 2641 331 2675 dicto
352 2642 466 2680 Monte,
490 2646 568 2684 quot
585 2640 756 2684 pecuniae,
777 2652 834 2684 pci-
854 2651 908 2674 eos
932 2651 988 2684 po-

67 1742 178 1763 ‹it-insulae
190 1748 226 1767 pru

43 1771 146 1794 perpetim
166 1769 227 1788 tirini-

42 1797 85 1815 tatu
114 1798 134 1815 et
156 1796 227 1815 elisei·-

45 1825 121 1842 mutia.

61 2324 180 2345 Vexillisero
191 2325 228 2345 Bo-

48 2351 123 2371 noniae
144 2351 229 2371 sai-iiiia<

48 2378 129 2397 tenid-31
144 2378 229 2398 eiiieiiti-

49 2404 87 2424 bus
98 2404 168 2424 dictas
182 2411 230 2430 por-

48 2430 115 2451 tiones
150 2432 230 2451 litteras

48 2458 144 2481 patentes
155 2464 230 2478 couce-

48 2483 117 2504 dandi.

856 298 1002 322 CLEMENS
1022 298 1079 322 VIII
1100 299 1138 322 PP
1145 315 1150 320 .

1660 284 1723 317 557

1015 357 1111 390 super
1136 346 1210 379 inde
1234 350 1378 389 patentes
1399 343 1532 383 litteras,
1565 343 1632 375 eius
1662 353 1758 375 manu

1015 399 1211 443 subscriptas
1240 404 1269 431 et
1290 398 1394 440 sigillo
1415 396 1491 430 dicti
1512 396 1625 429 Montis
1654 396 1758 427 niuni-

1018 459 1074 491 tas,
1100 458 1162 485 tam
1184 453 1243 485 liae
1261 451 1366 495 prima
1392 451 1470 489 rice,
1500 460 1597 493 quani
1619 449 1758 492 quoties-

1017 517 1154 548 cunique
1175 505 1325 547 deinceps
1344 504 1413 536 loca
1425 509 1452 536 et
1468 502 1630 546 portiones
1643 501 1755 533 liuius-

1018 559 1103 592 modi
1125 570 1181 602 per
1198 557 1449 599 resignationem
1474 566 1586 588 vacare
1616 555 1758 596 contige-

1016 612 1067 651 rit,
1091 611 1250 644 conticere
1271 616 1299 643 et
1318 610 1444 643 tradere
1456 609 1555 653 possit
1575 614 1603 641 et
1626 609 1737 640 valeat.

1062 667 1076 707 ξ
1102 664 1148 697 15,
1169 665 1324 697 Yolumus
1345 669 1451 696 autcin
1484 662 1570 706 quod
1602 661 1676 694 dicti
1708 671 1759 693 re·
1788 700 1790 703 ι
1830 673 1960 694 aerumnam.

1017 719 1207 752 formatores
1227 729 1281 751 seu
1300 723 1429 760 agentes
1448 727 1507 760 pro
1527 716 1609 749 [licta
1630 716 1761 748 Camera
1776 701 1961 746 {lilii-{thlllli'lfx‘

1016 778 1123 804 nostra
1145 770 1340 804 Bononiensi
1358 769 1510 813 pecunias
1532 779 1568 801 ex
1590 767 1682 801 dietis
1703 778 1759 800 au-
1776 759 1961 803 133531'.¹1'¹2¹.51118.⁰‚‘232

1016 824 1176 865 guiiientis
1190 830 1218 856 ct
1233 823 1322 856 noris
1334 822 1606 866 impositionibus,
1624 827 1656 854 ut
1669 831 1761 864 prae-
1776 809 1880 832 ⁰⁸⁰¹¹¹¹¹²

1018 878 1135 914 fertur,
1161 876 1405 920 percipiendas,
1426 886 1508 919 quae
1541 875 1625 908 dicto
1653 874 1761 908 censui

1017 936 1044 963 ct
1070 930 1307 973 assignamento
1334 935 1498 962 scutorum
1532 929 1761 962 decemnovem

1018 984 1154 1016 millium
1181 983 1346 1016 annuatim
1376 982 1576 1026 supererint,
1609 981 1639 1014 in
1661 981 1762 1014 extin-

1018 1038 1157 1071 ctionem
1180 1043 1208 1069 et
1235 1036 1499 1069 affrancationein
1530 1041 1636 1068 tantae
1665 1035 1762 1078 partis

1018 1091 1102 1123 illius
1113 1089 1236 1130 Montis,
1250 1095 1403 1133 quantam
1415 1088 1569 1132 pecuniae
1581 1088 1764 1131 praedictae

1018 1154 1131 1187 capere
1152 1148 1313 1187 poterunt,
1338 1141 1425 1175 omni
1456 1141 1643 1185 exceptione
1674 1141 1764 1184 peni-

1018 1203 1067 1230 tus
1088 1202 1243 1235 cessante,
1267 1195 1401 1237 singulis
1429 1195 1541 1235 annis,
1573 1205 1630 1237 per
1662 1199 1764 1227 extra-

1018 1251 1157 1284 ctionem
1179 1251 1325 1283 locorum
1347 1249 1626 1287 redimendorum,
1644 1259 1680 1281 ac
1702 1248 1764 1281 illis

1019 1305 1122 1338 modis
1143 1310 1173 1338 et
1194 1304 1306 1337 formis
1328 1304 1466 1347 desuper
1477 1314 1534 1346 per
1547 1302 1647 1335 dictos
1662 1303 1764 1335 refor-

1019 1365 1169 1397 matores,
1194 1358 1225 1390 in
1246 1356 1428 1402 praesentia
1458 1362 1564 1389 tamen
1596 1366 1655 1399 pro
1685 1361 1764 1388 tem-

1018 1424 1095 1457 pore
1117 1412 1280 1445 existentis
1301 1411 1396 1454 legati
1418 1421 1474 1444 seu
1504 1409 1686 1452 rice-legati
1716 1409 1763 1441 vel

1018 1466 1253 1509 gubernatoris,
1277 1464 1455 1498 statuendis
1469 1463 1668 1503 ordinandis,
1686 1473 1763 1496 con-

1020 1525 1141 1552 vertere
1160 1525 1189 1552 et
1206 1529 1279 1551 cuni
1301 1517 1416 1551 effectu
1438 1527 1582 1559 erogare.

1064 1575 1079 1615 g
1106 1572 1153 1605 16.
1178 1573 1212 1605 Et
1241 1573 1280 1605 de
1313 1570 1498 1604 huiusmodi
1520 1569 1714 1603 extinctione
1734 1574 1765 1602 et

1019 1626 1214 1660 extractione
1234 1625 1368 1667 singulis
1389 1624 1480 1657 annis
1498 1623 1690 1665 viee-legato
1708 1633 1764 1655 seu

1019 1679 1227 1722 gubernatori
1250 1678 1353 1711 dictae
1373 1677 1508 1711 civitatis
1529 1671 1715 1720 computum
1730 1685 1764 1708 o—

1020 1734 1167 1766 stendere
1189 1739 1217 1765 et
1238 1732 1396 1765 rationem
1414 1731 1551 1764 reddere
1569 1730 1702 1763 omnino
1719 1736 1764 1763 te-

1020 1792 1168 1820 neantur.

1065 1841 1081 1882 g
1104 1839 1154 1872 17.
1179 1839 1243 1872 Nec
1261 1839 1300 1871 ad
1321 1838 1391 1871 illas
1411 1838 1504 1871 aliter
1527 1837 1765 1870 distribuendas

1020 1894 1067 1926 vel
1089 1893 1306 1937 exponendas,
1325 1892 1420 1925 etiam
1435 1903 1493 1935 per
1514 1902 1572 1924 nos
1592 1896 1623 1924 et
1640 1901 1765 1923 succes-

1020 1958 1108 1980 sores
1136 1952 1262 1980 nostros
1289 1951 1341 1978 aut
1369 1946 1483 1978 Sedeiii
1506 1945 1690 1977 huiusmodi
1717 1945 1765 1977 rel

1021 2000 1149 2043 quosvis
1167 1998 1256 2039 alios,
1281 2009 1486 2042 quacumque
1516 1997 1708 2031 auctoritate
1736 2003 1767 2035 et

1021 2053 1170 2086 facultate
1193 2052 1354 2096 compelli,
1390 2062 1496 2095 neque
1526 2057 1767 2095 superextantes

1021 2106 1175 2150 pecuniae
1194 2105 1379 2138 huiusmodi
1400 2104 1495 2137 alicui
1510 2104 1699 2146 gravamini,
1715 2115 1767 2136 or-

1021 2159 1148 2192 dinario
1166 2159 1214 2192 rel
1235 2158 1504 2197 extraordinario,
1528 2162 1581 2190 aut
1594 2157 1683 2190 oneri
1698 2157 1766 2190 cui-

1022 2224 1171 2256 cumque,
1202 2211 1297 2245 etiam
1318 2222 1377 2255 pro
1398 2211 1610 2244 subventione
1631 2222 1766 2244 onerum

1022 2266 1115 2299 nobis
1135 2271 1163 2297 et
1186 2265 1370 2309 praedictae
1387 2264 1549 2297 Ecclesiae
1570 2264 1764 2297 incumben-

1023 2319 1112 2360 tium,
1137 2324 1191 2352 aut
1211 2330 1247 2351 ex
1269 2318 1378 2362 quavis
1398 2318 1470 2359 alia,
1492 2318 1587 2351 etiam
1609 2318 1764 2351 efficacis-

1022 2373 1102 2405 sinia
1123 2378 1153 2405 et
1180 2372 1418 2414 inexcogitabili
1446 2383 1551 2411 causa,
1584 2371 1698 2404 subiici
1719 2373 1767 2404 vel

1021 2426 1159 2469 supponi
1177 2432 1230 2459 aut
1243 2425 1321 2458 alias
1333 2425 1577 2469 quomodolibet
1593 2425 1695 2458 minui
1708 2435 1766 2457 nec

1024 2479 1153 2511 retineri
1172 2479 1304 2523 possint.

1067 2532 1146 2576 518.
1163 2532 1349 2571 Quinimmo
1363 2531 1483 2565 eisdem
1499 2531 1765 2565 reformatoribus
1782 2533 1967 2584 nffflfflffndsrss'sggj

1022 2592 1053 2619 et
1072 2585 1239 2629 agentibus
1260 2586 1363 2619 dictae
1383 2586 1534 2619 Gamerae
1549 2585 1766 2619 'Bononiensis
1781 2587 1967 2642 glitnfffflffrfffffi

1022 2640 1080 2673 sub
1107 2639 1448 2673 excommunicationis
1479 2640 1561 2672 latae
1590 2638 1766 2672 sententiae
1782 2640 1967 2695 ffiusssslssslffiffi¹¹⁵

1771 293 1819 319 An.
1838 292 1866 320 C.
1889 292 1956 320 1592

1797 1575 1963 1600 Coiiipiitumqiie

1780 1602 1913 1621 extinctionis
1936 1608 1963 1621 ii-

1780 1629 1885 1651 cc-ioizato
1908 1628 1964 1648 exhi-

1779 1655 1850 1675 beant.

1795 1841 1918 1861 Huiusmodi
1931 1847 1964 1861 ie-

1781 1874 1804 1887 ro
1819 1868 1922 1893 pecunias
1938 1868 1964 1887 ab

1781 1895 1836 1914 oiuiii
1847 1901 1910 1914 onere
1918 1895 1965 1914 red-

1781 1921 1812 1941 dit
1826 1927 1935 1942 immunes.

246 2695 326 2729 sitae
346 2695 484 2739 capient,
508 2694 686 2728 concedere
707 2705 744 2728 ae
763 2693 937 2737 assignare,
958 2699 989 2727 et
1023 2699 1053 2728 et
1070 2694 1182 2728 deceni
1202 2693 1341 2727 millium
1358 2698 1524 2728 scutorum
1545 2692 1615 2726 auri
1640 2702 1763 2736 poenis,
