2226 3070
248 282 296 309 An.
314 281 342 309 c.
362 281 427 310 1591
476 271 540 305 472

270 1403 362 1434 Tandem
373 1406 429 1423 tran-

246 1434 313 1451 sactio
322 1432 375 1451 inter
382 1436 429 1455 pai·-

247 1461 277 1477 tes
289 1457 342 1478 tacta
359 1457 402 1477 fuitv

444 336 506 363 tam
526 330 565 363 ad
585 329 766 363 habendam
799 328 1049 363 declarationem
1080 328 1180 361 dicta-

441 394 513 416 rum
532 393 805 427 processurarum,
829 392 925 425 quam
945 381 984 414 ad
1002 380 1082 413 fines
1103 392 1180 415 con-

441 443 545 470 tentos
576 437 607 469 in
638 436 844 480 petitionibus
876 435 1063 468 eorumdem
1080 462 1087 475 ‚
1125 446 1182 478 per

441 502 536 534 quem
557 490 754 534 praedictum
772 489 943 531 Georgium
972 489 1178 533 cardinalem,

442 544 556 577 auditis
567 544 720 587 partibus,
735 543 841 575 fuisset
856 543 984 576 tandem
997 553 1181 587 processum

443 598 482 630 ad
506 597 693 630 sententiam
713 597 850 640 desuper
870 597 909 629 ab
938 607 976 629 eo
996 597 1182 640 promulga-

443 658 518 690 tam,
543 662 638 695 quam
660 650 734 683 dicti
750 650 917 683 feudatarii
932 651 1182 694 praetendebant

442 705 640 748 impugnare,
665 710 728 737 tam
750 715 786 737 cx
800 704 902 748 capite
915 704 1070 737 nullitatis
1086 716 1181 748 quam

443 758 625 801 iniquitatiS,
639 764 667 790 et
682 769 754 790 cum
766 758 947 802 praedictae
958 758 1028 791 lites
1039 759 1182 791 nondum

442 817 546 844 essent
564 812 704 855 perfecte
730 812 874 851 decisae,
902 812 956 845 sed
982 818 1184 856 superessent

442 865 546 898 adbuc
566 865 663 898 dubia
681 865 868 904 decidenda,
893 866 1028 899 deducta
1047 872 1077 898 et
1089 866 1183 899 latius

443 918 602 951 declarata
623 924 687 951 tam
706 918 737 951 in
755 929 907 962 processu
921 930 1017 962 quam
1038 919 1183 952 verbote-

442 982 501 1004 nus
521 982 628 1005 coram
650 972 822 1006 venerabili
836 974 933 1005 fratre
950 978 1059 1006 nostro
1076 973 1183 1006 Domi-

442 1026 513 1058 nico
549 1026 698 1070 episcopo
730 1026 959 1069 Bisignanensi,
994 1026 1182 1069 vice-legato

442 1079 610 1121 legationis
634 1080 697 1112 iam
730 1080 832 1113 dictae
859 1080 1003 1121 civitatis,
1044 1080 1183 1113 volentes

443 1132 516 1166 dicti
535 1133 666 1166 secundi
681 1139 710 1166 et
727 1134 810 1166 tertii
831 1139 969 1167 statuum
984 1139 1088 1177 partes
1109 1133 1184 1167 hinc

444 1186 516 1219 inde
537 1186 645 1220 litibus
663 1192 693 1220 et
718 1187 904 1221 differentiis
928 1187 1111 1221 huiusmodi
1140 1187 1180 1219 fi-

443 1251 517 1273 nem
537 1241 714 1285 imponere,
743 1252 827 1275 anno
855 1241 980 1274 Domini
1010 1252 1180 1281 mntxxux,

444 1300 471 1327 ct
494 1295 545 1328 die
564 1306 628 1329 xvlt
650 1295 767 1328 mensis
787 1296 980 1333 novembris,
1012 1296 1043 1328 in
1073 1296 1184 1339 primis

443 1359 539 1392 super
558 1349 716 1382 solutione
739 1360 883 1382 summae
913 1349 1082 1382 duodecim
1112 1349 1184 1381 mil—

444 1402 521 1435 lium
542 1409 718 1441 scutcrum,
742 1415 778 1436 ex
796 1409 906 1436 tenore
935 1403 1094 1436 dictorum
1114 1404 1186 1437 bre-

444 1456 529 1488 vium
547 1457 693 1490 ordinata
710 1457 779 1490 fieri
800 1468 857 1501 per
874 1457 975 1490 dictos
993 1458 1186 1491 feudatarios

446 1510 629 1543 bominibus
649 1511 732 1544 tertii
753 1517 852 1544 status
873 1511 1069 1549 huiusmodi,
1100 1517 1185 1544 tran-

445 1564 581 1606 segerint
613 1570 641 1597 et
673 1565 898 1602 convenerint,
933 1565 1019 1608 quod
1052 1565 1184 1609 praefati

446 1617 613 1650 feudatarii
650 1618 801 1651 facientes
842 1619 1018 1651 secundum
1067 1624 1183 1651 statum

446 1671 542 1714 ipsius
562 1672 694 1715 patriae,
715 1678 900 1705 tenerentur
920 1678 948 1705 ct
969 1673 1130 1706 ‘deberent
1149 1673 1185 1705 li-

445 1726 557 1758 berare
577 1731 607 1758 et
626 1726 760 1759 reddere
778 1726 902 1770 quietos
923 1732 953 1759 et
970 1726 1122 1759 liberatos
1136 1726 1184 1759 di-

446 1785 511 1812 ctos
528 1779 674 1812 homines
695 1780 776 1812 tertii
803 1785 902 1813 status
929 1790 946 1812 a
977 1780 1185 1823 pensionibus

446 1833 559 1865 annuis
579 1839 607 1865 et
626 1833 787 1877 perpetuis
807 1844 843 1866 ac
860 1833 969 1877 pretiis
994 1833 1184 1877 capitalibus

447 1886 584 1925 illarum,
623 1886 868 1919 ascendentibus
906 1886 937 1919 in
967 1887 1114 1919 universo
1146 1887 1186 1919 ad

446 1950 605 1973 summam
626 1940 832 1984 praedictam,
857 1940 1003 1973 iudicatis
1022 1941 1186 1984 praedicto

446 1993 587 2026 secundo
607 1993 712 2031 statui,
737 1999 767 2026 et
784 1994 823 2026 ab
841 1994 955 2027 eodem
976 1994 1130 2038 susceptis
1147 1995 1186 2027 ad

447 2047 634 2080 solvendum
646 2047 727 2080 infra
740 2052 803 2081 tres
814 2058 915 2080 annos
927 2053 1000 2081 tunc
1011 2048 1184 2092 proximos,

448 2108 476 2134 et
508 2102 636 2135 interim
664 2107 854 2145 supportare
886 2108 914 2135 et
944 2102 1065 2135 solvere
1089 2102 1188 2135 dictas

448 2155 617 2198 pensiones
637 2156 699 2188 iam
721 2161 796 2188 tunc
808 2156 958 2189 decursas
972 2162 1002 2189 et
1014 2157 1187 2189 decurren-

449 2208 515 2248 das,
539 2220 601 2241 una
619 2220 691 2242 cum
706 2209 841 2249 damnis,
864 2209 1015 2243 interesse
1033 2215 1061 2242 et
1073 2203 1188 2253 expen-

450 2261 491 2294 sis
512 2262 552 2294 ob
573 2273 637 2295 non
649 2263 841 2296 solutionem
854 2263 1104 2307 praemissorum
1118 2275 1188 2307 pas-

449 2315 490 2348 sis
507 2321 538 2348 et
557 2316 714 2359 patiendis
734 2327 791 2360 per
808 2317 909 2350 dictos
934 2317 1080 2350 homines
1105 2317 1186 2350 tertii

449 2374 548 2401 status
567 2369 652 2402 iuxta
673 2375 775 2402 taxam
794 2376 825 2403 et
845 2370 1097 2404 moderationem
1120 2371 1189 2404 illo-

449 2433 519 2456 rum
544 2423 747 2461 damnorum,
771 2424 922 2457 interesse
935 2430 965 2457 et.
978 2435 1187 2469 expensarum

448 2487 506 2520 per
526 2477 675 2509 eumdem
696 2477 918 2520 vice-legatum
940 2478 1091 2518 fiendam;
1108 2479 1188 2512 etde

449 2530 583 2570 damnis,
595 2530 745 2563 interesse
757 2536 785 2563 et
800 2531 944 2575 expensis
958 2532 1019 2564 iam
1033 2532 1184 2573 decursis,

449 2589 634 2617 tenerentur
654 2584 729 2617 dicti
750 2585 903 2617 damnum
924 2585 1005 2629 passi
1027 2586 1131 2619 facere
1158 2592 1185 2618 et

449 2648 631 2682 proponere
659 2648 771 2671 eorum
803 2638 972 2682 petitiones
1007 2639 1088 2672 infra
1126 2644 1187 2672 tres

451 2701 574 2725 menses
595 2691 767 2736 proximos,
800 2702 860 2736 pro
891 2697 1036 2736 tempore
1064 2693 1184 2737 elapso,

1025 279 1207 304 BULLARIUM
1226 279 1378 304 ROMANUM

1215 328 1273 361 nisi
1286 328 1448 361 dedissent
1458 338 1568 361 eorum
1583 329 1762 372 petitiones,
1779 336 1880 364 essent
1902 341 1952 364 ex-

1216 382 1305 419 clusi,
1326 388 1425 426 etpro
1438 383 1620 426 praemissis
1634 383 1846 427 adimplendis
1866 389 1953 417 tene-

1215 442 1325 468 rentur
1337 436 1412 469 dicti
1426 436 1593 470 feudatarii
1605 436 1736 469 secundi
1746 437 1953 470 statusfacere

1216 489 1383 522 collectam
1404 489 1486 523 inter
1506 490 1592 533 ipsos
1620 490 1702 523 infra
1731 495 1794 523 tres
1831 501 1954 523 menses

1216 544 1378 587 proximos
1399 555 1456 588 pro
1477 544 1569 577 dictis
1586 544 1793 588 pensionibus
1814 545 1955 578 decursis

1217 603 1244 630 et
1268 598 1485 637 decurrendis,
1510 603 1539 631 et
1551 598 1719 631 collectare
1733 604 1856 631 tantum
1870 598 1951 639 illos,

1217 651 1955 694 quinoncontradicebantsolverecitrasolven-

1218 704 1295 737 tium
1306 704 1550 748 praeiudicium,
1567 705 1675 749 quoad
1688 705 1757 738 iura
1769 715 1850 749 quae
1863 715 1956 749 prae—

1217 758 1391 791 tendebant
1410 764 1521 791 contra
1544 758 1800 792 contradicentes
1818 758 1952 799 solvere,

1217 818 1247 844 et
1269 812 1386 845 dictam
1407 813 1574 845 collectam
1596 818 1626 845 et
1646 812 1798 856 pecunias
1820 813 1896 845 dare
1906 812 1955 845 vel

1217 865 1405 908 consignare
1423 866 1453 898 in
1476 866 1623 899 manibus
1644 865 1832 899 thesaurarii
1861 876 1957 908 gene-

1216 919 1291 951 ralis
1318 919 1414 952 trium
1435 924 1573 952 statuum
1595 919 1858 963 praedict01·um;
1882 924 1912 952 et
1931 919 1956 951 si

1217 973 1333 1006 dictam
1355 974 1521 1006 collectam
1543 973 1574 1005 in
1596 974 1700 1006 forma
1717 972 1881 1017 praedicta
1891 983 1956 1006 non

1218 1028 1353 1060 fecerent
1378 1027 1459 1059 infra
1476 1027 1597 1060 dictum
1626 1033 1762 1071 tempus,
1796 1027 1957 1071 praefatus

1217 1081 1423 1123 vice-legatus
1443 1086 1572 1123 cogeret.
1596 1080 1666 1113 illos
1686 1080 1732 1113 'ad
1760 1091 1831 1113 eam
1858 1080 1958 1114 confi-

1218 1134 1479 1178 ciendam,prout
1495 1134 1521 1167 ei
1535 1133 1696 1167 videretur
1703 1145 1710 1174 3
1727 1133 1842 1178 quibus
1855 1134 1958 1167 omni-

1217 1189 1276 1221 bus
1301 1188 1482 1232 praemissis
1510 1187 1702 1232 adimpletis,
1735 1194 1764 1221 et
1797 1187 1958 1221 mediante

1218 1242 1427 1286 implemento
1440 1242 1580 1283 illorum,
1591 1242 1665 1275 dicti
1680 1241 1959 1275 feudatariiessent

1219 1296 1317 1339 quieti
1336 1302 1366 1329 et
1385 1296 1511 1329 liberati
1529 1306 1586 1340 pro
1608 1296 1696 1329 omni
1719 1301 1748 1329 et
1769 1301 1835 1329 toto
1863 1306 1901 1329 eo
1925 1295 1957 1328 in

1219 1360 1282 1393 quo
1304 1350 1402 1382 teneri
1424 1355 1553 1393 possent
1572 1349 1657 1383 dieto
1677 1349 1770 1383 tertio
1790 1348 1904 1389 statui:
1928 1354 1956 1382 et

1219 1403 1504 1436 communitatilms
1525 1403 1627 1436 dictae
1644 1403 1766 1447 patriae
1786 1413 1845 1446 pro
1864 1413 1958 1446 prae-

1219 1457 1310 1491 dictis
1331 1457 1444 1490 debitis
1465 1463 1495 1490 et
1514 1457 1666 1500 impensis
1687 1456 1843 1490 contentis
1862 1456 1895 1489 in
1913 1456 1959 1489 di-

1219 1518 1269 1544 eto
1289 1511 1388 1549 brevi,
1412 1517 1443 1544 et
1461 1510 1635 1544 concordia
1652 1511 1726 1544 inde
1746 1516 1853 1544 secuta
1866 1520 1960 1555 supe-

1219 1565 1284 1598 rins
1304 1576 1461 1609 expressa,
1485 1565 1605 1608 absque
1626 1575 1663 1598 eo
1685 1565 1771 1609 quod
1789 1564 1961 1598 inferretur

1219 1619 1348 1662 aliquod
1370 1619 1601 1662 praeiudicium
1616 1629 1673 1662 per
1686 1618 1871 1652 huiusmodi
1885 1629 1960 1651 con-

1219 1672 1361 1705 cordiam
1384 1672 1442 1716 ipsi
1463 1672 1638 1705 sententiae
1668 1672 1749 1705 latae
1784 1683 1841 1716 per
1871 1682 1960 1705 eum-

1220 1728 1291 1760 dem
1306 1726 1478 1769 Georgium
1500 1726 1707 1763 cardinalem,
1740 1731 1770 1759 et
1794 1726 1847 1759 illa
1875 1726 1960 1759 salva

1219 1786 1403 1813 remanente
1425 1780 1455 1812 in
1472 1786 1555 1813 statu
1576 1780 1619 1812 in·
1640 1791 1703 1824 quo
1727 1780 1956 1824 reperiebatur.

1220 1834 1374 1877 Quodque
1394 1834 1468 1866 dicti
1490 1833 1657 1867 feudatarii
1679 1833 1882 1867 contribuere
1908 1839 1957 1866 te-

1221 1894 1372 1920 nerentur
1392 1887 1422 1920 in
1444 1887 1594 1921 omnibus
1614 1887 1727 1920 debitis
1753 1892 1782 1920 et
1810 1887 1960 1931 impensis

1222 1940 1309 1973 factis
1327 1940 1450 1973 ratione
1474 1940 1677 1973 induciarum
1707 1939 1960 1983 recuperationis

1222 1995 1366 2028 locorum
1392 1994 1632 2039 deperditorum
1652 2000 1696 2028 ‚et
1730 1999 1959 2038 occupatorum

1221 2059 1278 2092 per
1298 2048 1485 2086 haereticos,
1509 2048 1633 2081 nunciis
1654 2054 1683 2081 et
1714 2047 1902 2081 muneribus
1925 2059 1961 2081 ex

1222 2102 1325 2135 causis
1342 2101 1513 2146 praedictis
1533 2101 1707 2145 respective
1726 2101 1829 2135 missis
1861 2107 1891 2135 et
1914 2101 1960 2134 fa-

1223 2156 1292 2194 ctis,
1316 2162 1346 2189 et
1366 2156 1397 2188 in
1419 2156 1567 2189 omnibus
1588 2155 1668 2193 aliis,
1686 2155 1781 2188 etiam
1794 2155 1961 2189 occasione

1222 2209 1309 2250 belli,
1329 2209 1360 2242 in
1379 2209 1495 2253 quibus
1506 2209 1661 2253 praedicti
1682 2209 1805 2243 vassalli
1826 2219 1960 2243 consen-

1223 2264 1327 2303 tirent,
1355 2264 1402 2297 vel
1421 2263 1602 2296 ordinatum
1624 2263 1706 2296 foret
1725 2274 1781 2307 per
1811 2263 1958 2307 superio-

1223 2329 1302 2357 rem,
1327 2318 1411 2350 iuxta
1428 2317 1564 2351 formam
1579 2316 1817 2350 ordinationum
1833 2321 1863 2349 et
1875 2326 1962 2350 com-

1222 2371 1417 2415 positionum
1430 2372 1649 2414 factarumper
1660 2371 1828 2414 deputatos
1844 2370 1962 2404 utrius-

1223 2435 1284 2468 que
1304 2430 1402 2457 status
1422 2435 1494 2457 cum
1524 2424 1615 2458 dictis
1643 2424 1822 2465 haereticis,
1850 2430 1881 2457 et
1900 2424 1961 2458 hoc

1223 2479 1262 2511 ab
1282 2489 1366 2512 anno
1392 2478 1533 2511 eiusdem
1560 2477 1686 2511 Domini
1712 2488 1879 2512 MDLxxxtn
1910 2488 1962 2510 us-

1223 2543 1284 2576 que
1305 2532 1336 2564 in
1358 2532 1441 2565 diem
1462 2532 1641 2565 celebratae
1652 2531 1843 2564 concordiae
1853 2531 1962 2564 huius-

1223 2585 1321 2625 modi,
1343 2585 1421 2618 citra
1450 2584 1711 2628 consequentiam
1740 2590 1886 2628 respectu
1915 2585 1962 2617 fu-

1222 2644 1367 2672 turorum
1387 2638 1595 2681 negociorum
1609 2638 1693 2671 iuxta
1706 2644 1808 2671 taxam
1822 2648 1878 2671 seu
1895 2643 1962 2671 cot-

1223 2698 1286 2726 tam
1303 2703 1361 2737 per
1381 2692 1501 2726 dictum
1518 2692 1742 2735 vice-legatum
1762 2692 1903 2725 fiendam
1930 2697 1961 2725 et

1968 282 2016 309 An.
2033 281 2062 310 C.
2083 282 2147 311 1591
