2226 3070
856 287 953 311 ixnssx
977 286 1087 311 neuen
1636 273 1699 306 669

285 351 580 385 administratorum
601 351 791 393 adaugetur,
814 348 857 382 34
876 359 905 381 α.
929 348 952 382 li
972 353 1105 392 possunt
1131 344 1406 390 comprehendere
1432 344 1643 386 multivagos,
1668 344 1749 378 iudi-

286 415 354 438 cem
380 415 550 438 causarum
580 403 748 448 hospitalis
773 403 947 446 deputare,
971 401 1061 434 cuius
1090 398 1306 444 amplissimae
1339 397 1503 431 facultates
1535 403 1744 434 enarrantur,

286 457 329 491 34
346 457 405 491 bet
423 468 504 501 seq:
526 468 544 490 a
564 457 653 490 cuius
670 455 837 495 sententia,
861 454 960 488 semel
980 459 1103 487 tantum
1125 458 1154 486 et
1175 451 1364 491 devolutixe,
1382 450 1421 483 ad
1442 450 1535 483 L'rbis
1555 450 1749 492 gubernato-

287 522 366 551 rem,
390 516 495 554 potest
511 510 688 554 appellari,
709 508 750 542 36
774 520 803 541 a.
827 508 915 542 Aliae
932 518 991 552 pro
1016 506 1142 540 iudiciis
1171 504 1417 550 dispositiones,
1450 503 1526 536 ibid.
1553 503 1579 536 b.
1604 509 1633 536 et
1654 502 1695 535 :37
1716 514 1745 535 a.

286 564 507 597 Immunitates
535 563 685 607 hospitali
716 572 886 596 concessae
914 560 1129 605 ampliantur,
1152 558 1227 591 ibid.
1251 558 1277 591 b.
1302 557 1479 590 Prohibitio
1505 556 1652 590 molestia
1676 556 1746 588 affi-

287 617 391 650 ciendi
419 617 577 661 hospitale
598 617 629 650 in
650 615 833 660 praedictis,
856 614 898 648 38
919 625 947 647 (ι.
975 613 1205 658 Dispositiones
1231 611 1414 655 capellanos
1443 609 1666 654 respicientes,
1689 620 1747 642 eo-

287 681 424 714 rumque
445 670 712 710 nominationem,
735 669 813 702 ibicl.
837 668 864 701 b.
888 674 918 701 et
937 678 1001 711 seq.

199 723 369 768 Hospitalis
389 722 559 766 Burgensis
578 723 716 767 Freyles.
746 722 778 755 V.
802 720 968 764 Burgensi.

201 1094 306 1129 lacobi
328 1095 388 1137 (S.)
408 1094 528 1128 Militia.
557 1095 590 1127 V.
615 1094 809 1134 Militiarum,
833 1098 888 1126 etc.

201 1149 271 1182 lesu
291 1147 404 1182 Christi
425 1147 549 1180 militia.
580 1147 612 1180 Γ.
637 1147 840 1186 Militiarum,
864 1151 934 1179 etc..

201 1201 359 1243 lllegitimi
382 1202 421 1234 ad
442 1201 576 1234 Ordines
593 1200 801 1242 Regularium
823 1199 948 1233 admitti
970 1209 1034 1232 non
1055 1209 1147 1243 posse
1169 1199 1301 1231 iusserat
1323 1198 1427 1232 Sixtus
1444 1196 1559 1233 &1:392
1580 1207 1609 1229 a.
1633 1197 1753 1229 Consti-

289 1254 429 1287 tutiones
448 1253 584 1286 Sixtinas
605 1254 684 1286 duas
701 1253 888 1286 moderatur
907 1252 1079 1295 Gregorius
1099 1252 1175 1291 xlx',
1200 1251 1276 1284 ibid.
1301 1251 1316 1283 b
1333 1257 1363 1284 et
1383 1262 1465 1294 serp:
1489 1256 1518 1283 et
1540 1250 1579 1282 ad
1600 1249 1754 1283 terminos

290 1307 368 1340 iuris
388 1306 522 1347 reducit,
546 1306 611 1339 393
632 1317 668 1345 (ις
697 1306 984 1350 reductionemque
1005 1306 1164 1345 declarat,
1186 1304 1262 1337 ibid.
1283 1304 1455 1338 Generales
1476 1304 1523 1336 vel
1543 1303 1755 1347 provinciales

289 1359 443 1393 Ordinum
462 1366 595 1404 possunt
616 1360 801 1403 dispensare
819 1359 1003 1401 illegitimos
1023 1359 1063 1391 ad
1082 1358 1251 1401 dignitates
1272 1357 1357 1390 iuxta
1379 1367 1490 1390 eorum
1512 1356 1678 1400 privilegia
1695 1367 1753 1389 usu

289 1418 429 1456 recepta,
449 1412 526 1445 ibid.
550 1413 576 1445 b.
600 1413 651 1447 Eis
670 1413 801 1456 insuper
821 1412 966 1445 concedit
988 1411 1136 1451 novitios,
1157 1411 1286 1455 praevia
1305 1410 1543 1449 informatione,
1559 1410 1598 1442 ad
1616 1409 1755 1452 Religio-

290 1477 363 1499 nem
386 1466 530 1510 recipere
547 1477 652 1510 posse,
677 1466 753 1498 ibid.
772 1478 779 1505 ;
804 1466 972 1499 contrariis
993 1465 1137 1504 sublatis,
1161 1464 1225 1497 394
1245 1475 1274 1497 α.

201 1519 389 1553 immunitas
409 1519 635 1553 Ecclesiamm.
659 1519 762 1553 Sixtus
781 1519 819 1552 IV
840 1525 868 1552 et
890 1519 964 1552 Pius
982 1519 1018 1551 lv
1036 1518 1130 1551 certis
1151 1518 1275 1551 casibus
1301 1517 1517 1561 permiserunt
1544 1516 1664 1549 extrahi
1689 1516 1752 1548 cri-

292 1572 433 1606 minosos
445 1572 484 1605 ab
503 1572 656 1612 ecclesiis,
679 1572 744 1605 424
764 1573 790 1605 b.
815 1572 891 1605 Cum
913 1578 1019 1605 autem
1040 1571 1220 1604 saeculares
1241 1570 1378 1603 ministri
1392 1570 1451 1603 hac
1472 1570 1621 1602 facultate
1639 1569 1753 1602 abute-

290 1631 414 1666 rentur,
430 1626 516 1659 unde
527 1626 667 1669 plurima
681 1626 832 1659 scandala
845 1626 1062 1663 dimanarunt,
1080 1624 1143 1657 4225
1155 1635 1189 1661 (Γ,
1208 1623 1279 1656 ideo
1291 1623 1464 1665 Gregorius
1483 1623 1549 1655 XIV
1570 1622 1755 1655 huiusmodi

291 1679 473 1712 facultatem
494 1686 632 1719 revocat,
657 1685 687 1712 et
707 1679 942 1712 immunitatem
968 1678 1214 1711 ecclesiasticam
1242 1676 1398 1720 praecipit
1419 1676 1592 1714 observari,
1621 1675 1698 1708 ibid.
1726 1675 1752 1707 b.

291 1732 398 1765 Certos
425 1738 532 1766 tamen
545 1743 636 1766 casus
657 1732 782 1776 excipit,
810 1732 842 1764 in
862 1732 980 1775 quibus
1004 1731 1076 1764 laici
1107 1731 1329 1773 delinquentes
1355 1729 1475 1763 remitti
1507 1729 1623 1762 debent
1650 1729 1756 1761 curiae

291 1785 447 1818 saeculari
466 1785 654 1829 requirenti,
674 1785 739 1818 426
759 1797 799 1824 ας
823 1795 904 1829 quae
935 1785 1024 1817 nullo
1055 1784 1151 1817 modo
1183 1783 1328 1827 accipere
1357 1782 1451 1816 debet
1478 1782 1599 1826 absque
1629 1781 1757 1815 licentia

291 1838 406 1871 iudicis
427 1838 644 1878 ecclesiastici,
669 1838 746 1871 ibid.
769 1838 866 1871 ludex
885 1848 960 1871 vero
981 1837 1216 1871 ecclesiasticus
1241 1842 1367 1869 mature
1387 1835 1570 1869 examinare
1598 1835 1690 1868 debet
1717 1846 1756 1868 an

294 1901 423 1924 carcere
443 1892 590 1925 detentus
610 1892 731 1936 aliquid
753 1891 960 1927 commiserit,
982 1891 1058 1924 ibid.
1074 1890 1100 1923 b.
1127 1890 1271 1933 Cognitio
1292 1889 1437 1922 criminis
1457 1888 1598 1922 haeresis
1626 1894 1671 1921 est
1697 1888 1756 1921 fori

291 1944 509 1985 ecclesiastici,
522 1945 598 1978 ibid.
605 1957 616 1985 ;
636 1956 694 1978 nec
714 1956 780 1978 non
800 1955 970 1978 causarum
985 1955 1139 1988 personas
1153 1944 1317 1986 regulares
1335 1942 1561 1986 spectantium,
1580 1941 1656 1975 ibid.
1674 1942 1756 1975 Haec

292 1997 459 2041 dispositio
480 1998 631 2032 omnihus
648 1999 772 2032 munita
792 1998 989 2041 argumentis
1009 1998 1049 2030 ad
1070 1997 1137 2030 eius
1158 1996 1356 2035 firmitatem,
1377 1995 1441 2028 427
1462 2007 1480 2028 a
1501 2001 1531 2028 et
1551 1995 1578 2028 b.

203 2051 407 2085 Innocentius
424 2052 509 2095 Papa
529 2052 584 2092 IX,
600 2052 735 2085 Ioannes
754 2052 911 2085 Antonius
931 2050 1128 2084 Facchinetti
1149 2055 1242 2083 antea
1266 2049 1380 2088 dictus,
1401 2049 1504 2093 patria
1533 2048 1754 2087 Bononiensis,

293 2110 386 2138 natus
412 2115 462 2138 an.
486 2116 604 2146 nnxlx,
629 2116 646 2138 a
665 2105 821 2148 Gregorio
841 2106 907 2138 XIII
928 2104 1100 2138 cardinalis
1118 2109 1258 2141 creatus,
1286 2103 1326 2136 ad
1348 2113 1511 2136 summum
1532 2102 1757 2146 pontificatum

293 2164 418 2192 evectus
439 2165 483 2192 est
502 2170 553 2192 an.
574 2169 684 2199 MDxct,
708 2157 772 2191 505
789 2170 818 2191 (ι.
836 2158 922 2191 Sedit
941 2158 971 2191 in
993 2158 1183 2201 pontificatu
1204 2167 1329 2190 menses
1350 2157 1440 2197 duos,
1469 2156 1669 2200 temporibus
1694 2157 1756 2189 Ro-

293 2212 405 2256 dulphi
422 2212 638 2256 imperatoris,
663 2213 739 2245 ibid.
764 2212 847 2245 Obiit
869 2212 919 2245 die
936 2222 1010 2245 xx1x
1031 2211 1212 2245 decembris
1233 2210 1376 2244 eiusdem
1394 2210 1480 2249 anni,
1506 2210 1582 2243 ibicl.
1606 2210 1757 2243 Tumula-

294 2271 345 2298 tur
365 2266 404 2299 ad
424 2266 454 2299 S.
471 2266 612 2305 Petrum,
635 2266 710 2299 ibid.
731 2267 872 2299 Renovat
895 2265 939 2298 Pii
961 2265 983 2297 Υ
1005 2265 1266 2298 constitutionem
1289 2264 1328 2297 de
1348 2274 1413 2297 non
1434 2263 1612 2297 alienandis
1631 2275 1687 2297 seu
1708 2264 1757 2297 in-

294 2319 462 2353 feudandis
479 2319 572 2353 bonis
589 2319 618 2353 S.
639 2320 675 2353 R.
696 2320 745 2359 E„
768 2319 845 2352 ibid.
870 2325 897 2352 et
917 2329 980 2361 seq.
1004 2319 1149 2351 Declarat
1174 2317 1332 2351 infeudari
1353 2327 1418 2351 non
1436 2327 1529 2361 posse
1554 2317 1649 2351 etiam
1670 2323 1758 2351 ante-

293 2383 390 2416 quam
411 2373 630 2413 devolvantur,
648 2372 711 2405 506
732 2385 761 2405 ιι.
777 2372 871 2406 Urbis
892 2372 1106 2405 tribunalibus
1127 2371 1300 2404 Antonium
1320 2371 1358 2404 M.
1380 2370 1507 2404 Salviati
1530 2376 1560 2404 et
1579 2371 1756 2404 Marianum

295 2427 333 2459 de
353 2426 521 2460 Camerino
542 2426 699 2470 praeficit,
723 2425 786 2458 508
807 2437 826 2457 a
844 2432 872 2458 et
893 2437 956 2469 seq.
981 2425 1131 2458 Prohibet
1154 2425 1185 2457 in
1206 2425 1290 2458 Urbe
1311 2435 1384 2458 reos
1401 2424 1549 2457 damnari
1566 2424 1675 2466 vigore
1698 2424 1757 2457 ali-

294 2479 385 2512 cuius
406 2478 552 2523 rescripti
571 2485 682 2512 contra
704 2479 839 2512 formam
863 2478 950 2514 iuris,
968 2483 1023 2511 etc.
1041 2476 1104 2510 514]
1124 2477 1139 2508 b
1157 2484 1186 2511 ct
1207 2488 1270 2521 seq.
1294 2477 1467 2511 Confirmat
1488 2477 1609 2510 bullam
1630 2476 1706 2511 Sixti
1721 2477 1754 2515 V,

295 2542 358 2576 qua
378 2538 482 2565 castra
502 2543 519 2564 a
542 2532 685 2566 Farfensi
716 2532 908 2565 Monasterio
937 2537 1104 2575 separata,
1129 2531 1202 2565 Sedi
1222 2532 1279 2574 Ap.
1305 2531 1526 2575 applicantur,
1553 2530 1757 2574 declaratque

295 2585 349 2618 illa
375 2585 606 2629 comprehendi
636 2585 668 2618 in
699 2585 786 2618 bulla
806 2585 851 2618 Pii
873 2585 906 2624 Y,
928 2585 967 2618 de
998 2595 1062 2618 non
1083 2584 1277 2623 alienandis,
1301 2583 1365 2617 513
1385 2595 1403 2617 a
1426 2590 1456 2617 et
1473 2595 1537 2628 seq.
1561 2584 1756 2617 Eorumdem

296 2644 474 2672 castrorum
505 2638 741 2682 possessionem
773 2638 963 2682 capiendam
994 2637 1164 2671 committit
1190 2637 1416 2671 commissario
1446 2638 1481 2671 R.
1512 2637 1542 2670 C.
1571 2638 1607 2670 A.
1635 2635 1700 2669 514
1728 2636 1753 2669 b.

296 2691 455 2726 Cardinali
485 2692 523 2725 dc
544 2692 643 2725 latere
663 2692 768 2734 legato
796 2691 827 2724 in
844 2691 1058 2734 Portugalliac
1081 2702 1180 2734 regno
1201 2691 1331 2725 mandat
1356 2691 1427 2724 lites
1447 2696 1475 2723 ct
1499 2690 1560 2723 alia
1581 2690 1663 2723 inter
1683 2700 1758 2723 con-
