2226 3070
201 252 252 278 An.
267 251 295 279 C⁴
315 251 382 280 1589

199 1041 258 1060 Fivtos
275 1044 380 1061 transitum

198 1075 277 1098 plorum

231 2579 362 2599 Prooemium

440 241 504 277 140

398 317 535 350 rumque
555 306 723 343 Ordinum,
752 306 947 343 iuramento,
975 302 1148 335 confirma-

399 359 486 392 tione
506 359 680 403 apostolica
710 359 756 391 vel
779 357 890 401 (piaris
911 355 1063 389 firmitate
1088 356 1149 388 alia

398 412 569 453 roboratis,
584 411 710 444 statutis
727 416 753 443 et
768 408 1070 448 consuetudinibus;
1085 408 1149 452 pri-

398 465 673 509 vilegiisquoque,
687 463 819 497 indultis
836 468 865 495 ct
887 462 1002 495 litteris
1022 467 1150 506 aposto-

397 519 478 559 licis,
497 519 556 552 sub
573 519 833 561 quilmseumque
850 521 961 549 tenore
979 521 1009 548 et
1026 516 1148 555 formis,

397 583 434 605 ac
455 584 528 605 cum
550 571 715 615 quibusvis
729 568 884 602 clausulis
904 574 935 602 et
951 569 1101 609 decretis,
1116 569 1147 601 in

398 632 514 664 genere
541 621 587 653 rel
611 621 641 652 in
672 619 776 663 specie
802 630 838 651 ae
867 618 945 651 alias
966 619 998 651 in
1019 624 1147 652 contra-

399 670 482 703 rium
503 669 749 713 quomodolibet
770 667 943 707 concessis,
962 668 1148 711 approbatis

398 724 429 752 et
454 718 622 755 innovatis
645 718 765 760 quibus
785 717 1148 757 omnibus,illorumte-

396 778 491 801 nores
505 767 728 811 praesentibus
740 777 799 811 pro
813 766 1011 800 sufficienter
1023 777 1149 809 expres-

396 817 437 849 sis
457 817 625 857 habentes,
649 816 711 849 illis
730 816 809 849 alias
826 816 858 848 in
874 827 933 848 suo
947 815 1064 848 robore
1077 827 1149 859 per-

397 866 568 905 mansuris,
592 866 651 899 hae
672 866 740 899 vice
763 866 941 905 dumtaxat,
965 864 1149 908 specialiter

396 921 425 947 et
440 926 587 960 expresse
599 916 805 958 derogamus,
821 914 1002 958 ceterisque
1018 920 1147 948 contra-

398 966 452 998 riis
473 965 747 1009 quilniscumque.

442 1015 457 1057 ξ
482 1014 512 1047 6.
542 1015 696 1047 Volumus
725 1019 832 1046 autem
864 1019 895 1046 ut
927 1013 1147 1057 praesentium

399 1063 629 1107 transumptis,
652 1063 746 1096 ctiam
777 1062 953 1105 impressis,
977 1073 1075 1094 manu
1106 1068 1148 1095 ta—

399 1123 471 1145 men
488 1112 627 1145 alieuius
643 1112 758 1145 notarii
775 1112 915 1145 etimithi
932 1110 1075 1143 archivio
1089 1112 1149 1143 Ro-

399 1174 512 1195 manae
532 1162 647 1195 Curiae
672 1161 836 1206 descripti,
860 1173 918 1204 per
938 1161 1092 1194 dilectum
1115 1162 1149 1194 ti-

397 1211 475 1244 lium
495 1217 643 1244 nostruin
666 1211 897 1255 Hieronymum
920 1210 1004 1243 tituli
1034 1210 1065 1243 S.
1090 1211 1147 1243 Pe-

397 1260 436 1292 tri
457 1260 495 1293 ad
516 1261 649 1293 Vincula
669 1261 699 1293 S.
725 1261 759 1292 ll.
785 1260 818 1292 E.
840 1260 1062 1304 presbyterum
1080 1270 1149 1292 car-

396 1308 536 1341 dinalem
567 1309 605 1341 de
634 1310 758 1341 ltuvore
779 1314 1017 1352 nuncupatum,
1051 1308 1149 1340 totius

396 1357 1146 1390 ttrdiuist'ratrumMinorumetConventualium

398 1408 654 1441 Reformatorum
689 1410 720 1441 S.
758 1407 916 1440 Francisci
961 1407 1146 1439 huiusmodi

396 1464 626 1500 protectorem,
648 1463 800 1490 oretenus
821 1456 977 1499 deputati,
1007 1455 1147 1488 subscri-

397 1508 470 1550 ptis7
494 1513 521 1539 ct
544 1507 648 1549 sigillo
673 1507 816 1539 eiusdem
835 1505 1021 1549 Hieronymi
1047 1506 1149 1538 cardi-

396 1556 475 1589 nalis
503 1556 695 1599 protectoris
721 1555 867 1594 munitis,
903 1555 1014 1587 eadem
1055 1566 1147 1598 pror-

397 1618 449 1638 sus
479 1606 557 1638 tides
590 1605 798 1644 adhiheatur,
826 1616 908 1647 quae
939 1604 1149 1637 adhiberetur

398 1654 632 1698 praesentibus,
665 1655 688 1687 si
721 1654 825 1687 forent
853 1653 1013 1686 exhibitae
1044 1654 1089 1686 vel
1112 1665 1147 1686 o-

396 1711 530 1737 stensae.

436 1754 549 1786 Datum
578 1753 698 1785 Romae
718 1751 804 1794 apud
825 1751 979 1784 Sanctum
1001 1751 1145 1791 Petrum,

396 1804 455 1835 suh
483 1802 605 1835 annulo
633 1801 825 1840 Piscatoris‚
867 1800 918 1833 die
946 1811 984 1833 xx
1018 1801 1147 1833 decem-

397 1852 461 1885 bris
490 1861 668 1891 Manxxix,
699 1850 906 1895 pontificatus
934 1850 1035 1883 nostri
1063 1861 1147 1883 anno

396 1901 521 1944 (punto.

430 1954 492 1984 Dat.
511 1954 557 1983 die
573 1953 756 1984 QOdecemh.
776 1953 863 1990 1589,
884 1957 965 1994 pont.
987 1962 1064 1983 anno
1087 1962 1112 1983 v.

712 2069 836 2102 CLXIH.

398 2136 611 2178 Confirmatio
631 2137 746 2179 synodi
777 2137 1025 2169 Petrz'coviensi's
1055 2137 1148 2170 leubi-

443 2190 493 2217 tac
512 2186 551 2217 ab
575 2187 730 2229 episcopis
750 2187 843 2228 requi
871 2186 1029 2219 Poloniae
1055 2197 1150 2229 super

441 2235 590 2267 electione
610 2240 637 2267 et
659 2235 873 2278 qualitatibus
893 2235 1080 2279 eliqendiin
1102 2246 1149 2267 rc-

440 2293 510 2325 gyem
545 2294 581 2315 ac
607 2285 896 2326 promovemlorum
921 2285 963 2318 acl
987 2286 1148 2328 cpiscopo-

444 2336 493 2364 [ηε
515 2331 539 2364 ¹.

463 2402 558 2432 sixtus
579 2403 730 2439 episcopus,
752 2411 849 2433 servus
864 2412 1003 2434 servorum
1021 2405 1082 2439 Dei,

541 2454 574 2481 ad
593 2454 754 2490 perpetuam
772 2455 813 2483 rei
831 2455 1000 2484 memoriam.

443 2525 616 2558 Pastoralis
632 2530 742 2558 nostra
758 2527 953 2567 sollicitudo,
974 2538 1071 2571 quam
1090 2539 1149 2572 pro

400 2579 519 2612 tuenda
539 2579 658 2622 ubique
679 2580 825 2622 gentium
854 2587 882 2613 et
904 2581 1052 2615 locorum
1075 2593 1149 2627 pro-

437 2648 445 2673 ¹
470 2646 512 2674 Ex
526 2646 636 2682 Regest.
655 2646 683 2675 in
698 2647 804 2675 Secret.
823 2648 956 2676 Brevium

990 248 1170 274 BULLARIUM
1189 247 1340 274 ROMANUM

1190 302 1403 345 pagandaque
1423 301 1582 335 catholica
1601 302 1757 345 religione
1776 302 1941 347 suscipere

1190 361 1350 396 tenemur,
1371 360 1570 399 paternaque
1598 357 1728 397 caritas,
1748 352 1845 400 quani
1866 368 1942 401 erga

1190 409 1344 453 inclytum
1373 409 1525 443 Poloniae
1543 420 1680 452 regnum
1711 410 1742 443 in
1766 410 1942 445 visceribus

1189 462 1304 496 Christi
1327 462 1502 506 praecipue
1522 463 1680 506 gerimus,
1709 469 1740 496 et
1767 463 1942 507 singularis

1189 517 1276 549 zelus
1300 517 1498 549 orthodoxae
1526 516 1611 557 fidei,
1643 517 1834 560 sinceraque
1866 529 1940 561 erga

1189 569 1351 603 Romanos
1367 570 1540 603 Pontifices
1554 570 1769 613 Sanctamque
1785 570 1867 603 hanc
1888 571 1941 604 Se-

1189 624 1261 657 dein
1282 623 1422 664 devotio,
1444 635 1541 667 quani
1568 623 1672 668 ipsum
1690 634 1942 668 regnum‚prae—

1189 677 1300 710 sertim
1325 688 1400 711 vero
1426 677 1512 710 illius
1538 678 1686 722 praelati,
1715 678 1776 711 hoe
1804 678 1941 712 maxime

1190 736 1336 774 tempore
1370 732 1607 775 praeseferunt⁷
1640 732 1711 764 iure
1732 731 1855 775 optimo
1882 743 1942 766 nos

1189 783 1348 817 inducunt
1375 790 1410 817 ut
1430 785 1486 825 iis⁷
1514 796 1596 828 quae
1618 795 1676 829 pro
1697 785 1941 819 conservatione

1189 837 1332 871 eiusdem
1358 838 1537 871 catholicae
1557 838 1644 879 fidei,
1676 844 1707 871 et
1726 849 1785 882 pro
1811 838 1941 883 publica

1190 892 1335 925 eiusdem
1357 892 1447 935 regni
1468 892 1575 936 quiete
1598 898 1626 925 et
1645 893 1878 936 tranquillitate
1890 892 1941 937 pie

1189 956 1226 977 ac
1247 944 1424 988 prudenter
1443 956 1461 977 a
1482 945 1634 988 praelatis
1655 946 1805 988 praetatis
1825 950 1942 979 statuta

1190 999 1333 1038 suerunt,
1345 999 1542 1043 apostolieae
1557 999 1813 1031 confirmationis
1828 1000 1939 1039 robur,

1190 1052 1308 1085 eisdem
1332 1052 1536 1096 praesulibus
1556 1052 1827 1096 supplicantilmS‚
1849 1051 1940 1086 beni-

1188 1117 1249 1149 gne
1270 1106 1507 1150 impartiamur.

1234 1160 1248 1203 ξ
1274 1160 1305 1192 1.
1332 1160 1441 1202 Nuper
1461 1159 1635 1202 siquidem,
1658 1159 1741 1193 sieut
1761 1160 1940 1203 expositum

1190 1213 1282 1246 nobis
1303 1213 1375 1253 fuit,
1396 1213 1427 1246 in
1447 1214 1569 1257 synodo
1587 1213 1780 1258 provinciali
1800 1214 1942 1249 Petrieo·

1189 1267 1287 1300 riensi
1309 1268 1348 1301 de
1369 1278 1459 1300 more
1482 1268 1868 1309 celebrata,venerabiles
1880 1269 1943 1303 fra-

1190 1326 1253 1353 tres
1274 1321 1375 1354 nostri
1396 1321 1635 1366 archiepiscopi
1657 1327 1687 1355 et
1711 1322 1856 1366 episcopi
1877 1335 1943 1356 me-

1189 1375 1459 1418 tropolitanarum
1481 1380 1511 1408 et
1539 1375 1773 1409 cathedralium
1794 1376 1870 1409 dicti
1892 1388 1942 1410 re-

1189 1428 1242 1471 gni
1264 1428 1477 1461 ecclesiarum
1496 1428 1593 1461 simul
1611 1429 1799 1472 congregati
1817 1434 1848 1463 et
1867 1441 1943 1463 con-

1189 1481 1352 1515 venientes
1372 1482 1404 1514 in
1426 1493 1540 1523 immn,
1556 1488 1602 1523 ut,
1624 1493 1714 1516 more
1734 1482 1864 1526 vigilum
1886 1495 1942 1528 pa-

1190 1540 1326 1575 storum,
1348 1546 1479 1578 gregem
1509 1535 1710 1569 dominicum
1741 1547 1818 1569 suae
1847 1548 1943 1571 curae

1190 1588 1349 1621 creditum
1368 1589 1408 1621 ab
1428 1588 1675 1622 imminentibus
1692 1590 1846 1633 luporum
1860 1591 1944 1634 peri-

1190 1641 1270 1674 culis
1287 1642 1497 1683 incolumem,
1509 1648 1663 1686 quantuni
1678 1643 1709 1676 in
1722 1643 1766 1677 eis
1776 1649 1834 1685 est,
1848 1656 1942 1689 prae-

1189 1696 1365 1737 servarent,
1387 1696 1550 1739 simulque
1576 1697 1689 1730 unioni
1711 1703 1747 1733 et.
1762 1698 1833 1741 paci
1860 1698 1944 1742 ipso-

1190 1760 1261 1781 rum
1283 1750 1501 1792 praelatorum
1529 1762 1565 1783 ac
1591 1761 1764 1793 procerum
1790 1756 1822 1784 et
1840 1762 1944 1796 popu-

1190 1803 1297 1835 lorum
1323 1803 1468 1836 eiusdem
1491 1803 1582 1846 regni
1611 1805 1829 1846 consulerent,
1860 1805 1944 1838 inter

1189 1856 1265 1895 alia,
1288 1856 1348 1888 sub
1367 1862 1479 1889 nostro
1500 1862 1528 1889 et
1548 1856 1638 1890 Sedis
1661 1858 1866 1901 Apostolicae
1885 1858 1942 1892 be-

1190 1909 1363 1953 neplacito,
1396 1916 1590 1952 statuerunt,
1611 1911 1804 1945 ordinarunt
1828 1917 1859 1946 et
1886 1913 1941 1946 de-

1190 1969 1374 1997 creverunt:

1234 2018 1248 2060 g
1273 2017 1304 2050 02.
1332 2018 1422 2056 Quod
1436 2023 1500 2051 tam
1516 2018 1549 2051 in
1566 2029 1718 2062 praesens
1729 2029 1825 2063 quam
1846 2019 1940 2053 insu—

1191 2076 1300 2104 turum
1321 2082 1417 2105 nemo
1437 2083 1580 2114 unquam
1601 2078 1794 2115 agnoscatur
1813 2083 1872 2106 nee
1893 2084 1942 2107 re-

1190 2125 1330 2168 cipiatur
1350 2125 1382 2158 in
1409 2136 1519 2169 regem
1545 2126 1716 2167 Poloniae‚
1748 2127 1808 2159 nisi
1845 2127 1941 2161 suerit

1189 2190 1261 2212 vere
1283 2180 1474 2220 catholicus,
1497 2180 1620 2223 quique
1643 2186 1786 2214 sanctam
1808 2182 1942 2215 catholi-

1190 2244 1259 2266 cam
1281 2238 1311 2266 et.
1335 2234 1549 2267 orthodoxam
1576 2234 1684 2275 tidem,
1706 2246 1803 2278 quam
1833 2241 1943 2269 saneta

1190 2287 1335 2320 Romana
1359 2292 1389 2320 et
1406 2287 1583 2330 apostolica
1603 2288 1747 2321 Ecclesia
1767 2294 1865 2330 tenet,
1887 2290 1942 2323 do-

1191 2346 1241 2373 cet
1261 2346 1292 2373 et
1317 2341 1494 2385 praedicat,
1512 2342 1619 2386 palam
1646 2348 1677 2375 et
1696 2342 1825 2386 publice
1845 2344 1943 2387 profi-

1193 2400 1298 2427 teatur
1318 2399 1348 2427 et
1363 2400 1527 2438 sequatur,
1549 2401 1579 2428 et
1599 2395 1630 2428 in
1655 2395 1777 2429 unitate
1798 2396 1941 2430 eiusdem

1191 2443 1223 2476 S.
1250 2444 1287 2477 R.
1312 2444 1347 2476 E.
1371 2450 1571 2487 permaneatg
1594 2445 1747 2488 quodque
1771 2456 1830 2488 pro
1861 2451 1941 2479 tem-

1191 2503 1268 2536 pore
1289 2492 1425 2526 existens
1445 2494 1710 2538 archiepiscopus
1735 2494 1939 2535 Gnesnensis‚

1191 2543 1529 2577 cuiiusrenunciandi
1549 2555 1605 2577 seu
1624 2545 1810 2588 publicandi
1832 2555 1940 2587 regem

1192 2604 1227 2626 ex
1253 2592 1421 2637 privilegio
1443 2598 1628 2637 competere
1650 2593 1861 2637 dignoscitur,
1884 2604 1940 2626 ne-

1193 2642 1312 2675 minem
1332 2642 1499 2676 renunciet
1526 2648 1582 2676 aut
1601 2643 1743 2687 publicet
1764 2643 1819 2686 qui
1844 2643 1940 2677 suerit

1955 250 2007 278 An.
2024 249 2053 278 C.
2072 250 2141 279 1589

1984 1169 2142 1190 Praeuulesre-

1957 1201 1991 1226 gui
2040 1201 2141 1221 nonnulla

1957 1234 2053 1253 stntuuni
2068 1233 2088 1252 in
2105 1238 2141 1259 sy-

1957 1262 2012 1283 uodo
2042 1262 2141 1284 Patrico-

1957 1294 2032 1315 wiensi.

1970 2024 2090 2051 Qualitates
2105 2030 2142 2045 ro-

1957 2055 2072 2082 quirendae
2087 2055 2107 2075 in
2117 2061 2141 2076 e-

1957 2084 2040 2112 ligendo
2062 2087 2082 2107 in
2105 2092 2142 2108 re-

1956 2122 2008 2144 gem.
