2226 3070
843 287 940 311 mnssx
965 286 1072 311 aenum
1631 275 1693 310 687

183 349 347 384 Trinitatis
366 349 448 394 (SS.)
471 348 713 392 Redemptionis
737 347 940 392 Captivorum
966 348 1052 383 Ordo
1077 346 1358 382 confirmationem
1384 345 1531 380 omnium
1556 347 1738 390 privilegio-

276 413 347 437 rum
373 413 391 436 a
410 402 495 437 Sixto
519 401 543 434 V
568 400 702 441 obtinet,
730 399 794 433 ⁴256
821 401 849 441 b,
873 402 908 433 in
930 406 1017 434 nota.

185 456 346 491 Trudonis
370 456 431 500 (S.)
455 456 488 490 in
513 454 633 500 oppido
658 453 868 488 seminarium
894 460 1048 488 erectum.
1078 455 1111 488 V.
1129 454 1355 489 Seminarium.

950 607 974 640 U

187 724 360 758 Ubertinus
388 725 522 758 Ioannes
540 723 691 768 Baptista,
716 722 815 756 laicus
840 722 1060 762 Florentinus,
1089 723 1228 756 Mentem
1255 722 1430 756 vaeabilem
1456 733 1473 755 a
1498 722 1659 756 Clemente
1681 722 1743 756 VIII

277 778 486 812 constitutum
507 777 645 821 acquirit
664 776 768 821 pretio
790 782 955 810 scutorum
976 775 1138 809 sexdecim
1160 775 1297 809 millium
1319 776 1583 820 quingentorum,
1607 775 1669 808 547
1689 787 1718 808 a.

189 831 270 865 Unio
290 831 320 865 S.
344 831 479 875 Spiritus
500 838 603 865 terrae
624 831 739 864 Cherii.
770 830 803 863 V.
831 829 981 863 Officium
1002 829 1228 863 Sanctissimae
1249 829 1478 873 Inquisitionis.

188 884 382 918 Universitas
402 885 498 918 studii
520 884 679 927 generalis
700 884 875 917 instituitur
900 883 931 916 in
953 883 1073 927 oppido
1094 883 1280 922 Graeccnsi,
1304 882 1543 925 Salzburgensis
1571 883 1741 920 dioecesis.

278 945 312 971 ut
327 938 420 979 infra,
436 937 499 971 2232
519 949 539 971 α
557 944 662 982 etseq.
680 937 810 972 Carolus
830 937 985 970 archidux
1000 937 1146 969 Austriae
1167 937 1207 970 ad
1220 936 1319 969 tidem
1333 936 1524 969 catholicam
1543 936 1744 969 retinendam

278 998 309 1025 et
329 992 522 1035 augendam,
546 992 578 1025 in
599 991 719 1035 oppido
732 991 915 1031 Graecensi,
939 991 1142 1034 supradictae
1157 990 1313 1023 dioecesis
1331 989 1503 1030 collegium
1522 989 1745 1034 praesbytero-

280 1056 351 1078 rum
373 1045 539 1079 Societatis
559 1046 627 1078 Iesu
647 1045 834 1078 fundaverat
855 1044 996 1088 propriis
1016 1044 1209 1088 sumptibus,
1231 1044 1318 1087 quod
1339 1043 1512 1084 Gregorius
1529 1043 1595 1076 XIII
1617 1049 1745 1086 aposto-

277 1099 338 1132 lica
358 1099 548 1132 auctoritate
566 1105 721 1138 erexerat,
743 1097 806 1131 232
828 1099 855 1131 b.
880 1098 1000 1131 Deinde
1020 1098 1106 1131 idem
1128 1098 1191 1131 [lux
1208 1097 1398 1130 Pontificem
1416 1102 1483 1129 orat
1506 1108 1564 1140 pro
1586 1096 1746 1129 erectione

279 1152 375 1186 studii
396 1153 556 1195 generalis
577 1152 608 1185 in
630 1152 716 1185 dieto
737 1151 873 1194 collegio
892 1152 931 1185 ad
953 1151 1109 1184 maiorem
1129 1150 1196 1184 eius
1217 1151 1411 1194 profectum,
1435 1149 1499 1182 ο233
1523 1161 1541 1181 α
1563 1156 1594 1182 et
1613 1149 1639 1181 b.
1663 1150 1746 1182 Pon-

279 1206 354 1239 tifex
372 1206 451 1239 illud
465 1206 555 1248 erigit
577 1205 635 1239 sub
658 1205 815 1248 regimine
837 1205 940 1238 dietae
961 1204 1126 1238 Societatis
1147 1205 1232 1243 Iesu,
1257 1204 1337 1236 ibid.
1360 1204 1376 1235 b
1397 1209 1425 1236 et
1446 1213 1510 1247 seq.
1543 1203 1653 1247 Ibique
1674 1203 1747 1235 reli-

278 1259 360 1301 giosi
383 1259 589 1301 theologiam,
614 1258 853 1303 philosophiam
875 1264 906 1291 et
923 1258 1078 1300 ingenuas
1097 1264 1180 1291 artes
1202 1258 1376 1295 docebunt,
1402 1257 1479 1289 ibid.
1505 1256 1619 1290 Omnia
1651 1256 1747 1300 privi-

278 1312 362 1355 legia
380 1312 561 1346 studiorum
579 1313 778 1355 generalium
798 1312 956 1351 coneedit,
981 1311 1046 1344 :2:34
1065 1323 1085 1344 a
1106 1318 1136 1344 et
1157 1312 1184 1344 b.
1210 1311 1395 1355 Praeposito
1424 1310 1566 1352 generali
1584 1310 1654 1343 Soc.
1679 1311 1747 1343 Iesu

280 1365 463 1399 facultatem
487 1366 596 1399 tribuit
619 1366 735 1399 edendi
756 1371 873 1400 statuta
893 1376 952 1409 pro
973 1365 1056 1398 felici
1078 1365 1162 1398 illius
1180 1364 1353 1407 regimine,
1378 1364 1456 1396 ibid.
1482 1370 1512 1396 et
1541 1374 1629 1407 seq.;
1652 1364 1749 1396 lecto-

279 1429 394 1463 resque
415 1426 445 1453 et
466 1419 618 1453 officiales
636 1420 787 1461 eligendi,
811 1419 874 1451 '2:35
886 1430 916 1452 a.
938 1420 1072 1462 Insuper
1091 1419 1176 1463 Papa
1196 1424 1353 1462 perpetuo
1371 1418 1468 1451 etiam
1491 1417 1627 1459 collegio
1648 1417 1749 1461 appli-

281 1479 331 1506 cat
350 1473 436 1506 bona
455 1483 513 1517 per
533 1474 680 1508 Carolum
701 1474 820 1506 Ducem
842 1473 972 1511 donata,
997 1483 1207 1516 annuumque
1229 1472 1393 1505 redditum
1412 1470 1562 1513 assignat,
1579 1470 1657 1503 ibid.
1676 1476 1705 1503 et
1718 1471 1745 1503 b.

280 1527 434 1572 Clausulis
455 1527 619 1571 appositis.
643 1533 856 1571 exequutores
878 1527 1010 1570 deputat
1030 1526 1198 1570 episcopos
1218 1526 1483 1567 Salzburgensem
1504 1530 1532 1557 et
1562 1524 1746 1557 Amerinen·

281 1591 359 1620 sem,
384 1585 456 1620 eta,
475 1581 555 1613 ibid.

194 1632 342 1667 Urbanus
362 1633 419 1668 PP.
444 1633 505 1667 VII.
530 1635 665 1667 loannes
679 1633 818 1677 Baptista
838 1634 1031 1676 Castagneus
1052 1633 1255 1677 (Castaqna),
1280 1632 1378 1666 domo
1391 1632 1500 1672 Ianua,
1524 1632 1644 1664 Romae
1658 1636 1750 1664 natus

282 1687 387 1732 pridie
401 1697 502 1720 nonas
519 1687 646 1721 sextiles
659 1698 710 1721 an.
728 1697 843 1726 unxxn
860 1687 1030 1731 episeopus
1042 1686 1251 1721 Rossanensis
1262 1697 1280 1718 a
1292 1685 1373 1718 lulio
1386 1686 1424 1719 111
1438 1695 1489 1718 an.
1506 1695 1624 1725 nomn,
1639 1691 1750 1728 postea

283 1740 313 1774 S.
338 1740 373 1774 R.
394 1741 427 1774 E.
452 1741 633 1779 cardinalis,
659 1741 741 1774 tituli
763 1741 792 1775 S.
817 1741 954 1774 Marcelli
978 1752 995 1773 a
1015 1741 1169 1782 Gregorio
1190 1740 1257 1773 XIII
1278 1750 1328 1772 an.
1353 1749 1522 1772 nntxxxln
1544 1744 1680 1779 creatus,
1704 1738 1750 1771 vi—

284 1794 407 1836 gesima
432 1800 504 1838 post
530 1794 605 1828 Sixti
626 1795 649 1827 V
671 1800 809 1828 mortem
831 1794 899 1834 die,
924 1794 1163 1838 decimaquinta
1184 1794 1398 1837 septembris,
1423 1805 1473 1826 an.
1496 1803 1582 1827 ,uncx
1605 1802 1751 1826 summus

284 1847 427 1881 Pontifex
454 1849 588 1887 electus,
612 1847 675 1881 382
695 1859 725 1881 a.
753 1848 864 1882 Morbo
885 1848 1066 1884 confectus,
1098 1859 1114 1880 e
1134 1847 1211 1880 vivis
1232 1847 1376 1881 sublatus
1397 1853 1441 1881 est
1469 1858 1499 1880 vt
1524 1847 1585 1879 kal.
1610 1845 1751 1879 octobris

285 1901 428 1934 eiusdem
443 1902 529 1942 anni,
547 1902 598 1936 die
611 1901 733 1935 scilicet
753 1901 946 1935 duodecima
958 1902 997 1935 ab
1011 1902 1079 1934 eius
1093 1901 1261 1941 electione,
1279 1901 1358 1933 ibid.
1383 1902 1416 1934 In
1430 1900 1581 1934 Vaticano
1595 1899 1749 1944 sepultus,

284 1954 363 1988 ibid.
378 1955 452 1989 Eius
470 1961 576 1989 tamen
598 1967 726 2000 eorpus,
750 1955 911 1989 sexdecim
932 1961 1004 1999 post
1025 1966 1137 1993 annos,
1159 1955 1349 1988 translatum
1372 1954 1428 1987 suit
1451 1955 1491 1987 ad
1512 1954 1541 1987 S.
1557 1953 1673 1986 Mariae
1693 1963 1748 1985 su-

284 2019 343 2052 pra
362 2009 547 2050 Minervam,
567 2009 623 2043 ubi
644 2009 751 2042 adhue
775 2009 922 2053 quiescit.
945 2008 1043 2042 Unica
1064 2008 1131 2041 eius
1151 2008 1288 2041 habetur
1308 2007 1506 2047 constitutio,
1520 2017 1584 2051 qua
1604 2006 1751 2039 cardina-

285 2062 349 2095 lem
369 2062 481 2096 Pinelli
503 2063 666 2106 deputavit
685 2063 883 2106 praesectum
905 2061 1169 2104 Congregationis
1189 2061 1540 2095 S.R.E.Cardinalium
1561 2070 1658 2103 super
1677 2069 1753 2093 con-

285 2115 511 2150 sultationibus
536 2116 740 2159 negotiorum
762 2115 948 2160 temporalis
969 2115 1099 2148 ditionis
1119 2115 1226 2148 Status
1247 2114 1457 2148 Ecclesiastici
1479 2113 1749 2158 praepositorum,

287 2169 366 2202 ibid.
392 2176 423 2203 et
443 2170 471 2203 b.

198 2222 293 2256 Urbis
313 2223 522 2266 gubernatori
544 2234 655 2257 causas
672 2223 779 2257 civiles
799 2223 1015 2266 cognoscendi
1034 2233 1098 2255 uua
1118 2233 1191 2256 eum
1211 2222 1461 2256 vieecamerario
1482 2221 1530 2255 ius
1543 2220 1720 2255 restituitur
1736 2231 1754 2253 a

286 2288 371 2322 papa
390 2277 487 2318 Sixto,
509 2277 568 2311 351
595 2278 631 2319 b,·
650 2277 877 2321 notariumque
896 2277 936 2310 ad
961 2276 1023 2310 hoc
1044 2276 1230 2321 deputandi,
1254 2275 1318 2309 352
1346 2286 1384 2317 a‚·
1406 2275 1578 2310 contrariis
1603 2274 1754 2308 omnibus

288 2331 461 2374 abrogatis,
485 2331 565 2364 ibid.

200 2385 331 2420 Uritana
350 2385 486 2420 ecelesia
509 2385 713 2428 suffraganea
732 2385 915 2419 declaratur
935 2383 1087 2418 eeclesiae
1107 2383 1341 2425 Brundusinae‚
1363 2382 1427 2416 417
1446 2389 1476 2416 et
1496 2393 1559 2426 seq.

980 2502 1002 2534 V

201 2599 370 2635 valentina
399 2600 546 2646 Synodus
574 2600 780 2645 provincialis
810 2599 976 2633 decretum
1008 2599 1082 2633 fecit
1109 2599 1194 2633 circa
1214 2599 1319 2642 legata
1338 2599 1370 2633 in
1388 2603 1582 2632 testamento
1603 2607 1659 2630 seu
1678 2596 1756 2629 alias

291 2655 414 2696 relicta,
435 2660 466 2688 et
485 2655 570 2688 cirea
591 2660 739 2699 quartam
760 2652 951 2694 funeralem‚
974 2651 1040 2686 494
1060 2651 1076 2686 b
1097 2658 1128 2687 et
1139 2663 1230 2697 seq.;
1252 2652 1340 2697 quod
1359 2651 1533 2695 Gregorius
1545 2650 1610 2684 XIV
1631 2649 1752 2683 confir-

292 2715 368 2750 mat,
391 2707 456 2742 495
476 2707 502 2743 b.
527 2708 668 2753 Explicat
689 2707 854 2752 quomodo
873 2707 1061 2741 efformetur
1080 2705 1194 2751 quarta
1212 2706 1378 2747 funeralis,
1401 2705 1478 2739 ibid.
1504 2704 1529 2738 b.
