2226 3070
85 281 139 309 An.
156 280 268 309 c.1590
317 307 322 311 .

101 1359 190 1381 Litteras
206 1366 259 1386 apo-

73 1392 162 1412 -ioticns
187 1398 258 1419 quas—

73 1429 172 1450 cumque,
218 1427 258 1444 tam

73 1456 162 1480 gratiam
198 1461 258 1482 quam

73 1487 176 1506 iustitiam
205 1492 259 1506 con-

73 1521 199 1541 1-9111911105,
229 1524 258 1539 e-

76 1549 125 1568 tiam
141 1547 259 1569 1110111991-

76 1581 141 1605 tarta,
173 1580 261 1601 Camera

77 1617 114 1632 1911
130 1611 204 1631 Curiae
221 1611 259 1631 nt-

76 1643 136 1667 nens,
150 1648 188 1668 pro
204 1647 226 1662 sc
239 1646 261 1662 et

76 1674 259 1694 vicethesaurario

76 1710 114 1725 seu
148 1706 259 1727 locumte-

75 1740 141 1757 nente
157 1743 181 1756 :uz
201 1737 256 1757 duu-

76 1769 259 1789 bustnmitiaritsus

75 1802 148 1826 gratis,
196 1801 259 1820 etiam

77 1834 123 1857 ‚nist
138 1831 200 1852 officii
210 1832 259 1852 the-

76 1863 205 1882 saurariatus
225 1864 257 1883 vti-

76 1893 206 1918 missionem,
222 1900 257 1914 ex-

76 1925 185 1951 pedienati

279 331 454 376 scriptura,
481 331 576 365 etiam
604 332 711 366 minus
736 331 871 364 solemni
901 337 931 364 et
965 332 1033 365 sine

279 384 390 428 aliqua
432 385 653 419 insinuatione.
691 396 748 418 seu
793 384 1033 428 subscriptione

279 438 423 479 testium,
445 445 501 472 aut
520 439 616 472 etiam
637 448 745 472 coram
766 438 893 471 duobus
912 439 961 471 vel
980 439 1033 471 tri-

278 491 338 525 bus
359 492 494 525 testibus
509 498 646 533 tantum,
661 491 822 525 autetiam
835 492 950 524 cedula
966 492 1033 524 sola

278 555 376 578 manu
407 551 459 579 tua
483 545 676 589 subscripta,
704 556 741 578 ac
766 545 844 578 alias
869 544 900 577 in
931 545 1033 578 omni-

277 598 337 632 bus
357 605 388 632 et
408 610 466 644 per
485 599 605 639 omnia,
629 603 727 643 prout
749 598 803 631 tibi
824 598 1031 641 quomodoli-

277 652 331 684 bet
359 652 531 692 videbitur,
564 657 595 684 et
620 652 653 684 in
679 651 748 695 ipsa
767 651 863 684 Curia
884 657 915 684 ct
944 656 1032 684 extra

277 716 347 738 eam
369 711 400 738 et
419 706 540 749 ubique
562 706 723 745 locorum,
746 710 776 737 et
795 704 827 737 in
849 704 962 737 mortis
979 716 1031 736 ar-

278 758 390 798 ticulo,
417 764 448 791 et
471 759 562 791 nulla
587 759 669 791 sacta
694 758 857 790 mentione
878 767 1031 801 praesen-

277 811 316 844 tis
334 812 384 845 vel
404 811 540 845 aliarum
564 811 620 844 tibi
646 822 706 856 pro
726 817 872 854 tempore
899 821 1031 844 conces-

276 876 384 899 sarum
412 865 569 899 similium
600 866 804 906 facultatum,
835 865 954 908 quibus
975 875 1033 908 per

274 925 460 964 praesentes
479 920 666 953 nullatenus
685 920 943 964 praeindicatum
963 929 1032 952 esse

275 973 495 1015 decernimus,
521 980 576 1007 aut
597 974 685 1017 quod
697 974 729 1006 in
750 974 813 1006 vim
835 973 964 1006 illarum
984 979 1032 1007 te-

274 1028 351 1061 stari
368 1034 400 1061 et
419 1028 591 1072 disponere
611 1028 689 1061 velis
709 1033 739 1060 et
756 1027 915 1067 intendas,
933 1028 1032 1060 semel

273 1082 496 1125 atqueiterum
510 1087 541 1115 et
554 1082 678 1125 pluries
695 1081 879 1125 disponere,
890 1087 1031 1114 statuere

274 1142 306 1169 et
329 1135 483 1169 ordinare
514 1135 616 1168 libere
641 1141 673 1168 et
693 1134 779 1168 licite
798 1135 915 1174 valeas,
936 1145 1031 1179 prae-

273 1189 358 1222 dicta
377 1189 581 1229 auctoritate,
604 1194 715 1222 tenore
731 1188 919 1221 earumdem
941 1199 1032 1232 prae-

273 1243 429 1283 sentium,
452 1243 664 1276 concedimus
684 1248 715 1275 et
735 1242 954 1285 indulgemus.

318 1297 334 1340 ἓ
353 1296 409 1329 48.
437 1296 570 1330 Necnon
590 1296 678 1341 quod
699 1306 812 1329 onmes
832 1301 863 1329 et
889 1297 1032 1339 singulas

273 1349 398 1383 litteras
418 1350 624 1394 apostolicas,
646 1350 706 1383 sub
728 1350 863 1393 plumbo
881 1360 917 1383 ac
935 1351 1030 1383 etiam

274 1404 306 1436 in
345 1404 448 1437 forma
477 1403 683 1443 h1·evis‚tarn
714 1409 899 1448 praesentes
932 1415 1031 1447 quam

273 1458 352 1491 alias
383 1468 483 1502 super
520 1457 687 1502 quibusvis
724 1458 848 1501 gratiis,
884 1458 1028 1499 indultis,

274 1513 553 1553 concessionibus,
570 1513 793 1553 facultatibus,
809 1519 872 1546 tam
894 1514 1030 1556 gratiam

274 1577 372 1610 quam
403 1567 558 1600 iustitiam
593 1567 878 1605 concernentibus,
912 1579 970 1611 per
1001 1573 1031 1600 te

274 1631 311 1654 ac
347 1621 660 1655 vicethesaurarium
681 1631 737 1654 seu
754 1621 1029 1655 locumtenentem

275 1680 306 1708 et
329 1675 412 1708 duos
437 1674 610 1708 familiares
636 1680 707 1708 tuos
729 1686 786 1719 per
807 1681 836 1708 te
861 1676 1032 1708 nominan-

275 1729 345 1768 dos,
368 1740 386 1761 a
403 1728 497 1762 nobis
517 1735 546 1761 et
568 1729 813 1762 successoribus
832 1730 951 1762 nostris
976 1736 1028 1762 aut

274 1782 355 1815 Sede
384 1782 550 1826 praedicta
582 1793 641 1826 pro
670 1788 817 1826 tempore
852 1783 1032 1826 impetratis

273 1841 330 1864 seu
351 1831 449 1864 etiam
466 1838 555 1864 motu
569 1832 666 1864 simili
684 1832 857 1872 concessis,
874 1832 906 1865 in
928 1832 1032 1865 omni-

273 1880 334 1913 bus
344 1880 578 1921 Cancellariae,
594 1881 748 1914 Camerae
769 1887 799 1914 et
813 1881 930 1914 Curiae
948 1893 1030 1925 pra?-

273 1930 435 1963 dictarum
455 1930 585 1971 officiis,
606 1941 733 1963 necnon
749 1931 885 1974 plumbo
907 1937 937 1963 et
951 1932 1031 1974 regi-

273 1984 351 2020 stro,
361 1990 399 2012 ac
413 1980 595 2013 Secretaria
612 1980 805 2024 Apostolica,
821 1991 857 2013 ac
874 1980 953 2012 alias
963 1981 1032 2013 ubi-

274 2029 364 2069 tibet,
385 2029 485 2072 gratis
500 2034 531 2061 et
554 2029 677 2071 absque
698 2029 765 2062 ulla
786 2035 946 2070 taxarum,
973 2041 1030 2063 an-

274 2084 436 2118 natarnm,
460 2078 698 2117 communium,
727 2079 941 2120 minutorum,
966 2090 1031 2112 ser-

274 2126 439 2167 vitiorum,
466 2127 619 2160 iocalium
641 2134 693 2160 aut
716 2128 855 2161 aliorum
873 2139 1031 2171 quorum-

276 2186 415 2220 cumque
428 2177 547 2209 iurium
567 2181 621 2209 aut
633 2177 829 2219 regaliorum
852 2178 1028 2217 solutione,

276 2225 436 2268 expediri;
459 2231 489 2258 et
508 2225 786 2258 rescribendarius
807 2232 910 2259 laxam
946 2227 1030 2260 litte-

276 2283 385 2305 rarum
410 2274 664 2318 praedictarum,
692 2286 764 2307 cum
792 2275 1030 2320 subscriptione

276 2323 379 2364 qratis
399 2334 458 2366 pro
478 2334 616 2366 persona
637 2324 830 2356 thesaurarii
848 2330 877 2357 et
891 2325 1030 2358 aliorum

278 2371 521 2413 praedictorum
552 2372 779 2412 snbscribere3
813 2384 848 2405 ac
871 2380 933 2406 tam
963 2375 1030 2418 ipse

279 2430 376 2462 quam
396 2421 449 2453 alii
471 2421 660 2464 scriptores,
683 2422 936 2462 abbreviatores,
965 2424 1029 2456 sol-

278 2468 644 2502 licitatoreslitterarum
657 2471 887 2514 prcedictarum
901 2472 1032 2511 ¹‚archi-

277 2517 384 2557 vistae‚
410 2519 601 2552 cubicularii
629 2526 658 2552 et
683 2521 825 2553 scutiferi
847 2522 1029 2565 apostolici,

277 2567 468 2610 portionarii
493 2574 523 2601 et
545 2570 762 2612 praesidentes
784 2571 901 2614 Ripae,
919 2576 949 2603 et
970 2571 1030 2603 mi-

276 2617 347 2649 h'tes
368 2618 415 2650 Ss.
444 2617 530 2650 Petri
555 2624 583 2650 et
616 2618 722 2659 Pauli,
755 2620 952 2658 cancellarii,
983 2630 1032 2652 se-

312 2681 320 2706 1
341 2679 417 2707 Hanc
432 2686 534 2710 vocem
549 2680 649 2708 omittit
664 2681 786 2709 Cherub.
806 2683 845 2715 (11.
869 2683 918 2711 r).

960 279 1064 303 stxrus
1087 279 1106 302 V
1130 279 1177 303 PP.

1717 268 1783 303 ¹175

1075 332 1215 373 cretarii,
1239 331 1452 376 protonotarii
1488 331 1656 375 apostolici
1678 338 1709 365 et
1741 344 1828 366 sum-

1075 385 1198 425 mistae,
1220 395 1345 418 necnon
1367 385 1509 428 magistri
1530 391 1558 417 et
1581 385 1704 428 plumbi
1727 386 1827 419 colle-

1075 444 1180 472 ctores
1209 450 1246 472 ac
1271 439 1510 482 plumbatores,
1546 438 1769 481 registi-atores
1798 445 1825 472 et

1075 492 1343 533 vicecancellarii,
1358 499 1386 525 et
1405 493 1604 537 quicumque
1623 493 1677 525 alii
1699 493 1827 536 praedi-

1075 552 1143 579 ctae
1167 546 1282 580 Cnriae
1318 547 1494 587 osticiales,
1526 552 1556 580 et
1584 546 1825 590 expeditionum

1074 599 1254 632 litterarum
1277 600 1464 633 huiusmodi
1486 611 1545 644 pro
1567 606 1713 644 tempore
1734 611 1827 644 prac-

1074 652 1227 693 sidentes‚
1262 665 1441 697 corumque
1473 653 1631 693 ministri,
1668 654 1764 687 etiam
1796 655 1827 686 in

1074 707 1212 747 antiatis,
1231 708 1472 746 conununibus,
1494 708 1664 748 iocalibus,
1681 708 1826 746 minutis,

1075 760 1222 796 servitiis,
1247 762 1410 804 regalibus
1430 768 1458 794 et
1480 763 1551 794 aliis
1572 762 1698 795 iuribus
1718 762 1828 795 huius-

1075 813 1161 846 modi
1182 815 1424 857 participantes,
1448 816 1576 848 casdem
1595 816 1730 857 litteras,
1753 827 1827 860 per-

1075 877 1185 900 sonam
1217 867 1292 900 dicti
1319 868 1512 901 thesaurarii
1533 869 1667 913 eiusque
1686 869 1827 902 vicethe-

1074 920 1209 952 saurarii
1236 927 1262 952 ct
1287 921 1538 954 locumtenentis
1559 934 1595 955 ac
1615 923 1757 956 duorum
1781 924 1826 955 sa-

1075 973 1250 1006 miliarium
1295 986 1430 1008 suorum
1472 975 1713 1019 praedictorum
1753 987 1828 1009 con-

1075 1034 1256 1068 cernentes,
1288 1029 1382 1061 etiam
1413 1036 1482 1073 post
1516 1030 1739 1063 dimissionem
1779 1032 1827 1063 os-

1075 1081 1139 1114 ficii
1171 1082 1376 1122 thesaurarii,
1410 1083 1453 1115 ita
1473 1084 1560 1127 quod
1578 1089 1606 1116 te
1627 1085 1726 1117 semel
1750 1083 1827 1116 suis-

1075 1146 1107 1168 se
1145 1135 1397 1177 thesaurarium,
1429 1137 1468 1169 ad
1500 1137 1650 1170 ctl'eetum
1682 1137 1826 1170 omnium

1074 1195 1103 1221 et
1124 1189 1328 1233 singulorum
1341 1190 1597 1234 praedictorum,
1611 1191 1667 1223 tibi
1689 1202 1725 1224 ac
1737 1191 1829 1224 dictis

1074 1242 1137 1275 tuis
1174 1242 1314 1275 sufficiat
1331 1270 1340 1281 ,
1380 1243 1440 1276 sub
1481 1244 1829 1277 excommunicationis

1075 1297 1157 1329 latae
1172 1297 1350 1329 sententiae
1371 1303 1402 1329 et
1423 1297 1646 1340 suspensionis
1665 1309 1701 1330 ac
1721 1299 1828 1343 priva-

1076 1350 1169 1383 tionis
1189 1361 1324 1383 suorum
1346 1351 1531 1384 officiorum
1551 1352 1785 1395 fructuumque
1800 1357 1830 1385 et

1074 1404 1371 1438 emolumentorum
1420 1406 1610 1438 eorumdem
1645 1406 1828 1439 amissionis

1074 1457 1199 1501 poenis,
1219 1469 1278 1501 per
1302 1469 1356 1491 eos
1385 1459 1425 1490 ad
1454 1469 1535 1502 quos
1563 1459 1769 1503 pertinuerit,
1799 1465 1830 1492 et

1074 1511 1130 1554 qui
1152 1522 1205 1544 eas
1228 1512 1328 1551 eratis
1349 1512 1555 1546 subscribere
1573 1513 1620 1545 vel
1647 1513 1827 1546 concedere

1074 1571 1104 1598 et
1117 1566 1268 1608 expedire
1281 1566 1460 1606 noluerint,
1475 1577 1512 1600 eo
1529 1567 1598 1611 ipso
1612 1567 1828 1607 incurrendis,

1073 1619 1195 1662 alisque
1208 1620 1271 1652 alio
1288 1626 1399 1652 nostro
1415 1626 1446 1653 et
1465 1631 1691 1653 suceessorum
1703 1627 1829 1655 nostro-

1074 1684 1146 1705 ruin
1164 1678 1194 1706 et
1207 1673 1473 1717 Sedispraesatae
1494 1675 1643 1707 ulteriori
1662 1676 1824 1715 mandato,

1073 1727 1207 1759 omnino
1237 1728 1336 1770 gratis
1362 1733 1392 1760 91
1421 1728 1542 1772 absque
1570 1729 1632 1761 alia
1667 1735 1825 1769 taxarum,

1073 1786 1280 1821 annatarum,
1312 1782 1550 1821 communium,
1581 1783 1747 1823 iocalium,
1771 1783 1829 1815 mi—

1073 1840 1239 1875 nutorum,
1261 1835 1465 1868 servitiorum
1495 1841 1525 1868 et
1557 1836 1698 1869 aliorum
1733 1847 1828 1881 prae-

1074 1890 1213 1922 fatorum
1247 1889 1408 1922 solutione
1439 1895 1467 1921 et
1499 1890 1678 1930 exactione,
1706 1891 1738 1923 111
1757 1901 1828 1924 0111-

1074 1942 1169 1975 nibus
1200 1949 1228 1976 et
1260 1954 1319 1987 per
1345 1943 1477 1982 omnia,
1510 1956 1613 1988 usque
1643 1945 1682 1977 ad
1719 1945 1828 1988 plum-

1073 1996 1150 2029 bum
1187 2002 1218 2028 et
1257 1997 1428 2039 registrum
1462 1998 1669 2041 ipsarumque
1697 1999 1827 2031 finalem

1073 2051 1310 2094 expeditionem
1338 2057 1364 2083 et
1399 2052 1630 2085 relaxationem
1660 2052 1825 2093 inclusive,

1073 2105 1161 2137 0111111
1194 2105 1450 2138 contradictione
1484 2111 1638 2146 cessante,
1670 2107 1826 2150 expediri,

1073 2159 1231 2191 subscribi
1254 2170 1289 2191 ac
1309 2159 1445 2192 relaxari
1468 2159 1573 2192 facere
1595 2166 1622 2193 et
1642 2161 1827 2204 permittere

1073 2213 1208 2245 debeant
1238 2219 1265 2245 et
1296 2218 1479 2253 teneantur,
1511 2213 1633 2246 etiamsi
1657 2214 1689 2247 in
1713 2225 1827 2249 eorum

1073 2267 1189 2300 officiis
1201 2273 1228 2299 et
1243 2267 1508 2300 concessionibus
1519 2274 1670 2301 caveatur
1679 2279 1829 2313 expresse

1073 2327 1106 2354 ut
1129 2321 1168 2353 ad
1195 2321 1224 2353 id
1247 2331 1310 2353 non
1333 2327 1516 2361 teneantur,
1548 2328 1576 2354 et
1599 2323 1687 2365 quod
1713 2334 1825 2357 eorum

1073 2375 1179 2407 officia
1200 2375 1321 2407 suerint
1338 2375 1381 2407 eis
1394 2385 1547 2408 concessa
1563 2376 1657 2409 titulo
1677 2387 1827 2417 oneroso,

1074 2429 1221 2461 volumus
1241 2435 1268 2461 et
1287 2429 1489 2469 mandamus,
1502 2433 1559 2462 etc.

1117 2479 1131 2519 ἓ
1152 2477 1205 2510 [19.
1233 2478 1486 2522 praesentesque
1513 2478 1555 2510 ibi
1579 2479 1610 2511 in
1627 2480 1779 2513 omnibus
1797 2488 1826 2514 et

1074 2538 1132 2571 per
1155 2527 1264 2559 onmia
1289 2527 1456 2567 suffragari
1477 2528 1609 2567 debere,
1642 2528 1776 2573 illasque
1797 2536 1824 2563 et

1075 2577 1105 2608 111
1136 2577 1180 2609 eis
1208 2582 1358 2609 contenta
1386 2588 1613 2620 quaecumque
1643 2579 1732 2611 nullo
1753 2590 1824 2612 um-

1074 2636 1170 2670 quam
1185 2632 1331 2669 tempore
1352 2626 1392 2659 de
1404 2627 1636 2670 subreptionis,
1660 2628 1824 2671 obreptio-

1074 2675 1122 2707 nis
1146 2676 1192 2708 vel
1214 2675 1371 2709 nullitatis
1391 2675 1466 2709 vitio
1489 2686 1543 2707 seu
1566 2675 1753 2709 intentionis
1770 2686 1824 2710 no-

1843 277 1895 306 Αη.
1911 278 1940 306 C.
1958 278 2027 307 1590

1856 2493 1966 2514 ciausutae
1983 2494 2024 2514 tiu-

1842 2526 1872 2544 1119
1881 2524 1950 2544 bullae
1960 2532 2023 2551 prae-

1840 2557 1965 2576 seri-ativae.
