2226 3070
474 268 536 301 676
1026 278 1206 301 ittsstLARtt'M
1229 278 1381 302 uouaa't'u

430 341 575 374 Olliciuni
598 341 736 374 vacabilc
759 341 911 384 praefecti
934 350 1098 373 carcerum
1117 340 1221 373 Status
1239 340 1461 386 Ecclesiastici5
1487 342 1754 375 Concessionilnis
1775 343 1983 387 quibuscum-

519 406 581 439 que
602 395 757 428 revocatis
779 395 862 427 circa
884 394 1062 426 custodiam
1078 404 1257 429 carcerum.
1275 400 1418 427 ereetum
1441 394 1497 427 fuit
1512 395 1654 428 officium
1668 396 1809 429 vaeabile
1825 397 1985 439 generalis

519 450 749 492 praefecturae,
773 448 836 479 5:3⁴»
857 448 885 483 b,-
908 448 995 491 quod
1013 458 1201 480 concessum
1222 448 1320 480 suerat
1340 448 1488 481 Annibali
1511 455 1539 482 et
1562 449 1671 482 Ioanni
1694 450 1732 482 de
1754 450 1850 491 Litiis,
1867 449 1925 483 :¹31
1951 461 1980 483 a.

518 504 578 535 Sed
600 514 671 535 cum
695 502 787 534 inulti
808 502 881 534 inde
902 501 1004 533 exorti
1026 506 1127 533 esseut
1143 501 1273 537 aliusus,
1298 502 1442 535 Clemens
1457 503 1531 542 VIll,
1556 503 1701 536 restituto
1723 503 1838 546 pretio,
1863 503 1983 537 dictum

519 556 660 589 officium
681 555 862 598 supprimit,
879 554 936 587 331
956 555 982 587 b.
999 556 1170 588 Cari-erum
1187 555 1365 588 custodiam
1388 561 1414 588 ct
1438 556 1687 599 praesidentiam
1711 557 1883 590 committit
1903 568 1984 601 quo-

520 610 593 642 lilwt
617 610 647 641 111
669 610 739 641 loco
754 609 1070 641 confraternitatibus
1084 609 1123 641 ad
1137 609 1196 641 lior
1210 608 1297 652 pium
1316 620 1396 652 opus
1418 609 1570 642 institutis
1584 610 1630 642 vel
1644 610 1857 651 instituendis,
1874 609 1937 643 531).
1951 622 1983 649 a,·

519 674 597 706 quas
625 661 775 703 subrogat
801 662 830 694 in
853 662 958 694 locuni
980 662 1155 705 supradicti
1178 662 1330 705 praefecti
1359 674 1432 695 cum
1454 663 1574 695 eisdem
1596 663 1720 696 iuribus
1747 669 1777 697 et
1797 663 1981 707 privilegiis,

519 716 594 748 ibid.
617 716 649 751 b:
671 716 779 759 eisque
801 715 908 749 omnia
930 716 1148 749 emolumenta
1169 716 1307 759 applicat
1329 722 1355 749 et
1380 716 1546 759 privilegia
1558 717 1715 757 concedit,
1732 717 1825 755 ibid.;
1842 717 1984 750 iniuncto

519 780 617 802 onere
637 769 779 802 solvendi
801 781 843 803 1111)
864 776 952 802 scuta
974 769 1146 813 quotannis
1168 780 1227 813 pro
1248 780 1375 802 sumina
1398 770 1595 803 restituenda
1620 772 1679 804 DD.
1715 771 1753 803 de
1783 770 1880 811 Liliis,
1905 770 1981 803 ibid.

518 823 583 861 Qua
607 823 770 859 restituta,
795 823 903 856 onmia
924 824 1036 855 cedant
1060 823 1089 855 iu
1122 823 1316 856 heneficium
1338 824 1496 856 dictarum
1526 824 1843 864 confraternitatum‚
1868 823 1932 857 533
1951 835 1981 857 a.

518 877 637 909 llaruui
660 876 907 920 dispositionum
930 876 1178 920 exequutionem
1201 877 1373 910 committit
1393 877 1540 910 locorum
1558 877 1748 915 Ordina1·iis‚
1772 877 1849 911 ibid.
1874 877 1900 910 b.

428 929 555 962 Ordinis
576 931 710 962 fratrum
729 930 886 963 Minorum
908 931 946 963 dc
966 930 1173 963 Oleerrantia
1193 930 1334 963 officium
1358 930 1500 971 magistri
1521 931 1679 973 generalis
1703 942 1760 975 per
1785 937 1856 964 octo
1885 941 1986 964 annos

518 984 634 1017 durare
655 984 766 1017 statuit
785 984 857 1017 Pius
872 985 905 1022 V,
921 984 984 1017 *270
998 995 1026 1016 (1.
1048 984 1151 1017 Sixtus
1171 984 1312 1017 officium
1336 984 1434 1017 liocce
1455 985 1494 1017 ad
1515 985 1716 1028 primaevum
1738 990 1854 1018 statum
1873 995 1985 1018 sexen-

518 1038 561 1070 nii
582 1038 718 1077 reducit,
744 1038 821 1075 ibid,
846 1038 862 1070 b
873 1050 881 1075 ,·
904 1038 1161 1081 olectionemque
1182 1038 1274 1071 aliter
1295 1040 1411 1071 factam
1433 1038 1546 1079 irritat,
1570 1038 1628 1070 271
1654 1050 1682 1071 u.

429 1091 582 1124 Ostiensis
600 1091 719 1124 civitas.
741 1092 814 1124 Pius
831 1092 854 1123 V
883 1091 970 1124 iussit
993 1098 1025 1124 ut
1048 1102 1162 1124 causae
1182 1097 1244 1124 tani
1267 1091 1375 1124 civiles
1395 1103 1492 1135 quani
1513 1091 1696 1125 criminales
1718 1091 1851 1126 civitatis
1877 1092 1983 1125 Velle·

518 1145 642 1181 trensis.
668 1145 698 1177 in
720 1145 825 1189 prima
843 1151 873 1178 et
890 1146 1030 1178 secunda
1053 1145 1214 1182 instantia,
1240 1145 1271 1177 111
1293 1145 1361 1188 ipsa
1379 1145 1504 1178 civitate
1526 1151 1814 1188 cognoscerentur:
1840 1145 1871 1178 in
1893 1145 1986 1178 tertia

518 1199 638 1232 veroin
656 1199 759 1237 Curia,
774 1199 875 1231 411111.
900 1199 990 1232 Iussit
1013 1199 1108 1231 etiam
1131 1209 1170 1231 ne
1191 1199 1233 1231 ilii
1256 1199 1487 1242 exequutiones
1501 1200 1613 1232 fierent
1635 1199 1702 1232 sine
1723 1199 1851 1232 licentia
1864 1198 1987 1232 Ostien-

518 1252 559 1285 sis
577 1252 731 1295 episcopi,
756 1252 814 1284 sill
840 1264 869 1285 a.
894 1252 1084 1285 Huiusmodi
1103 1258 1219 1285 statuta
1240 1252 1411 1285 confirmat
1430 1253 1615 1295 Gregorius,
1633 1259 1660 1285 et
1684 1252 1827 1286 extendit
1846 1253 1885 1286 ad
1903 1252 1987 1286 cives

518 1307 688 1343 Ostienses,
714 1306 789 1338 ibid.
811 1306 836 1338 b.
861 1307 1024 1339 Clausulas
1045 1306 1189 1349 apponit,
1214 1312 1492 1350 exequutoresque
1513 1307 1656 1350 deputat,
1680 1306 1744 1338 412
1765 1318 1794 1339 a.

429 1359 581 1393 Ostiensis
610 1366 639 1392 et
665 1360 892 1393 Veliternensis
913 1360 1075 1392 civitatum
1097 1360 1291 1401 gubernium
1313 1360 1565 1393 dismembratur
1584 1360 1623 1392 ab
1645 1360 1778 1392 ecclesia
1799 1359 1935 1393 Ostiensi
1956 1365 1985 1392 et

520 1413 748 1450 Veliternensi.
772 1412 889 1449 33011-
916 1419 944 1446 ct
967 1414 1135 1446 distinctus
1156 1414 1195 1446 al»
1225 1414 1377 1457 episcopo
1406 1414 1604 1456 gubernator
1634 1413 1754 1446 eisdem
1780 1413 1983 1456 praeficitur,

519 1468 573 1511 qui
595 1467 634 1500 sit
651 1467 814 1500 subiectus
834 1467 985 1501 Gamerae
1007 1467 1220 1511 Apostolicae,
1239 1467 1305 1499 ibid
1317 1472 1344 1499 et
1359 1467 1384 1499 b.
1400 1467 1461 1500 sed
1483 1466 1564 1499 hanc
1583 1466 1819 1510 separationem
1835 1466 1950 1500 aSixto
1964 1466 1987 1498 V

520 1527 694 1565 peractam,
718 1520 782 1553 400
804 1522 832 1562 b,
854 1521 955 1554 irritat
967 1521 1143 1563 Gregorius
1157 1521 1232 1557 XIV,
1255 1521 1320 1564 qui,
1337 1521 1441 1553 causis
1459 1520 1610 1564 expositis
1623 1532 1680 1554 cur
1693 1520 1901 1563 reintegratio
1916 1520 1985 1553 sieri

519 1576 643 1613 debeat,
664 1575 723 1607 401
749 1586 785 1611 η,-
808 1586 878 1607 eain
899 1575 989 1613 fau-it,
1014 1575 1158 1608 ecclesiis
1178 1574 1312 1608 Ostiensi
1334 1580 1364 1608 ct
1381 1574 1593 1608 Veliternensi
1612 1574 1805 1617 guliel-nium
1821 1573 1986 1607 civitatum

522 1629 637 1662 iterum
666 1630 865 1667 concedens,
893 1629 969 1661 ibid.
994 1630 1023 1662 S.
1049 1629 1084 1662 ll.
1106 1629 1139 1661 E.
1172 1628 1350 1661 camerario
1372 1634 1402 1661 et
1427 1628 1497 1661 aliis
1525 1628 1703 1670 iniungitur
1727 1639 1766 1661 ne
1786 1639 1819 1661 se
1840 1628 1987 1670 ingerant

521 1683 552 1715 in
570 1683 763 1725 gubernium
787 1683 945 1716 dictarum
970 1683 1150 1721 civitatum,
1176 1682 1252 1715 ibid.
1277 1682 1303 1715 b.
1328 1683 1466 1724 Derogat
1486 1682 1669 1721 contrariis,
1693 1680 1756 1714 402
1777 1693 1806 1714 a.

432 2003 582 2036 Paschale
603 2002 762 2035 Ecclesiae
783 2009 990 2046 praeceptum
1009 2012 1073 2035 non
1096 2002 1203 2046 implet
1228 2001 1282 2045 qui
1304 2012 1321 2034 a
1338 2001 1505 2035 Dominica
1526 2002 1710 2035 Palmarum
1732 2013 1790 2046 per
1812 2008 1911 2035 totam
1933 2013 1987 2036 oe-

522 2062 624 2089 tavam
650 2056 811 2089 Pascliatis
833 2062 919 2089 extra
937 2056 1136 2099 parochiam,
1165 2056 1232 2088 sine
1253 2055 1383 2089 licentia
1403 2055 1525 2099 proprii
1547 2055 1740 2099 paroci‚·SS.
1756 2056 1988 2089 Eueliaristiam

521 2110 616 2143 sumit
636 2109 698 2142 2242)
712 2109 738 2142 b.
756 2109 894 2142 Dubium
916 2116 1062 2142 exortum
1087 2110 1117 2141 in
1136 2109 1275 2142 dioecesi
1296 2109 1450 2142 Brixiensi
1469 2120 1508 2141 au
1527 2114 1698 2153 praecepto
1719 2109 1905 2147 satisfaciat,
1933 2109 1987 2153 qui

520 2164 552 2196 in
573 2163 715 2196 ecclesiis
735 2163 891 2196 Ordiniun
914 2163 1161 2196 Mendicantium
1185 2163 1267 2196 iufra
1288 2169 1432 2196 octavam
1454 2163 1615 2195 Pascliatis
1633 2163 1868 2201 conmmnicat,
1892 2163 1986 2203 ibid„-

522 2216 662 2250 Pontifex
684 2227 748 2248 non
766 2216 949 2249 satisfacere
971 2217 1122 2256 declarat,
1144 2215 1208 2248 *250
1228 2228 1257 2248 u.

434 2270 627 2303 Pataviensis
648 2270 816 2313 episcopus
845 2270 1076 2303 concordatum
1107 2270 1162 2302 init
1197 2281 1268 2302 cuni
1291 2269 1446 2313 Capitulo,
1472 2270 1614 2313 petitque
1644 2270 1682 2302 al)
1704 2269 1887 2313 ,lpostolica
1907 2269 1988 2302 Sede

523 2324 720 2359 confirmari,
745 2324 808 2356 ι130
829 2330 856 2357 et
878 2335 941 2367 seq.
974 2324 1103 2357 Praevia
1133 2324 1367 2367 approbatione
1387 2323 1649 2366 Congregationis
1674 2323 1816 2363 Concilii,
1841 2323 1944 2356 Siatus
1965 2323 1987 2354 V

523 2378 712 2414 confirmat,
748 2378 910 2410 nonnullis
939 2378 1131 2415 immutatis,
1165 2378 1215 2410 1.·31
1251 2389 1279 2410 a.
1315 2379 1420 2411 Teuor
1445 2377 1632 2411 concordati
1659 2377 1689 2409 iu
1717 2377 1803 2410 bulla
1831 2377 1984 2417 insertus,

523 2432 599 2464 ibid.
622 2432 637 2464 b
658 2437 686 2464 et
707 2442 770 2475 seq.
797 2442 895 2475 usquc
916 2432 955 2464 ad
990 2431 1046 2464 1:37
1076 2432 1101 2464 b.
1126 2431 1240 2464 Omnia
1261 2433 1431 2465 confirmat
1452 2431 1608 2468 Pontifex,
1638 2430 1821 2474 servarique
1843 2430 1984 2469 mandat,

524 2484 599 2517 ibid.
622 2490 651 2517 et
677 2483 735 2517 138
753 2496 782 2516 a.

437 2538 572 2582 Pepolus
597 2538 701 2572 Guido
722 2538 903 2571 cardinalis.
935 2539 966 2571 Γ.
991 2538 1192 2571 Tlicsaurarii
1214 2539 1384 2581 generalis,
1408 2543 1462 2572 elc.

435 2592 594 2624 Personae
615 2591 752 2624 humiles
772 2592 812 2624 ad
834 2592 992 2624 excelsum
1013 2592 1170 2625 felicitatis
1190 2592 1350 2634 fastigium
1368 2604 1426 2636 per
1440 2593 1618 2625 litterarum
1640 2592 1745 2625 studia
1762 2596 1893 2636 possunt
1916 2601 1988 2634 per-

527 2645 645 2686 venire⁷
670 2644 733 2678 232
753 2645 779 2677 b.

438 2700 598 2732 Personae
618 2710 699 2743 quae
719 2699 783 2732 Deo
804 2699 836 2731 in
857 2699 999 2732 ecclesiis
1016 2699 1191 2733 inserviunt
1211 2706 1452 2735 enumerantur.
1473 2699 1537 2733 5153
1558 2700 1583 2732 b.
