2226 3070
234 246 286 275 An.
304 245 331 273 C.
353 246 418 273 1588

476 236 519 270 30

434 304 496 332 tres
506 299 625 331 diaetas
638 298 756 342 aliquis
765 298 953 331 auctoritate
964 296 1179 342 praesentium

432 352 471 384 ad
492 352 647 385 iudicium
674 362 738 384 11011
759 352 918 390 trabatur,
940 360 1077 389 necnon,
1100 361 1181 393 qua-

433 409 525 438 tenus
538 416 620 451 opus
631 405 683 445 sit,
698 405 809 448 regula
829 405 867 437 de
879 414 943 436 non
956 402 1098 435 tollendo
1113 402 1182 435 iure

433 458 588 502 quaesito,
601 457 736 502 aliisque
753 456 1036 491 constitutionibus
1049 462 1079 488 et
1098 455 1183 488 ordi-

434 511 618 544 nationibus
634 510 828 555 apostolicis‚
851 520 978 543 necnon
1004 509 1183 553 provincia-

434 575 506 598 rum
531 564 637 597 Status
671 562 887 596 Ecclesiastici
920 563 1120 604 huiusmodi,
1147 574 1182 596 ac

433 618 619 661 quarumvis
653 617 782 650 illarum
821 617 998 657 civitatum,
1021 617 1181 656 locorum,

434 677 605 711 terrarum,
615 671 821 704 districtuum
835 677 865 704 et
875 670 1014 703 aliorum
1026 671 1183 711 locorum,

434 724 603 768 dictaeque
624 724 717 757 Urbis
728 731 759 757 et
779 735 1062 768 quarumcumque
1083 724 1186 757 curia-

435 789 507 811 rum
528 783 558 811 et
576 778 787 811 tribunalium
813 789 961 818 suorum,
983 778 1078 812 etiam
1100 778 1185 811 iura-

436 838 556 873 mento,
579 832 824 866 confirmatione
845 833 1022 876 apostolica
1041 833 1089 865 vel
1105 843 1185 875 qua-

434 886 480 918 vis
497 886 646 919 firmitate
667 886 730 919 alia
741 886 912 927 roboratis,
929 886 1053 919 statutis
1068 892 1096 919 et
1108 896 1186 919 con-

435 940 683 980 suetudinibus,
726 939 1025 979 reformationibus,
1063 939 1185 978 usibus,

436 993 661 1026 stabilimentis
685 999 713 1026 et
741 993 877 1032 naturis;
899 993 1076 1037 privilegiis
1104 1004 1186 1036 quo-

435 1058 511 1092 que,
536 1047 667 1080 indultis
688 1053 718 1079 et
742 1047 856 1080 litteris
876 1047 1070 1091 apostolicis,
1091 1046 1186 1079 etiam

437 1101 499 1134 illis
516 1112 694 1145 earumque
719 1101 842 1144 legatis,
859 1101 1053 1144 vicelegatis,
1072 1102 1188 1144 guber-

437 1155 614 1195 natoribus,
626 1155 847 1199 potestatibus,
859 1154 1032 1194 iudicibus,
1045 1154 1187 1194 notariis,

438 1209 738 1249 eomnumitatibus,
762 1208 1024 1242 universitatibus
1053 1208 1188 1252 aliisque

437 1263 661 1308 superioribus
681 1269 709 1296 et
724 1263 882 1307 personis,
901 1263 961 1295 sub
980 1263 1188 1306 quibuscum-

438 1328 501 1361 que
522 1317 687 1349 tenoribus
699 1322 726 1349 et
744 1317 868 1357 formis,
885 1327 922 1349 ac
933 1327 1006 1349 cum
1022 1316 1188 1360 quibusvis

438 1371 591 1403 clausulis
624 1377 651 1403 et
686 1371 836 1410 decretis,
877 1370 972 1403 etiam
998 1377 1085 1403 motu
1105 1369 1186 1414 pari,

439 1425 534 1457 etiam
553 1424 819 1457 consistorialiter
843 1435 880 1457 ac
905 1424 983 1456 alias
1008 1424 1040 1455 in
1061 1428 1188 1456 contra-

440 1478 523 1511 rium
544 1478 787 1522 quomodolibet
802 1477 994 1510 facientibus
1015 1476 1186 1516 concessis,

439 1532 637 1565 confirmatis
657 1537 687 1564 et
708 1530 875 1564 innovatis.
898 1530 1020 1569 Quibus
1040 1530 1190 1563 omnibus

439 1591 469 1618 et
506 1585 654 1627 singulis,
677 1584 815 1624 etiamsi,
843 1595 901 1628 pro
935 1583 1065 1616 illorum
1100 1584 1189 1616 sulli-

440 1639 536 1672 cienti
558 1638 778 1681 derogatione,
805 1638 843 1670 de
864 1637 927 1670 illis
941 1647 1122 1680 eorumque
1143 1643 1190 1670 to-

441 1692 479 1725 tis
500 1693 665 1725 tenoribus
686 1691 846 1735 specialis,
865 1691 1025 1735 specifica,
1042 1701 1191 1734 expressa

441 1752 471 1779 et
500 1746 684 1786 individua,
712 1755 776 1778 non
806 1750 914 1778 autem
941 1755 999 1788 per
1031 1745 1192 1777 clausulas

440 1799 608 1843 generales
628 1799 711 1832 idem
734 1799 959 1842 importantes,
982 1798 1103 1831 mentio
1136 1809 1191 1831 seu

440 1854 570 1897 quaevis
599 1853 661 1886 alia
689 1852 851 1896 expressio
876 1852 1035 1892 habenda,
1059 1857 1113 1884 aut
1133 1852 1192 1884 ali-

440 1919 503 1953 qua
523 1907 584 1940 alia
606 1906 764 1951 exquisita
786 1906 888 1938 forma
909 1905 947 1938 ad
966 1906 1027 1938 boc
1039 1906 1192 1939 servanda

441 1962 533 2001 foret,
557 1960 688 1993 illorum
710 1960 856 1992 omnium
878 1965 908 1992 et
928 1959 1128 2002 singulorum
1150 1964 1194 1992 te-

442 2026 536 2047 nores
552 2014 777 2058 praesentibus
790 2025 847 2057 pro
859 2013 1058 2046 sufficienter
1069 2005 1194 2056 expres-

443 2069 483 2101 sis
511 2069 597 2102 aede
615 2069 712 2102 verbo
733 2067 914 2100 adverbum
935 2066 1062 2100 insertis
1075 2066 1195 2099 liaben-

445 2129 500 2163 tes,
520 2122 669 2155 illisalias
696 2121 726 2154 in
747 2132 806 2154 suo
827 2121 943 2153 robore
962 2120 1193 2164 permansuris,

444 2177 503 2209 hac
524 2176 591 2209 vice
613 2176 790 2213 dumtaxat,
813 2175 928 2207 barum
954 2173 1048 2214 serie,
1071 2173 1194 2217 specia-

445 2230 518 2262 liter
531 2235 561 2262 et
577 2239 736 2273 expresse,
752 2235 840 2261 motu
862 2228 971 2268 simili,
987 2228 1193 2271 derogamus,

445 2283 625 2326 ceterisque
646 2282 817 2316 contrariis
840 2282 1112 2325 quibuscumque.
1135 2282 1196 2313 Aut

446 2337 471 2369 si
496 2336 671 2380 aliquibus,
698 2336 917 2369 communiter
939 2335 987 2368 vel
1001 2334 1138 2373 divisim,
1157 2334 1196 2366 ab

447 2389 630 2433 Apostolica
650 2389 692 2422 sit
711 2389 791 2423 Sede
813 2389 976 2421 indultum
997 2389 1084 2432 quod
1100 2388 1197 2421 inter-

447 2439 524 2479 dici,
558 2439 712 2483 suspendi
750 2439 797 2471 vel
833 2438 1107 2471 excommunicari
1132 2448 1196 2470 non

449 2489 571 2533 possint
596 2499 654 2531 per
684 2488 805 2521 litteras
842 2488 1033 2531 apostolicas
1058 2497 1123 2520 non
1151 2488 1196 2519 111-

448 2538 569 2571 cientes
591 2538 719 2581 plenam
740 2543 770 2570 et
796 2547 977 2581 expressam
995 2548 1031 2569 ac
1050 2537 1090 2569 de
1101 2536 1198 2569 verbo

449 2588 488 2621 ad
512 2587 644 2621 verbum
671 2587 710 2621 de
745 2587 870 2620 indulto
894 2585 1081 2619 huiusmodi
1107 2596 1197 2619 men-

448 2643 580 2673 tionem.

1034 244 1213 268 BULLAmUM
1237 244 1387 268 ROMANUM

1268 296 1282 339 ᾗ
1303 295 1355 329 11.
1379 296 1532 328 Volumus
1553 301 1660 329 autem
1676 297 1763 339 quod
1784 297 1970 330 earumdem

1224 349 1441 393 praesentium
1462 349 1684 393 transumptis,
1707 354 1763 382 etc.

1268 402 1353 435 Nulli
1374 413 1462 445 ergo,
1485 407 1542 435 etc.

1270 457 1382 489 Datum
1411 457 1530 489 Romae
1550 457 1635 501 apud
1661 457 1691 490 S.
1719 458 1863 497 Petrum,
1890 469 1974 491 anno

1225 509 1456 543 lncarnationis
1475 510 1657 544 dominicae
1683 509 1854 543 millesimo
1878 510 1974 554 quin—

1225 563 1403 605 gentesimo
1437 564 1659 606 octuagesimo
1701 569 1813 597 octavo
1830 590 1837 603 ,
1872 563 1976 607 pridie

1226 617 1378 649 kalendas
1412 615 1606 657 novembris,
1628 617 1833 661 pontificatus
1875 618 1974 651 nostri

1227 681 1310 703 anno
1331 681 1371 704 iv.

1274 729 1336 758 Dat.
1355 729 1401 759 die
1417 730 1450 760 31
1473 734 1529 760 oct.
1551 730 1638 768 1588,
1660 730 1763 769 pontif.
1785 740 1862 760 anno
1883 739 1921 760 iv.

1229 944 1315 976 Proh
1322 944 1414 976 ibe'tio
1429 943 1613 986 conserendi
1622 943 1834 976 canonicatus
1843 947 1871 975 et
1882 954 1977 986 prae-

1273 998 1391 1030 bendas
1416 1009 1452 1030 ac
1471 998 1648 1041 cliqm‘tates
1668 997 1814 1030 ecclesiae
1840 996 1979 1028 Valenti-

1273 1063 1334 1084 nae
1352 1052 1472 1094 spuriis
1492 1055 1548 1084 aut
1570 1051 1733 1094 e'lliyc'time
1749 1050 1849 1089 uatis,
1866 1059 1979 1092 quam-

1276 1106 1321 1139 vis
1342 1106 1533 1148 quilimatis
1558 1109 1587 1138 ec
1607 1104 1772 1137 natalibus
1805 1103 1976 1136 restitutis.

1274 1195 1370 1224 sutus
1382 1196 1451 1231 Papa
1461 1196 1490 1231 V,
1504 1196 1538 1224 ad
1557 1194 1685 1223 futuram
1706 1194 1747 1223 rei
1766 1193 1936 1222 memoriam.

1274 1273 1353 1305 Cum
1370 1272 1516 1305 coelestis
1530 1271 1585 1304 llle
1601 1270 1741 1314 agricola
1751 1270 1878 1303 vineam
1890 1281 1979 1303 suam

1231 1332 1259 1359 et
1285 1337 1398 1368 agrum
1420 1325 1513 1358 nobis
1537 1324 1787 1358 custodiendum
1809 1324 1982 1357 commise-

1232 1381 1283 1420 rit,
1306 1386 1338 1412 ut
1362 1391 1398 1412 ex
1420 1379 1481 1412 illis
1502 1386 1647 1423 tempore
1667 1389 1726 1411 suo
1744 1379 1886 1411 fructum
1907 1378 1983 1411 affe-

1232 1445 1353 1473 ramus,
1387 1434 1530 1477 profecto
1550 1443 1620 1473 nos,
1643 1443 1683 1465 ne
1715 1432 1747 1465 in
1773 1443 1809 1465 ea
1833 1432 1982 1476 palmites

1232 1488 1310 1520 t'atui
1331 1494 1361 1520 et
1386 1486 1576 1519 infructuosi
1601 1485 1819 1527 luxurientur,
1853 1496 1930 1518 neve
1951 1485 1983 1517 in

1233 1542 1419 1576 illoberbae
1437 1540 1567 1573 inutiles
1583 1545 1611 1573 et
1624 1540 1736 1583 spinae
1755 1550 1839 1582 quae
1859 1549 1984 1572 semen—

1234 1604 1297 1630 tem
1321 1596 1481 1629 suffocant
1506 1593 1746 1638 patrisfamilias
1766 1593 1985 1626 internascan-

1233 1658 1295 1691 tur,
1317 1649 1405 1683 omni
1435 1648 1540 1682 studio
1570 1658 1685 1681 curare
1705 1647 1870 1680 debemus.
1894 1646 1985 1686 Quod

1233 1706 1327 1750 plane
1353 1714 1557 1748 peragemus,
1580 1701 1686 1734 divino
1707 1702 1831 1734 favente
1850 1700 1982 1741 auxilio,

1234 1759 1258 1792 si
1275 1759 1306 1791 in
1342 1753 1485 1791 ecclesiis
1511 1756 1704 1799 quibusdam
1731 1752 1987 1797 metropolitanis

1236 1811 1439 1854 insignibus,
1472 1815 1636 1853 tamquam
1672 1809 1703 1841 in
1727 1818 1804 1851 agro
1830 1807 1986 1850 frugifero

1234 1867 1316 1899 bene
1342 1866 1442 1905 culto,
1474 1876 1514 1897 ue
1551 1863 1703 1896 inimicus
1727 1863 1826 1895 1101110
1854 1861 1986 1894 noxium

1236 1920 1457 1953 interseminet
1478 1918 1600 1956 lolium,
1618 1916 1747 1960 spurios
1762 1915 1886 1949 scilicet
1900 1920 1931 1948 et
1951 1925 1987 1947 ex

1237 1974 1404 2017 illegitimo
1418 1984 1454 2006 ac
1476 1973 1626 2005 damnato
1642 1971 1731 2004 coitu
1750 1975 1842 2003 natos
1861 1969 1988 2012 (secun-

1236 2029 1313 2061 dum
1335 2028 1437 2070 legem
1464 2026 1576 2070 Moysis
1594 2024 1719 2068 ingredi
1736 2023 1912 2056 Ecclesiam
1929 2022 1988 2056 Do-

1237 2082 1316 2115 mini
1346 2092 1447 2125 usque
1479 2080 1518 2113 ad
1549 2079 1709 2112 decimam
1744 2076 1986 2121 generationem

1237 2136 1443 2181 prohibitos),
1474 2146 1491 2167 a
1516 2132 1759 2166 canonicatibus
1779 2137 1810 2164 et
1829 2130 1988 2174 praeben-

1237 2192 1285 2224 dis
1314 2202 1351 2222 ac
1376 2187 1586 2232 dignitatibus
1613 2191 1772 2225 arcentes,
1806 2183 1988 2227 invigilabi-

1239 2255 1321 2283 mus,
1345 2243 1441 2286 idque
1462 2240 1652 2286 praesertim
1671 2240 1704 2272 in
1724 2238 1860 2272 ecclesia
1874 2237 1988 2271 Valen-

1239 2298 1316 2336 tina,
1340 2306 1435 2339 quam
1458 2305 1516 2328 nos
1543 2304 1627 2328 novo
1656 2294 1815 2327 lectorum
1836 2290 1989 2324 scientiae

1278 2375 1285 2400 1
1305 2372 1394 2400 Aliam
1414 2370 1633 2406 prohibitionem
1649 2369 1814 2397 admittendi
1835 2368 1870 2396 ad
1883 2368 1990 2396 beneti-

1239 2418 1281 2445 cia
1296 2417 1375 2452 regni
1390 2415 1531 2444 Valentiae
1557 2415 1729 2450 alienigenas
1747 2420 1902 2449 regnorum
1928 2413 1990 2440 His-

1239 2462 1338 2497 paniae
1355 2461 1440 2489 edidit
1460 2461 1504 2488 hic
1529 2460 1602 2488 idem
1618 2459 1748 2487 Pontifex
1771 2459 1799 2486 in
1820 2465 1882 2485 eon.
1906 2464 1988 2491 xfflx,

1240 2509 1270 2535 Iu
1295 2508 1481 2539 Sacrosam-to,
1499 2505 1584 2532 huius
1602 2504 1679 2538 tomi,
1700 2511 1767 2538 pag.
1783 2503 1844 2531 90⁵2.
1857 2502 1891 2530 Et
1909 2505 1988 2529 antea

1241 2553 1274 2580 de
1290 2552 1374 2580 studii
1389 2550 1529 2586 generalis
1549 2549 1687 2577 Valentin.
1712 2548 1850 2583 regimine
1869 2547 1990 2581 disposi-

1241 2598 1347 2625 tionem
1363 2597 1467 2624 feeerat
1482 2595 1510 2622 in
1525 2598 1614 2622 const.
1636 2600 1704 2627 xvu,
1724 2593 1861 2628 Copiosus,
1886 2591 1990 2619 ibidem

1241 2650 1303 2677 pag.
1321 2641 1383 2670 609.

1988 242 2039 269 An.
2057 242 2086 270 C.
2105 242 2171 270 1588

2036 303 2096 324 Fides
2112 306 2171 324 tran-

1989 339 2125 364 sumptorum.

2015 394 2099 415 Sanctio
2109 399 2165 421 poe-

1990 426 2049 447 natis.

2023 1272 2103 1293 (Ζευς-’10
2119 1273 2180 1292 hunius

1996 1304 2165 1324 constitutionis.
