2226 3070
102 287 154 315 An.
170 287 199 315 C.
218 286 286 314 1587

161 565 285 592 Apostotico

100 597 179 617 nuncio
196 602 222 617 ea
245 595 285 617 sa—

100 627 176 647 cienda
190 629 285 648 commi-

101 661 165 683 serat,
179 664 233 685 quae
249 658 285 679 ΤΘ-

101 689 183 709 tulensi
199 688 287 710 etcae-

114 723 272 744 saruugustanae

101 753 204 774 tet-etesiis
220 753 285 778 magis

100 784 218 804 convenire
230 784 285 804 iudi-

100 817 164 836 caret..

127 2383 221 2403 Nunnius
240 2387 289 2409 apo·

101 2414 191 2434 stoticus
223 2413 287 2434 Caro-

101 2444 143 2464 lum
154 2443 229 2464 Munuz
241 2443 288 2464 sub-

102 2475 221 2500 delegavit.

967 287 1071 311 SIXTL'S
1096 288 1113 310 V
1133 286 1181 310 PP.

1750 277 1814 311 289

303 344 374 373 ctae
394 339 551 373 ecclcsiae
563 338 747 373 Tcrulensis
764 351 801 372 ac
821 340 1055 373 nonnullorum
1103 339 1276 377 dioecesis,
1301 338 1562 371 commissarium
1586 349 1679 371 suum
1703 339 1740 371 ad
1764 350 1858 382 prae-

303 393 448 427 locorum
470 404 528 427 seu
549 393 746 438 oppidorum
766 393 923 427 ordinarii
942 393 1056 426 Caesa-

303 447 491 490 raugustam
511 447 681 491 temporali
700 453 730 480 et
746 447 910 491 spirituali
931 447 1057 480 iurisdi-

302 501 400 534 ctioni
422 501 647 535 subiectorum
677 501 915 545 possessionem
942 512 1058 545 apprc—

302 554 468 589 henderat.
491 556 579 589 Idem
592 556 833 599 praedecessor,
855 555 1054 596 existimans,

302 615 438 653 propter
463 610 612 643 locorum
638 609 836 649 distantiam,
866 609 960 641 facile
991 619 1057 642 esse

302 673 395 706 posse
415 668 452 696 ut
469 673 505 695 ex
526 661 687 695 fructibus
709 667 741 694 et
756 661 827 694 aliis
845 661 1059 695 dismembra-

302 717 342 750 tis
362 722 393 749 et
417 715 586 760 applicatis
606 715 713 758 aliqua
747 715 825 758 ipsis
855 715 998 747 ecclesiis
1028 721 1055 747 et

301 769 395 810 loeis,
417 780 435 802 a
450 769 571 812 quibus
600 774 748 812 separata
763 774 794 801 et
815 769 935 812 quibus
956 769 1059 811 appli-

302 829 373 856 cata
393 829 495 860 erant,
520 822 627 855 minus
657 822 869 865 congruentia
895 828 922 853 et
952 822 1056 857 utilia,

301 886 357 909 seu
376 876 486 920 aliqua
502 881 617 915 castra,
642 876 724 915 loca,
744 875 835 908 villas
862 886 916 908 seu
938 874 1059 918 oppida

301 935 358 962 aut
376 929 493 962 domus
520 930 567 961 vel
598 928 765 962 territoria
800 928 908 961 minus
942 938 1058 961 conve-

301 983 425 1016 nientia
438 983 613 1027 applicata,
636 988 689 1015 aut
708 982 851 1015 confinia
872 981 1058 1014 dioecesum

300 1046 367 1070 non
384 1037 468 1069 bene
481 1035 632 1069 distincta
652 1042 770 1075 essens,
788 1035 989 1078 cupiensque
1006 1045 1059 1067 ne-

301 1089 425 1132 gotium
447 1089 522 1129 hoc,
541 1099 605 1132 quo
630 1088 877 1121 convenientius
898 1088 968 1121 fieri
987 1098 1060 1131 pos-

302 1148 360 1182 set,
385 1143 512 1186 perfici,
540 1142 716 1175 venerabili
743 1142 834 1175 fratri
855 1142 1008 1185 Philippo
1029 1153 1060 1174 e-

302 1196 437 1241 piscopo
452 1196 652 1235 Placentino,
674 1195 858 1240 provinciae
876 1196 1060 1229 Bononien-

302 1251 357 1290 sis,
380 1261 439 1284 suo
460 1256 537 1283 tunc
558 1256 589 1283 et
608 1250 813 1294 Apostolicae
839 1250 931 1283 Sedis
953 1250 985 1283 in
1006 1251 1060 1283 IIi-

302 1305 490 1349 spaniarum
509 1304 617 1348 regnis
637 1304 773 1343 nuncio,
797 1314 856 1347 per
880 1304 959 1337 alias
986 1315 1059 1337 suas

302 1358 335 1391 in
356 1359 461 1391 forma
476 1358 582 1391 brevis
599 1358 723 1391 litteras
743 1358 833 1391 dedit
849 1358 881 1390 in
898 1358 1059 1391 mandatis

301 1418 476 1455 quatenus,
499 1412 643 1445 eiusdem
666 1412 925 1455 praedecessoris
944 1418 1058 1445 aucto-

302 1465 413 1506 ritate,
436 1476 495 1510 per
523 1476 556 1499 se
590 1466 638 1497 vel
673 1465 774 1498 alium
799 1465 871 1498 loca
891 1465 1059 1508 praedicta

305 1519 471 1559 inviseret,
491 1525 523 1552 et
546 1519 571 1552 si
599 1519 788 1562 aliquorum
819 1519 1057 1562 separationem

304 1572 412 1605 minus
443 1582 587 1615 congrue
619 1574 735 1605 factam
762 1572 860 1605 fuisse
885 1572 1055 1616 reperiret.

304 1636 373 1659 eam
396 1631 576 1665 revocaret,
600 1631 630 1659 et
660 1626 731 1658 loca
765 1626 953 1659 huiusmodi
983 1637 1058 1659 cum

303 1689 415 1713 eorum
450 1679 609 1713 reditibus
648 1679 686 1712 de
717 1690 812 1718 novo,
843 1685 939 1722 prout
957 1679 1060 1723 appli-

303 1734 405 1766 canda
423 1739 542 1774 essent,
563 1733 759 1777 applicaret:
779 1739 810 1766 et
827 1734 850 1766 si
872 1733 933 1765 alia
950 1734 1020 1766 loca
1042 1744 1058 1765 a

303 1787 507 1820 dioecesibus
532 1787 709 1831 praedictis
733 1787 779 1820 vel
811 1787 912 1820 altera
945 1797 1056 1820 earum

302 1851 363 1884 pro
384 1841 597 1875 ecclesiarum
620 1841 846 1875 convenientia
871 1841 977 1874 adhue
1012 1852 1059 1874 se-

301 1894 445 1938 paranda
463 1901 622 1935 censeret,
642 1901 817 1938 separaret,
838 1900 868 1927 et
882 1900 982 1938 prout
995 1905 1060 1927 ma-

301 1948 350 1990 gis
358 1948 533 1981 convenire
546 1954 768 1991 cognosceret,
779 1948 971 1992 applicaret.
981 1948 1059 1981 Nec-

300 2011 377 2039 non,
408 2001 433 2034 si
460 2002 659 2035 sufficienter
683 2002 848 2046 provisum
880 2012 946 2035 non
977 2008 1056 2035 esset

300 2065 361 2099 pro
396 2055 629 2099 supportandis
667 2056 822 2089 oneribus
865 2055 1057 2099 dignitatum

301 2119 551 2152 suppressarum
573 2109 830 2153 praedictarum,
852 2109 986 2142 arbitrio
1000 2120 1058 2142 suo

302 2162 497 2204 provideret,
521 2173 557 2195 ac
578 2163 785 2196 dioecesibus
806 2163 981 2206 praedictis
998 2168 1060 2195 ter-

302 2215 409 2249 minos
430 2221 600 2256 statueret,
623 2216 751 2259 aliaque
777 2216 915 2249 arbitrio
937 2227 994 2249 suo
1016 2218 1059 2249 sa-

303 2273 390 2302 ceret
414 2274 445 2302 et
466 2275 694 2312 exequeretur,
718 2280 800 2312 quae
817 2269 1002 2302 necessaria
1015 2270 1060 2302 so-

302 2328 387 2363 rent,
411 2323 500 2356 utin
526 2323 646 2356 eisdem
677 2323 710 2356 in
736 2324 839 2355 forma
866 2323 969 2356 brevis
991 2324 1059 2366 ple-

303 2376 376 2409 nius
386 2376 587 2410 continetur.
605 2376 750 2415 Quorum
767 2376 971 2418 vigoreidem
988 2377 1060 2409 Plii-

303 2428 414 2474 lippus
429 2429 581 2469 nuneius,
606 2440 670 2463 non
691 2429 799 2462 valens
816 2440 833 2461 a
845 2429 935 2462 curia
956 2430 1056 2472 regia,

304 2479 336 2511 in
357 2489 421 2522 qua
442 2478 593 2522 pluribus
609 2478 720 2512 arduis
741 2478 950 2521 praepeditus
962 2489 1060 2521 nego-

305 2528 357 2561 tiis
377 2528 601 2567 detinebatur,
625 2529 746 2567 abesse,
775 2528 928 2560 dilectum
957 2528 1058 2560 tilium

304 2577 456 2611 Carolum
472 2577 598 2616 Muiloz,
621 2577 814 2610 canonicum
834 2577 990 2609 ecclcsiae
1011 2577 1061 2609 Ti-

305 2626 502 2664 rasonensis‚
530 2636 567 2659 ac
595 2631 672 2658 tunt¹
696 2626 853 2659 vicarium
875 2626 1059 2668 generalem

305 2675 339 2708 in
379 2675 500 2719 oppido
539 2675 578 2709 de
616 2675 801 2715 Calataiud‚
838 2675 1062 2708 Tirasonensis

384 2724 450 2756 Ball
465 2723 544 2756 Rom.
566 2724 622 2755 Vol.
643 2723 695 2755 IX.
943 2724 980 2754 37

1102 393 1197 426 missa
1218 392 1395 436 deputavit.
1419 392 1564 435 Cumque
1597 393 1636 424 ab
1673 403 1709 425 eo
1735 393 1778 425 sic
1805 394 1858 425 de·
1902 408 2060 434 Quinti-iusque

1876 440 1984 459 dioecesi»
2008 439 2061 459 [int-s

1875 471 1992 490 romztituitv

1100 453 1227 490 putato,
1244 445 1382 489 receptis
1397 445 1537 488 desuper
1549 445 1759 486 diligentibus
1780 452 1807 478 et
1827 457 1858 479 e-

1100 500 1200 532 xartis
1231 499 1538 535 informationilms,
1577 510 1797 542 processuque
1827 506 1855 533 et

1101 555 1170 587 aliis
1183 555 1410 588 videntlisvisis
1426 567 1462 587 ac
1480 554 1654 597 diligenter
1671 554 1858 597 perspectis,

1102 608 1272 651 reperisset
1297 608 1403 650 aliqua
1427 608 1457 640 in
1488 607 1633 641 ecclesiis
1658 613 1685 641 et
1717 607 1808 647 locis,
1841 620 1857 639 a

1101 662 1221 705 quibus
1241 668 1389 705 separata
1405 667 1435 694 et.
1451 661 1570 704 quibus
1584 662 1745 706 applicata
1754 667 1857 700 erant,

1103 715 1209 747 minus
1226 716 1439 757 congruentia
1460 721 1490 747 ct
1508 715 1600 748 utilia
1612 716 1860 753 existereetali-

1102 780 1165 811 qua
1187 774 1301 808 castra,
1324 769 1414 801 villas
1434 781 1489 801 seu
1511 769 1581 802 loca
1609 775 1637 801 et
1669 769 1785 802 domus
1810 769 1858 801 vel

1104 822 1268 855 territoria
1295 822 1403 855 minus
1423 823 1655 855 convenienter
1681 822 1856 866 applicata,

1102 881 1158 908 aut
1179 876 1320 908 confinia
1342 876 1529 908 dioecesum
1558 886 1622 909 non
1641 876 1725 909 benc
1745 876 1858 909 distin-

1103 934 1151 961 cta
1174 939 1253 966 csse,
1285 929 1477 961 auctoritate
1499 929 1687 971 apostolica,
1721 928 1794 965 sibi,
1823 934 1857 962 ut

1104 982 1298 1025 praefertur,
1323 992 1487 1021 concessa,
1509 982 1682 1014 declaravit
1699 987 1729 1014 et
1748 982 1857 1015 statuit

1103 1035 1205 1079 ipsam
1227 1034 1388 1068 civitatem
1410 1035 1448 1068 de
1469 1035 1597 1074 Teruel,
1620 1046 1747 1068 necnon
1774 1035 1856 1075 loca,

1102 1088 1204 1125 villas,
1227 1088 1346 1131 oppida
1372 1099 1429 1121 seu
1452 1094 1553 1121 terras
1571 1087 1787 1132 infrascripta,
1815 1089 1860 1120 vi-

1102 1141 1217 1174 delicet
1250 1142 1347 1182 Cella,
1383 1141 1526 1181 Concud,
1556 1141 1709 1181 Gaudete,
1742 1141 1859 1175 Sancta

1103 1196 1237 1236 Eulalia,
1258 1196 1488 1235 Toiaetuoclia,
1514 1195 1788 1239 Villarquemado,
1818 1197 1858 1228 Α-

1103 1250 1186 1290 laba,
1214 1250 1314 1283 Torre
1335 1250 1364 1282 la
1385 1249 1506 1289 Carcel,
1531 1250 1781 1294 Gallelpardina,
1803 1250 1860 1283 Ce-

1102 1304 1375 1347 lalas,Campillo‚
1388 1304 1770 1343 1111113105,1111116001110,
1784 1304 1860 1337 Cor-

1101 1358 1204 1394 valan,
1242 1357 1431 1397 'l‘ortazada,
1454 1357 1604 1391 Villalava
1627 1357 1657 1390 la
1684 1357 1776 1398 baxa,
1809 1357 1860 1390 Vi-

1102 1411 1203 1452 siedo,
1227 1412 1377 1454 Argeum,
1401 1411 1533 1444 Buenna
1564 1423 1581 1455 y
1610 1412 1771 1454 Aug-aton,
1804 1412 1859 1445 Ca-

1102 1475 1248 1501 mannas,
1272 1465 1424 1505 Pierales‚
1448 1465 1544 1505 Rillo,
1569 1465 1632 1498 Son
1659 1465 1710 1498 del
1731 1472 1858 1508 puerto‚

1102 1519 1238 1551 Fuentes
1256 1519 1420 1559 callentes,
1433 1518 1583 1552 Cannada
1602 1518 1732 1559 hellida,
1751 1519 1858 1560 Galve,

1102 1572 1216 1613 Lidon,
1229 1572 1361 1605 Villalva
1381 1573 1411 1605 la
1431 1573 1506 1612 alta,
1527 1573 1746 1616 Escoriguela,
1764 1574 1859 1607 Pera-

1103 1627 1198 1666 lezos,
1223 1626 1343 1659 Cuevas
1364 1627 1393 1659 la
1417 1627 1545 1664 bradas,
1573 1627 1718 1665 Sarrion,
1743 1627 1859 1661 Alben-

1103 1685 1180 1716 tosa,
1205 1680 1282 1713 Sant
1311 1680 1483 1722 Augustin,
1506 1681 1673 1718 Avezuela,
1697 1681 1855 1718 Torrizas,

1101 1734 1213 1771 Cubla,
1241 1734 1430 1771 Aldehuela‚
1468 1734 1656 1769 Camaiena.
1684 1733 1857 1773 Castralvo‚

1102 1787 1262 1824 Ruvielos,
1291 1787 1441 1822 Fuentes.
1466 1787 1697 1829 Ilogueruelas,
1722 1788 1763 1820 La
1779 1789 1859 1822 Pue-

1102 1841 1164 1880 bla,
1183 1840 1348 1881 Castellar,
1384 1841 1555 1875 Formiche
1586 1842 1663 1879 alto,
1690 1841 1859 1876 Formiclie

1102 1894 1198 1937 bajo,
1235 1894 1348 1932 Gabra,
1380 1895 1587 1937 Montagudo,
1620 1895 1857 1939 lllosqucruela,

1102 1948 1229 1991 Allipuz
1264 1948 1385 1987 Gudar,
1420 1949 1658 1987 Valdelinares,
1692 1949 1856 1987 Cedrillas,

1102 2002 1196 2040 rovo,
1220 2002 1364 2037 Ababux,
1384 2002 1541 2044 Aguillar,
1567 2002 1768 2043 CamariHas,
1782 2002 1860 2036 Cue-

1102 2066 1155 2088 vas
1185 2055 1225 2088 de
1245 2056 1418 2094 Almuden,
1447 2056 1567 2089 (Iuevas
1589 2056 1640 2088 del
1662 2056 1774 2093 Rozin,
1798 2057 1858 2089 Ex—

1101 2119 1213 2152 arque,
1237 2108 1404 2152 lilesquita,
1428 2109 1608 2149 innoxos-22,
1637 2109 1786 2153 CainpOS,
1809 2110 1859 2144 Ci-

1102 2162 1520 2203 ruzeda,Alci-a,ssalb011a‚
1537 2163 1656 2201 Alcalz'r
1677 2163 1763 2201 Olva,
1782 2163 1857 2197 Cas-

1102 2221 1207 2251 cante,
1227 2215 1421 2253 Valadochc,
1441 2216 1627 2253 Alliambra,
1653 2216 1775 2253 Orrios,
1797 2217 1860 2250 Vil—

1104 2268 1156 2308 lcl,
1176 2268 1234 2301 1110
1255 2268 1295 2301 dc
1315 2268 1389 2307 Eva,
1415 2268 1574 2309 l'illertar,
1589 2269 1714 2311 Libros,
1734 2271 1858 2311 Manca-

1102 2332 1192 2362 nera,
1220 2321 1330 2359 vectii,
1355 2332 1535 2366 eorumque
1556 2323 1735 2361 districtus,
1765 2324 1859 2357 terri-

1103 2375 1184 2408 toria
1208 2381 1239 2408 et
1261 2375 1417 2409 terminos
1438 2376 1579 2421 episcopi
1594 2377 1789 2414 Tcrulensis,
1805 2378 1856 2410 cui

1103 2440 1138 2461 ea
1171 2429 1279 2462 omnia
1304 2440 1484 2473 corumque
1499 2430 1659 2467 ,eeclesias
1683 2442 1720 2464 ae
1744 2441 1856 2474 perso-

1103 2488 1159 2509 nas
1180 2488 1239 2520 pro
1261 2478 1348 2511 clero
1369 2483 1397 2510 ct
1420 2480 1544 2523 populo
1565 2479 1750 2523 assignavit.
1773 2480 1856 2512 ttae«-

1103 2537 1190 2565 γυνθ,
1213 2527 1360 2560 videlicet
1385 2528 1413 2560 el
1435 2528 1552 2561 Puerto
1569 2529 1607 2561 de.
1622 2529 1790 2572 Mingalvo,
1810 2529 1858 2561 Li-

1104 2586 1209 2615 uares,
1233 2577 1259 2607 el
1287 2577 1405 2620 Yispal,
1425 2577 1578 2610 Mirabctc
1605 2584 1633 2611 et
1662 2579 1800 2611 Exorcas
1826 2577 1856 2609 in

1103 2625 1328 2669 spiritualibus
1344 2632 1374 2659 et
1394 2628 1638 2670 temporalibus,
1663 2634 1691 2661 et
1715 2628 1753 2659 (le
1776 2627 1858 2660 Alia-

1103 2685 1152 2717 ςςα,
1174 2675 1360 2713 Fontanete,
1386 2676 1464 2709 villa
1485 2677 1570 2721 Roya
1593 2684 1619 2710 et
1645 2677 1802 2720 Petarque
1825 2677 1856 2709 in

1876 287 1927 315 An.
1945 288 1974 315 C.
1995 287 2061 316 ¹587
