2226 3070
190 284 240 311 An.
259 280 287 312 C.
306 284 374 312 1590

432 270 496 308 178

986 277 1165 302 BULLARIUM
1187 275 1338 299 ROMANUM

388 336 525 369 saeculis
545 334 635 378 quasi
665 335 809 367 desertos
840 339 871 366 et
905 330 1142 364 balticum-ttius
1187 328 1312 360 tandem
1330 327 1567 359 incrementum
1581 326 1755 369 acciperet,
1770 325 1809 358 ab
1824 326 1938 357 eodem

387 390 555 423 destitutos
563 399 630 422 esse
645 385 980 423 animadverteriinus3
990 383 1144 416 interiora

388 449 494 476 autem
516 443 610 476 Urbis
630 443 701 475 loca
721 438 971 484 quamplurimis
987 436 1143 469 aetlitlciis

389 498 516 537 referta,
550 496 591 529 ob
626 495 704 527 situs
733 493 882 535 aerisque
917 490 1142 523 humiditatem

390 550 498 583 minus
526 548 667 581 salubria
697 557 777 584 esse,
811 545 993 588 quinimmo
1024 543 1145 576 crebris

390 615 426 636 ac
445 604 637 646 plerumque
658 599 772 633 subitis
793 598 924 642 Tyberis
955 597 1060 637 ssuvii,
1090 598 1143 640 qui

390 656 527 689 assiduis
554 664 712 697 aquarum
741 652 901 687 imbribus
921 657 951 684 et
972 651 1070 684 maris
1099 661 1146 683 rc-

391 712 477 742 111100
512 708 656 751 augescit
695 706 961 739 mutulati0niluis
992 705 1001 727 ¹
1036 711 1146 748 patere

391 763 552 805 obruique
570 761 692 805 experti
711 760 880 800 fuerimus,
899 764 993 802 prout
1018 769 1146 791 summo

391 827 465 849 cum
498 815 597 848 animi
631 815 742 847 dolore
774 813 878 846 oeulis
904 812 998 845 etiam
1031 812 1147 844 uostris

390 869 565 912 aliquando
587 867 824 911 prospeximus:
847 866 895 898 bis
914 867 990 897 moti
1007 864 1147 907 10110111-

392 923 464 959 bus,
486 922 524 955 de
545 932 629 965 aqua
647 921 778 965 copiosa
805 924 835 952 et.
855 918 977 952 salubri
1011 918 1040 950 in
1064 918 1148 961 ipsos

392 976 492 1008 colles
505 981 535 1008 et
545 974 759 1008 eminentiora
772 973 863 1006 Urbis
884 973 954 1005 loca
967 972 1148 1005 inducenda

392 1029 489 1061 nullis
519 1028 766 1061 difficultatibus
796 1028 950 1070 nullaque
985 1026 1149 1069 impensae

396 1083 618 1123 magnitudine
639 1081 796 1121 deterriti,
812 1080 955 1123 cogitare
969 1080 1148 1123 coepimus·‚

395 1147 433 1169 eo
453 1136 607 1168 nimirum
623 1135 770 1174 00051110,
793 1140 838 1171 ut,
862 1134 1004 1166 fontibus
1020 1133 1149 1165 restitu-

398 1192 445 1228 tis,
471 1195 498 1222 et
527 1190 632 1232 aquis,
662 1199 745 1232 quae
771 1187 918 1232 publicas
945 1187 1150 1230 privatassptc

396 1243 549 1275 utilitates
564 1242 733 1275 bominum
755 1241 899 1274 societati
917 1240 1085 1284 praebent,
1104 1251 1151 1273 sa-

396 1296 645 1339 lulnitatentque
666 1295 859 1339 corporibus
879 1294 1029 1333 afferunt,
1052 1294 1150 1326 redu-

396 1349 466 1385 ctis,
486 1349 602 1382 iterum
624 1348 721 1381 iidem
734 1349 832 1382 colles
846 1347 1047 1387 habitentur,
1068 1347 1152 1390 ipso-

398 1414 537 1446 rumque
559 1402 708 1445 regiones
726 1429 732 1442 ‚
765 1412 849 1445 quae
870 1401 950 1434 situs
978 1406 1150 1444 prospectu

396 1457 480 1489 aeris
501 1456 691 1489 salubritate
710 1462 738 1488 et
761 1456 823 1488 loci
841 1455 1037 1488 amoenitate
1058 1466 1150 1498 prae-

396 1516 491 1549 stant,
511 1510 693 1553 frequentia
708 1509 834 1553 populi,
853 1509 920 1553 qui,
940 1509 1152 1542 benedicente

396 1558 542 1599 Domino,
566 1558 598 1591 in
620 1558 687 1591 dies
707 1559 906 1592 cumulatius
922 1564 1068 1601 augetur,
1086 1558 1152 1602 pri-

396 1608 499 1641 stinae
521 1608 716 1641 iucunditati
737 1614 834 1651 atque
862 1608 1025 1640 securitati
1059 1608 1152 1641 resti—

398 1663 519 1690 tuatur.
547 1657 615 1697 Qua
640 1668 716 1690 sane
736 1657 969 1690 deliljieratione
990 1663 1150 1701 suscepta,

398 1707 508 1749 longas
522 1708 667 1750 latasque
690 1707 810 1739 iamdiu
831 1718 889 1751 per
909 1707 1039 1740 eosdem
1056 1708 1154 1740 colles

398 1766 461 1788 vias
483 1766 597 1798 magna
632 1761 742 1788 nostra
774 1756 921 1800 impensa
950 1756 1151 1799 aperuimus,

399 1804 512 1837 domos
547 1809 579 1837 et
616 1804 763 1837 officinas
796 1805 915 1838 ibidem
956 1805 1154 1838 extruximus

400 1853 571 1896 extruique
585 1853 624 1885 ab
641 1853 711 1886 aliis
727 1854 874 1892 fecimus,
894 1854 1053 1887 nundinas
1065 1864 1154 1887 com-

401 1902 514 1935 mercii
554 1902 792 1945 bominumque
829 1908 1006 1936 conventus
1045 1914 1151 1943 causa,

401 1952 440 1984 ad
466 1962 673 1984 communem
696 1962 791 1984 usum
814 1952 1029 1992 instituimus,
1052 1954 1155 1986 sontes

400 2001 533 2044 publico
552 2000 623 2033 usui
645 2001 818 2034 servientes
835 2001 1047 2042 extruximus,
1068 2002 1155 2035 aedi-

401 2050 573 2082 ficantibus
612 2055 643 2082 et
677 2050 898 2083 babitantibus
936 2050 1156 2084 immunitates

400 2098 631 2141 privilegiaque
651 2099 812 2139 dedimus,
834 2106 1055 2133 sacrosanctas
1075 2101 1157 2133 basi-

402 2147 478 2179 licas
497 2147 528 2179 in
549 2147 669 2180 eisdem
692 2147 830 2181 collibus
858 2159 876 2181 a
907 2149 1156 2191 religiosissimis

401 2201 565 2243 quondam
587 2201 838 2243 imperatoribus
853 2202 989 2245 aliisque
1005 2202 1157 2245 piissimis

401 2249 477 2282 viris
510 2256 686 2290 extructas,
715 2251 946 2294 frequentioris
966 2252 1158 2285 visitationis

402 2298 447 2331 eis
462 2298 588 2331 debitae
611 2310 706 2332 causa
731 2299 996 2341 instauravimus,
1029 2306 1059 2334 et
1079 2301 1156 2334 obe.-

403 2347 500 2387 liscis,
523 2348 703 2381 illustribus
714 2348 922 2392 antiquorum
936 2350 1158 2382 monumentis

402 2396 591 2438 gentilitatis
618 2396 804 2439 impuritate
831 2398 977 2441 expiatis,
1002 2398 1157 2441 crucique

402 2445 538 2478 invictae
552 2445 678 2478 felicius
697 2447 905 2486 consecratis,
930 2447 969 2480 ad
990 2458 1101 2480 earum
1118 2448 1156 2480 li-

403 2494 490 2527 mina
499 2505 633 2538 operose
643 2495 880 2538 magnificeque
893 2497 1023 2529 translat
1032 2497 1056 2529 is
1064 2508 1151 2529 exor-

403 2554 561 2577 flavimus.

448 2592 513 2636 53.
547 2593 648 2636 Atque
679 2599 713 2625 ut
734 2593 813 2625 Urbs
846 2593 875 2625 in
913 2594 987 2637 ipsis
1021 2595 1157 2627 collibus

443 2670 451 2695 1
475 2668 599 2696 Cherub.
622 2668 854 2696 immutationibus
869 2674 907 2702 (11.
925 2670 974 2699 r).

1185 381 1392 425 pontificatus
1424 379 1525 413 nostri
1547 379 1660 418 initio,
1694 389 1797 422 aquae
1827 378 1934 417 illius,

1185 445 1268 477 quae
1299 434 1329 466 in
1357 444 1433 476 agro
1458 433 1634 466 Columnae
1657 432 1707 464 via
1733 432 1939 465 Praenestina

1186 488 1409 521 sinistrorsum
1424 488 1618 531 concipitur,
1632 497 1779 529 quaeque
1792 486 1937 518 omnium

1951 268 2004 296 An.
2021 268 2050 296 C.
2068 267 2136 296 1590

1979 330 2008 350 Ab
2026 336 2074 352 nni-n
2091 330 2137 355 1ςί-

1953 364 1985 382 101-
2000 361 2139 381 6011111ιηί00-

1953 392 2137 417 siuiu,a‹tMontein

1952 423 2083 451 Quirinalem
2092 421 2138 444 Ur-

1954 457 1985 476 bis
2028 455 2139 480 court-uit,

1954 492 2043 514 eamque
2081 485 2140 505 Fen-

1953 525 1999 539 00111
2016 520 2040 538 de
2053 517 2139 544 proprio

1188 542 1292 585 prima
1313 542 1351 574 ab
1378 541 1481 585 Appio
1502 540 1636 573 Claudio
1663 540 1774 573 Crasso
1805 549 1939 572 censore
1954 551 2140 574 ammomum-„tp-

1187 596 1263 628 olim
1297 595 1328 627 iu
1362 595 1457 627 Urbis
1489 594 1642 627 inferiora
1672 599 1700 626 et
1736 592 1941 635 depressiora

1188 650 1270 687 loca,
1293 660 1410 691 nempe
1435 649 1473 681 ad
1495 649 1624 686 salinas,
1648 647 1789 679 adducta
1810 651 1865 686 est,
1887 656 1941 678 su-

1190 702 1349 746 periorem
1366 709 1393 735 et
1411 702 1577 746 puriorem
1594 701 1778 744 portionem
1797 699 1941 743 complu—

1189 755 1277 788 ribus
1291 766 1449 798 aquarum
1472 754 1722 797 scaturigiuilnts
1735 754 1894 793 auximus,
1911 758 1942 785 et.

1190 809 1393 852 potissimum
1411 809 1522 852 Aquae
1537 808 1678 847 Martiae,
1701 818 1783 849 quae
1798 806 1872 848 quia
1887 817 1942 849 ge-

1190 863 1254 895 lida
1279 868 1305 894 et
1329 862 1481 901 salubris,
1509 861 1580 894 ideo
1611 861 1757 893 omnium
1783 871 1942 904 aquarum

1191 915 1423 948 iucundissima
1441 920 1471 947 et
1492 915 1578 958 apud
1592 920 1713 947 veteres
1733 913 1944 950 celeberrima

1191 970 1395 1009 (0050110101,
1410 980 1512 1008 ramo,
1527 980 1623 1012 quem
1639 979 1673 1001 ex
1690 967 1821 1011 proprio
1837 978 1945 1010 aqum-

1192 1023 1302 1061 duetu,
1340 1033 1456 1065 magua
1486 1027 1594 1059 tamen
1625 1032 1663 1054 ex
1690 1026 1781 1064 parte
1814 1021 1943 1060 diruto,

1192 1077 1447 1120 desumpsimus,
1469 1075 1632 1108 uberioris
1655 1085 1757 1118 aquae
1782 1074 1895 1118 copiae
1913 1074 1944 1106 10

1192 1130 1310 1163 Urbem
1347 1130 1556 1163 adducendae
1592 1140 1689 1162 eausa
1718 1127 1947 1161 coniunximus

1191 1185 1288 1227 (quae
1314 1183 1408 1216 simul
1444 1184 1574 1216 iunctae
1603 1182 1878 1226 septingentarum
1915 1187 1945 1214 et

1192 1237 1337 1280 plurium
1369 1237 1537 1270 unciarum
1559 1236 1770 1280 quantitatem
1809 1236 1944 1276 faciunt,

1193 1296 1224 1323 et
1256 1290 1478 1323 admirabilem
1521 1291 1628 1334 specie
1668 1289 1945 1334 pulchritudinem

1194 1345 1451 1388 immensamque
1462 1345 1580 1378 liaustu
1592 1344 1826 1377 iucunditatem
1842 1349 1948 1377 osten-

1176 1399 1286 1440 1001),
1305 1399 1402 1431 (10010
1418 1399 1548 1431 sinuoso
1572 1410 1587 1431 a
1605 1400 1708 1443 capite
1725 1397 1863 1430 millium
1879 1408 1948 1441 pas-

1195 1463 1289 1485 suum
1321 1452 1461 1485 duorum
1488 1458 1520 1485 et
1539 1452 1664 1494 viginti,
1688 1463 1704 1484 a
1730 1451 1832 1495 priori
1856 1462 1947 1485 rece-

1195 1506 1325 1549 ptaculo
1353 1506 1483 1549 viginti,
1502 1517 1599 1539 eursu
1619 1506 1832 1539 subterraneo
1854 1511 1947 1539 antea

1195 1559 1361 1598 tredecim,
1394 1565 1471 1593 tunc
1506 1570 1581 1592 vero
1608 1559 1762 1592 extructis
1794 1569 1900 1603 nuper
1930 1570 1947 1592 a

1195 1613 1413 1656 eapiteussptc
1425 1613 1463 1645 ad
1481 1613 1564 1645 idem
1581 1613 1823 1656 receptaculum
1837 1613 1949 1646 subtus

1196 1672 1313 1699 terram
1337 1666 1514 1699 fornicibus
1535 1666 1736 1709 quindecim,
1759 1677 1857 1710 supra
1887 1672 1949 1699 ter-

1196 1730 1264 1752 ram
1277 1730 1351 1752 vero
1365 1725 1497 1753 arcuato
1507 1731 1604 1763 opere
1614 1726 1735 1763 septem
1745 1747 1752 1760 ,
1765 1731 1949 1755 commeare

1196 1773 1343 1813 seeimus3
1367 1784 1503 1816 eamque
1524 1783 1582 1816 per
1611 1773 1790 1806 duosarcus
1806 1773 1950 1817 insignes

1198 1827 1229 1858 in
1256 1827 1368 1860 eodem
1397 1827 1604 1869 aquaeductu
1630 1827 1669 1859 ad
1686 1833 1880 1871 perpetuum
1902 1827 1948 1860 rei

1198 1886 1446 1913 monumentum
1468 1886 1609 1921 erectos,
1628 1881 1767 1914 alterum
1793 1880 1949 1914 nimirum

1197 1933 1323 1967 duobus
1347 1934 1386 1966 ab
1404 1934 1488 1967 Urbe
1514 1934 1721 1974 milliaribus,
1749 1934 1781 1966 in
1802 1935 1874 1967 loco
1894 1933 1950 1978 qui

1198 1987 1292 2029 vulgo
1313 1987 1356 2020 ad
1385 1987 1522 2020 Formas
1548 1987 1682 2028 dicitur,
1715 1988 1856 2020 alterum
1876 1998 1951 2021 vero

1201 2041 1284 2073 intra
1295 2041 1412 2073 Urbem
1424 2041 1462 2073 ad
1475 2046 1601 2085 portani
1614 2042 1645 2074 S.
1658 2041 1834 2082 Laurentii,
1845 2046 1950 2074 trans-

1199 2094 1246 2126 ire
1269 2094 1438 2133 iussimus;
1461 2101 1491 2127 et,
1508 2105 1636 2127 summa
1660 2095 1758 2128 totius
1771 2094 1866 2128 Urbis
1882 2095 1951 2128 lac-

1199 2148 1267 2180 11110
1293 2154 1390 2191 atque
1415 2148 1576 2181 hilaritate
1594 2148 1626 2180 in
1647 2149 1786 2182 Mentem
1803 2148 1952 2187 Quirina-

1200 2202 1261 2234 lem
1283 2202 1321 2234 ad
1343 2202 1481 2245 plateam
1505 2202 1536 2235 S.
1561 2202 1726 2235 Susannae
1747 2202 1877 2235 tandem
1898 2202 1953 2235 ad-

1199 2255 1362 2295 duximus,
1385 2261 1416 2288 et
1436 2255 1609 2288 adductam
1627 2256 1665 2289 de
1686 2255 1821 2300 proprio
1840 2261 1952 2289 nostro

1199 2309 1330 2342 11001100
1350 2309 1488 2342 Felicem
1515 2309 1760 2353 appellavimus.

1244 2363 1258 2405 ξ
1277 2363 1308 2395 4.
1336 2363 1370 2395 111
1391 2363 1495 2407 platea
1516 2368 1624 2396 autem
1649 2363 1681 2397 S.
1700 2363 1865 2398 Susannae
1880 2363 1951 2396 son-

1201 2421 1264 2448 tem
1288 2416 1480 2460 primarium
1502 2422 1643 2459 quatuor
1667 2416 1828 2450 columnis
1848 2421 1879 2449 et
1900 2422 1952 2449 trt-

1200 2465 1260 2498 bus
1284 2466 1426 2499 arcubus
1446 2466 1615 2510 splendide
1642 2471 1792 2499 ornatum
1813 2465 1953 2499 extruxi-

1200 2525 1288 2551 mus:
1306 2515 1336 2547 111
1354 2525 1451 2557 quem
1466 2515 1687 2558 aquaeductus
1709 2520 1774 2548 tres
1796 2525 1953 2558 perennes

1200 2563 1310 2595 latices
1330 2574 1388 2607 per
1404 2563 1534 2596 totidem
1561 2564 1659 2603 ostia,
1681 2565 1770 2607 larga
1794 2574 1952 2607 aquarum

1200 2612 1412 2645 defluentium
1434 2613 1526 2656 copia
1547 2624 1731 2657 souoroque
1746 2613 1895 2657 strepitu,
1911 2614 1954 2646 es-

1200 2662 1315 2695 11101111.
1347 2662 1452 2705 Super
1476 2662 1566 2696 ostiis
1585 2674 1660 2696 vero
1687 2662 1719 2696 111
1744 2673 1820 2696 arcu
1847 2662 1954 2696 medio

1955 581 2048 607 pellavit.

1995 2368 2086 2389 Fontem
2100 2373 2151 2394 pro⁴

1930 2416 1937 2422 .
1967 2404 2043 2428 pterea
2058 2401 2078 2420 in
2103 2399 2152 2426 plu-

1967 2434 2001 2452 ten
2009 2431 2028 2452 S.
2042 2430 2152 2451 susannae

1968 2466 2064 2484 ornatum
2097 2467 2152 2482 cou-

1967 2494 2051 2515 struxit.
