2226 3070
85 287 132 314 An.
153 285 172 312 C
198 285 262 312 1591

234 976 237 978 ’
281 986 367 1018 gere,
390 980 426 1008 ut
445 975 637 1019 praefertur,
662 974 748 1007 iuxta
767 984 880 1007 eorum
901 974 1021 1006 sormu-

97 1144 122 1164 Et
137 1144 190 1164 alios
206 1144 225 1164 in
235 1150 266 1164 re-

84 1171 182 1200 ligionem
215 1171 267 1192 reci-

85 1200 149 1224 ment.

109 1731 234 1756 statutaque
245 1730 272 1750 fa-

90 1767 138 1782 cem
153 1759 257 1785 poterunt.

880 284 1058 307 GREGORIUS
1074 284 1127 307 xw
1143 284 1193 307 PP.

281 333 516 366 ministratione
528 332 741 366 ecclesiastica
754 331 941 372 constituae,
951 343 1018 365 sae—

281 387 399 420 cularis
426 387 473 420 vel
501 386 638 420 cuiusvis
682 386 809 419 Ordinis
849 385 1014 428 regularis,

280 440 467 473 solemniter
484 439 641 484 profiteri,
662 445 691 473 et
717 445 780 473 tam
811 439 887 483 ipse,
922 449 1017 482 quam

279 493 333 526 alii
354 503 412 537 pro
435 499 578 537 tempore
602 493 769 526 existentes
793 492 956 536 praesceti,
988 497 1018 524 et

280 547 357 580 socii
380 547 522 580 eiusdem
535 546 803 589 congregationis,
816 546 874 578 sub
888 545 1018 578 nomine

281 606 311 633 et
337 600 575 644 nuncupatione
595 599 790 633 Clericorum
811 598 1017 641 Regularium

280 653 528 687 Ministrantium
557 653 707 693 Infirmis,
732 653 764 685 in
795 651 959 685 communi
989 657 1019 684 et

282 708 320 740 de
341 707 506 740 communi
528 706 676 746 viventes,
698 706 730 738 in
744 705 822 738 locis
835 705 894 738 sibi
913 706 1017 738 forsan

281 760 344 793 iam
365 760 522 793 concessis
534 760 581 793 vel
593 759 624 792 in
638 760 779 792 futurum
792 759 1015 798 concedendis,

280 815 338 847 sub
351 814 436 847 dicta
446 813 632 847 immediata
644 818 674 846 et
685 812 1019 857 specialiprotectione

282 868 314 900 in
335 879 435 901 unum
456 868 612 907 habitare,
636 872 667 900 et
686 877 722 900 ex
743 866 787 900 eis
809 866 891 899 inter
919 877 952 899 se
968 877 1020 899 su-

282 921 453 965 periorem,
468 921 665 965 praefectum
682 920 944 964 nuncupandum,
965 919 1021 952 eli-

282 1029 344 1062 lam
366 1028 562 1062 huiusmodi.

327 1083 342 1126 5
362 1082 414 1115 24.
438 1083 475 1116 Et
495 1092 716 1126 quoscumque
736 1081 815 1114 alios
843 1081 1021 1114 saeculares

283 1136 426 1177 clericos,
448 1136 557 1180 quavis
577 1135 731 1178 dignitate
759 1135 937 1177 fungentes,
965 1145 1021 1167 seu

283 1190 380 1223 laicos
398 1190 463 1234 qui,
486 1191 551 1223 Deo
573 1189 759 1233 inspirante,
776 1188 816 1221 ad
837 1187 1021 1221 huiusmodi

284 1243 484 1288 propositum
506 1254 543 1276 ac
560 1253 765 1276 communem
791 1241 916 1275 vivendi
946 1252 1018 1275 mo-

284 1299 360 1331 dum
394 1308 463 1331 sese
492 1297 637 1330 conferre
668 1302 699 1330 et
729 1296 932 1329 conformare
966 1306 1021 1328 vo-

283 1352 421 1392 luerint,
464 1350 618 1395 recipere,
651 1356 682 1383 et
716 1355 788 1394 post
818 1349 1023 1393 approbatio-

283 1416 368 1446 nem,
402 1405 488 1438 iuxta
519 1404 716 1448 praedictam
753 1414 865 1437 eorum
900 1404 1023 1436 sormu-

284 1460 346 1492 lam
360 1486 367 1498 ‚
409 1459 449 1491 ad
488 1457 673 1492 huiusmodi
709 1463 855 1490 votorum
902 1457 1024 1500 profes-

284 1513 419 1552 sionem,
442 1511 474 1545 in
495 1511 642 1544 manibus
655 1521 768 1545 eorum
781 1510 956 1555 superioris
968 1522 1023 1543 seu

285 1565 438 1611 praefecti
459 1565 679 1605 emittendam,
701 1570 730 1597 et
750 1565 790 1597 ad
819 1575 1022 1597 communem

288 1619 411 1653 vivendi
431 1619 563 1652 modum
578 1618 756 1651 admittere.

332 1673 420 1717 3⁹25.
453 1674 582 1707 Necnon
614 1673 696 1706 inter
725 1682 778 1705 eos
807 1682 1025 1716 quascumque

288 1727 530 1762 constitutiones
550 1727 770 1771 particulares,
795 1737 873 1769 quas
897 1726 937 1759 ad
964 1725 1024 1759 hu-

288 1781 426 1815 iusmodi
448 1780 705 1823 congregationis
725 1791 780 1813 seu
801 1779 965 1822 religionis
989 1780 1025 1813 fi-

287 1847 371 1876 nem,
396 1840 427 1868 et
446 1834 674 1878 omnipotentis
694 1833 748 1867 Dei
766 1833 901 1875 gloriam
919 1833 1026 1877 proxi-

286 1889 394 1932 mique
414 1888 583 1921 utilitatem
604 1888 786 1921 conformes
806 1898 874 1920 esse
894 1894 925 1921 et
950 1898 1026 1921 con-

286 1942 402 1975 ducere
423 1941 645 1981 iufficarerint,
670 1941 820 1981 condere,
844 1946 874 1973 et
894 1946 958 1973 tam
970 1941 1026 1975 ha-

286 2001 395 2029 ctenus
416 1995 513 2028 saetas
530 2006 626 2039 quam
644 1994 675 2026 in
689 2000 852 2038 posterum
866 1994 1026 2028 faciendas

286 2049 528 2084 constitutiones
549 2049 644 2093 ipsas,
678 2048 763 2081 iuxta
788 2054 970 2092 temporum
997 2055 1027 2082 et

287 2105 432 2138 locorum
451 2114 487 2136 ac
509 2114 616 2136 rerum
635 2102 820 2146 qualitatem
840 2108 870 2135 et
893 2102 1027 2135 varieta-

287 2164 350 2192 tem
369 2163 505 2197 mutare,
529 2157 665 2190 alterare
685 2168 740 2190 seu
767 2156 798 2189 in
829 2162 930 2190 totum
961 2168 1027 2190 cas-

286 2224 368 2254 sare,
392 2218 422 2246 et
441 2212 519 2246 alias
540 2212 579 2245 de
599 2222 681 2244 novo
702 2211 851 2251 condere,
876 2212 980 2244 facere
998 2216 1028 2244 et

288 2267 383 2300 edere
401 2265 525 2310 possint
545 2270 575 2298 et
594 2265 733 2304 valeant;
757 2275 838 2308 quae
858 2270 1026 2308 postquam

288 2326 427 2356 mutatae
446 2331 502 2353 seu
522 2320 561 2353 de
582 2329 663 2352 novo
681 2318 840 2358 conditae,
864 2318 967 2352 editae
991 2329 1027 2351 ac

287 2375 327 2408 ab
345 2374 437 2407 Urbis
458 2373 576 2407 vicario
597 2372 794 2406 examinatae
812 2376 842 2405 et
870 2371 1028 2415 approba-

289 2434 339 2462 tae
360 2427 487 2465 suerint,
512 2437 550 2460 eo
572 2426 641 2470 ipso
662 2426 747 2459 dicta
767 2425 942 2469 apostolica
970 2436 1027 2458 au-

289 2481 435 2515 ctoritate
460 2480 668 2514 confirmatae
699 2485 730 2512 et
754 2479 960 2523 approbatae,
992 2489 1028 2511 ac

290 2535 385 2569 etiam
398 2535 436 2568 de
457 2545 539 2568 novo
560 2544 729 2567 concessae
750 2533 859 2577 (etiam
879 2533 937 2566 sub
952 2543 1029 2576 qua-

290 2600 428 2633 cumque
449 2589 532 2629 data,
555 2599 613 2632 per
629 2587 827 2631 praefectum
842 2592 938 2619 etsen
950 2586 1028 2619 alios

290 2642 474 2687 superiores
487 2641 589 2675 dictae
602 2640 858 2684 congregationis
870 2639 1028 2682 eligenda)

290 2697 354 2730 sint
370 2702 401 2731 et
420 2707 488 2730 esse
508 2700 708 2736 censeantur,
730 2694 906 2729 dummodo
923 2699 1028 2728 tamen
1044 2722 1048 2734 ,

1051 331 1148 364 sacris
1168 330 1344 364 canonibus
1361 335 1391 363 et
1405 329 1536 363 Concilii
1547 329 1721 362 Tridentini
1733 331 1787 363 de-

1052 385 1144 418 cretis
1165 385 1328 429 ipsiusque
1344 383 1602 426 congregationis
1631 383 1786 426 regulari-

1051 439 1110 471 bus
1127 438 1276 472 institutis
1293 448 1357 471 non
1378 436 1625 476 contrarientur,
1649 448 1738 480 quas,
1754 442 1789 469 ut

1052 492 1242 535 praefertur,
1265 491 1333 524 sine
1353 501 1434 524 nova
1454 490 1686 534 approbatione
1699 489 1788 523 Sedis

1052 545 1252 589 Apostolicae
1272 545 1320 578 vel
1340 544 1445 588 primo
1465 543 1620 583 conditas,
1643 544 1690 576 vel
1719 555 1789 576 mu-

1054 604 1131 631 tatas
1150 609 1277 632 servare
1294 598 1326 630 in
1352 598 1501 632 omnibus
1522 602 1701 637 teneantur,
1733 607 1786 630 se-

1052 653 1193 685 cundum
1214 651 1348 685 instituti
1367 651 1534 685 rationem.

1097 705 1175 748 §32ss.
1189 706 1319 739 Necnon
1332 705 1427 738 etiam
1441 705 1545 738 eidem
1556 704 1688 738 Camillo
1700 709 1730 737 et
1739 715 1789 737 so-

1053 759 1108 792 ciis
1120 770 1155 792 ac
1168 770 1226 803 pro
1241 765 1384 802 tempore
1402 757 1608 792 existentibus
1625 758 1789 802 praesectis

1053 813 1256 855 generalibus
1274 813 1408 856 aliisque
1430 812 1578 845 omnibus
1599 817 1629 845 et
1658 811 1791 854 singulis

1054 866 1198 910 personis
1215 867 1318 899 dictae
1339 865 1606 908 congregationis,
1631 870 1666 899 ut
1685 864 1790 898 omni-

1054 921 1112 954 bus
1133 926 1163 953 et
1182 919 1315 962 singulis
1333 919 1598 963 quibuscumque,
1614 918 1708 952 etiam
1722 930 1792 963 spe-

1055 974 1126 1007 ciali
1147 979 1222 1008 nota
1242 973 1357 1015 dignis,
1379 972 1564 1017 privilegiis,
1584 973 1792 1017 exemptioni-

1055 1028 1124 1067 bus,
1149 1026 1416 1066 immunitatibus‚
1451 1025 1668 1068 indulgentiis,
1693 1027 1791 1059 sacul-

1055 1081 1183 1121 tatibus‚
1221 1080 1429 1120 libertatibus,
1458 1080 1712 1121 auctoritatibus,
1746 1080 1794 1113 in-

1056 1135 1163 1175 dultis,
1187 1134 1357 1174 favoribus,
1386 1133 1626 1178 praerogativis,
1661 1144 1793 1167 conces-

1055 1189 1199 1222 sionibus
1236 1194 1267 1221 et
1304 1188 1413 1231 gratiis
1450 1187 1637 1231 quorumvis
1650 1215 1657 1228 ,
1698 1187 1793 1220 etiam

1055 1242 1280 1283 Cisterciensis,
1295 1241 1508 1276 Cluniacensis
1525 1252 1561 1274 ac
1575 1241 1680 1275 Sancti
1697 1242 1795 1274 Bene-

1056 1295 1130 1329 dicti
1170 1295 1347 1335 monachis,
1380 1295 1505 1328 clericis
1534 1294 1735 1337 regularibus
1766 1301 1796 1328 et

1056 1349 1248 1394 presbyteris
1268 1348 1488 1391 collegialibus
1517 1347 1683 1382 Societatis
1711 1349 1791 1389 Iesu,

1057 1409 1085 1436 et
1107 1403 1269 1437 canonicis
1287 1401 1545 1445 congregationis
1561 1401 1792 1442 Lateranensis,

1057 1469 1093 1490 ac
1113 1457 1371 1501 quibuscumque
1390 1456 1459 1489 aliis
1489 1455 1613 1489 clericis
1642 1455 1797 1498 regulari-

1057 1511 1116 1544 bus
1134 1516 1165 1544 et
1184 1511 1321 1544 aliorum
1340 1516 1403 1543 tam
1429 1509 1677 1543 Mendicantium
1699 1520 1796 1553 quam

1058 1576 1121 1598 non
1139 1564 1387 1598 Mendicantium
1407 1563 1562 1597 Ordinum
1576 1568 1606 1597 et
1623 1573 1797 1606 congrega-

1059 1617 1181 1651 tionum
1204 1617 1354 1651 sratribus
1372 1623 1403 1650 et
1422 1616 1577 1660 personis,
1602 1622 1665 1650 tam
1683 1616 1715 1650 in
1735 1616 1798 1660 spi-

1059 1671 1227 1707 ritualibus
1247 1682 1343 1715 quani
1361 1671 1393 1704 in
1411 1670 1652 1715 temporalibus,
1676 1670 1707 1704 in
1727 1681 1798 1714 spe-

1059 1726 1106 1759 cie
1124 1726 1171 1758 vel
1192 1725 1223 1758 in
1242 1736 1369 1768 genere,
1393 1725 1488 1758 etiam
1516 1724 1794 1765 communicative,

1058 1789 1343 1823 perquoscumque
1354 1779 1516 1813 Romanos
1527 1777 1797 1822 Pontificesprae-

1059 1834 1241 1867 decessores
1260 1838 1386 1866 nostros
1412 1843 1448 1866 ae
1482 1832 1595 1865 Sedein
1626 1832 1798 1876 praefatam

1060 1886 1303 1931 quomodolibet
1322 1885 1492 1926 concessis,
1516 1896 1597 1929 quae
1617 1891 1724 1919 tamen
1736 1885 1800 1919 sint

1060 1941 1091 1974 in
1112 1952 1181 1981 usu,
1205 1951 1264 1974 nee
1283 1940 1340 1974 sub
1361 1939 1435 1973 ullis
1446 1939 1701 1973 revocationibus
1713 1950 1800 1973 com-

1059 1995 1247 2038 praehensa,
1271 2004 1394 2037 necque
1420 1993 1555 2026 decretis
1573 1993 1649 2027 dicti
1668 1993 1799 2027 Concilii

1060 2059 1119 2081 nec
1139 2048 1236 2092 ipsius
1257 2046 1515 2090 congregationis
1532 2047 1733 2089 regularibus
1753 2046 1800 2079 in-

1060 2101 1175 2135 stitutis
1197 2101 1370 2141 contraria,
1395 2107 1425 2134 et
1445 2100 1561 2144 quibus
1582 2100 1638 2140 illi,
1672 2105 1735 2133 tam
1768 2100 1799 2133 in

1060 2156 1123 2189 vita
1142 2166 1238 2199 quam
1257 2155 1288 2188 in
1310 2154 1422 2188 mortis
1442 2154 1589 2194 articulo,
1606 2153 1702 2188 etiam
1716 2154 1801 2188 circa

1060 2215 1266 2254 peccatorum
1295 2208 1497 2242 remissiones
1524 2213 1555 2241 et
1584 2207 1800 2241 iniunctarum

1061 2262 1331 2307 poenitentiarum
1367 2261 1576 2295 relaxationes
1591 2288 1598 2302 ,
1640 2267 1694 2295 aut
1723 2261 1800 2295 alias

1062 2316 1306 2360 quomodolibet
1321 2315 1379 2356 uti,
1400 2315 1507 2359 potiri,
1531 2315 1592 2348 srui
1613 2320 1644 2348 et
1661 2316 1800 2358 gaudere

1061 2375 1194 2415 possunt
1223 2375 1277 2403 aut
1304 2374 1457 2413 poterunt
1491 2369 1734 2413 quomodolibet
1768 2369 1800 2401 in

1062 2425 1205 2457 futurum
1218 2451 1225 2464 ,
1260 2423 1423 2467 perpetuis
1455 2423 1571 2456 suturis
1602 2423 1801 2467 temporibus

1062 2477 1118 2517 uti,
1142 2477 1250 2521 potiri,
1277 2476 1339 2510 srui
1370 2482 1400 2510 et
1433 2477 1584 2519 gaudere,
1607 2487 1643 2510 ac
1673 2476 1800 2510 illorum

1062 2531 1206 2565 omnium
1225 2530 1396 2575 participes
1413 2541 1479 2564 esse
1493 2530 1615 2574 possint
1625 2536 1655 2564 et
1666 2530 1803 2563 debeant

1063 2585 1280 2629 parit'ormiter
1300 2590 1331 2617 et
1359 2595 1460 2628 aeque
1479 2583 1707 2628 principaliter,
1732 2584 1801 2616 abs-

1063 2649 1125 2683 que
1142 2639 1207 2672 ulla
1226 2648 1357 2683 prorsus
1386 2637 1586 2677 differentia3
1609 2636 1742 2681 perinde
1765 2648 1802 2669 ac

1063 2692 1087 2727 si
1109 2692 1361 2737 congregationi,
1381 2691 1559 2738 praesectis,
1579 2690 1673 2725 sociis
1686 2701 1722 2724 ae
1730 2701 1802 2736 per-

1691 272 1756 305 483
1801 281 1849 308 An.
1866 281 1894 308 c.
1918 281 1980 308 159¹

1829 717 1988 743 Privilegiorum

1805 750 1921 764 concessio.
