2226 3070
136 258 189 286 An.
206 256 235 285 c.
254 256 321 285 1588
381 247 423 281 60

136 351 200 372 '⁰¹¹⁸'
337 366 445 405 partes
465 361 586 393 vot-atis
607 371 746 404 iptorum
765 359 908 392 interest,
936 362 963 388 et
987 355 1090 398 expri-

339 410 456 443 mendo
468 421 541 443 vcro
558 411 677 449 valore;
694 420 730 441 ac
742 407 842 440 felicis
856 403 1090 438 recordationis

339 458 493 491 Bonifacii
514 459 572 491 Pr.
599 458 673 495 vul,
694 453 952 501 praedecessoris
973 452 1088 493 nostri,

339 507 378 539 de
402 517 478 545 una,
509 512 539 539 et
560 505 689 538 concilii
715 502 875 546 generalis
900 501 938 534 de
965 501 1092 533 duabus

339 555 452 588 diaetis
480 555 617 598 aliisque
648 550 931 587 constitutionibus
956 555 988 582 ct
1008 549 1093 582 ordi-

340 603 526 637 nationibus
543 601 742 646 apostolieis3
756 598 929 643 privilegiis
949 609 1091 641 quoque,

340 652 483 691 indultis,
517 650 629 693 gratiis
667 654 698 681 et
736 648 851 681 litteris
889 647 1090 690 apostolicis,

340 706 405 734 tam
425 711 483 744 per
506 699 578 743 piae
608 696 784 730 memoriae
804 696 943 729 Leonem
968 695 1026 727 ΡΡ.
1054 695 1091 735 X,

340 760 437 793 quam
458 748 538 781 alios
562 755 786 790 quoscumque
806 745 968 778 Romanos
985 743 1093 776 Ponti-

342 799 417 831 fices
429 797 695 840 praedecessores
706 800 834 827 nostros
850 794 882 826 in
894 793 1094 825 contrarium

342 845 587 889 quomodolibet
610 843 784 883 concessis,
806 842 994 886 approbatis
1006 841 1096 874 etin-

342 895 476 927 novatis.
499 894 621 933 Quibus
641 892 791 925 omnibus
812 897 842 925 et
862 891 1008 933 singulis,
1027 890 1097 922 illo-

343 954 414 976 rum
437 942 584 975 omnium
615 947 755 980 tenores,
778 939 913 984 perinde
934 950 970 972 ac
1002 939 1026 971 si
1058 938 1096 970 de

342 991 440 1024 verbo
456 991 494 1024 ad
513 991 659 1029 verbum,
671 989 752 1022 nibil
768 988 895 1032 penitus
906 988 1036 1028 omisso,
1050 988 1098 1020 in-

344 1045 541 1079 sererentur,
558 1038 783 1083 praesentibus
795 1047 854 1080 pro
874 1037 1032 1080 expressis
1043 1037 1097 1069 ha-

342 1091 467 1129 bentes,
491 1089 674 1133 specialiter
686 1094 874 1130 etexpresse
887 1086 1094 1129 derogamus,

343 1139 515 1173 contrariis
535 1137 811 1181 quibuscumque.

387 1189 402 1232 g
426 1188 479 1221 (10.
507 1188 567 1220 Aut
588 1186 612 1218 si
634 1185 795 1229 aliquibus
812 1184 1030 1217 communiter
1050 1185 1097 1217 vel

343 1238 469 1271 divisim
495 1237 534 1270 ab
558 1235 743 1279 Apostolica
764 1234 801 1266 sit
829 1234 909 1266 Sede
935 1233 1097 1266 indultum

333 1282 431 1330 'quod
448 1285 609 1323 interdici,
627 1283 782 1327 suspendi
808 1283 855 1315 vel
878 1283 1099 1315 excommuni-

344 1335 410 1368 cari
431 1346 496 1368 non
522 1333 646 1377 possint
666 1343 723 1375 per
753 1332 879 1364 litteras
905 1332 1099 1375 apostoliens

344 1395 410 1417 non
430 1383 586 1417 facientes
606 1382 735 1425 plenam
757 1386 787 1413 et
799 1391 984 1424 expressam
1000 1381 1039 1413 de
1053 1381 1100 1414 in-

344 1434 435 1467 dulto
456 1431 645 1465 huiusmodi
667 1430 878 1463 mentionem.

389 1483 405 1526 ἓ
439 1481 491 1515 11.
527 1480 696 1520 Ceterum,
732 1479 808 1523 quia
837 1478 969 1512 difficile
998 1478 1098 1520 soret,

346 1536 404 1565 etc.

389 1580 504 1613 Datum
525 1578 646 1611 Romae
664 1577 750 1620 apud
779 1577 933 1610 Sanctum
955 1577 1099 1620 Petrum,

348 1633 406 1666 sub
439 1632 561 1664 annulo
590 1630 780 1669 piscatoris,
821 1630 873 1663 die
906 1640 939 1663 111
971 1631 1100 1664 decem-

347 1686 414 1719 bris
433 1694 628 1724 nntxxxvnl,
657 1683 867 1728 pontificatus
888 1685 988 1717 nostri
1017 1696 1102 1718 anno

348 1740 477 1779 quarto.

422 1788 485 1818 Dat.
503 1787 550 1817 die
567 1786 585 1817 3
598 1786 662 1816 dec.
681 1786 768 1822 1588,
786 1786 891 1826 pontis.
910 1796 987 1817 anno
1001 1796 1040 1817 tv.

187 1491 331 1518 Trnnsuniptis

148 1524 210 1545 fidem
226 1523 290 1544 addit.

633 1902 817 1936 CXXXVIII.

352 1979 442 2019 Quod
463 1979 611 2011 ecclcsiae
640 1977 843 2021 parochiales
871 1978 938 2010 sivo
961 1979 1105 2011 'm'caritic

392 2032 544 2071 perpetuo
563 2029 676 2060 unitae
692 2027 899 2059 monasteriis
933 2028 1104 2061 canonico-

391 2087 465 2108 rum
488 2077 689 2119 rcyulart‘am
709 2077 971 2119 commessationis
999 2078 1106 2109 sancti

395 2124 534 2157 Ioannis
559 2125 789 2168 Evanqetistae
819 2125 855 2156 in
884 2125 1106 2168 Portztyalte‘ae

397 2177 425 2205 et
436 2173 666 2216 Alyarbiorttm
679 2174 786 2217 reginis
799 2174 1021 2213 existentibus,
1041 2184 1106 2206 iton

392 2234 452 2266 per
471 2222 665 2256 Orcti'narios
690 2224 843 2263 locorum,
860 2223 914 2256 scit
931 2235 989 2268 per
1013 2234 1106 2267 supe-

397 2273 497 2305 riores
515 2273 655 2305 ciusdem
697 2274 955 2317 commessationis
996 2273 1105 2317 provi-

398 2321 519 2354 dendae
543 2322 609 2355 sint
634 2323 729 2355 iuxta
756 2324 1020 2356 constitutionem
1050 2322 1107 2355 Ρὶί

399 2371 518 2413 quinti.

400 2445 496 2474 sixtus
505 2446 576 2482 Papa
585 2446 613 2479 V.
624 2446 657 2474 ud
666 2447 828 2482 perpetuam
841 2447 883 2475 rei
893 2447 1062 2476 memoriam.

402 2522 445 2554 Ex
466 2522 612 2555 iniuncto
634 2522 727 2554 nobis
743 2521 883 2565 desuper
913 2522 1108 2567 apostolicae

183 2594 302 2617 uxoratum.
357 2571 520 2605 servitutis
535 2571 655 2611 officio,
678 2571 716 2603 ad
741 2581 790 2610 ea,
814 2582 897 2614 quae
922 2582 981 2615 pro
1003 2572 1108 2605 ecclc-

395 2644 404 2676 1
423 2642 466 2673 Ex
483 2641 596 2678 Regest.
614 2642 643 2670 in
659 2642 765 2670 Secret.
778 2641 859 2670 Brev.

913 252 1091 277 BULLARIUM
1111 250 1262 275 ROMANUM

1895 248 1948 276 An.
1966 248 1994 276 C.
2013 247 2083 277 1588

211 319 323 341 Contraria
338 323 420 356 opus
445 312 496 353 sit,
524 312 564 345 de
589 311 764 345 unionibus
788 307 1028 343 committendis
1049 307 1088 338 ad
1133 305 1346 345 siasticarum,
1369 304 1558 347 praesertim
1574 304 1785 346 regularium,
1808 315 1882 348 per-

1133 368 1286 391 sonarum
1317 357 1426 400 quiete
1456 362 1487 389 et
1508 357 1739 400 tranquillitate
1767 363 1884 390 statuta

1134 417 1160 444 et
1184 411 1346 444 declarata
1367 416 1439 443 sunt
1462 410 1609 449 fovenda,
1632 415 1663 443 et
1682 411 1884 454 quantumin

1135 464 1228 497 nolus
1259 469 1305 497 est
1336 463 1555 496 conservanda
1584 462 1723 495 libenter
1744 463 1884 496 intendi-

1135 529 1218 557 mus,
1242 524 1276 550 ut
1301 517 1447 550 omnium
1468 517 1697 560 quaerelarum
1723 521 1755 549 et
1779 516 1885 549 litium

1135 570 1362 604 occasionibus
1383 569 1561 613 imputatis,
1584 569 1720 602 liberius
1740 568 1885 602 Creatori

1136 630 1258 664 nostro,
1281 624 1370 657 iuxta
1390 622 1567 656 laudabilia
1591 633 1703 656 eorum
1728 621 1885 664 instituta,

1137 678 1347 711 famulentur.

1181 731 1196 773 ξ
1220 730 1250 762 Ἰ.
1278 730 1387 773 Nuper
1407 729 1566 772 siquidem
1598 739 1657 773 pro
1687 735 1778 773 parte
1807 728 1888 762 dile·
1930 742 2086 764 Deeratne-on-

1138 790 1265 817 ciorum
1286 783 1428 816 liliorum
1454 782 1613 825 generalis
1633 793 1690 815 seu
1716 782 1889 827 praepositi
1903 765 2089 825 {ffi'ff'm‘2122ffl'1122

1138 848 1174 870 ac
1195 842 1323 880 patrum
1345 835 1605 879 congregationis
1634 836 1665 869 S.
1694 836 1822 870 Ioannis
1848 836 1889 869 E-
1903 835 2093 893 ξζῑῐὲἓῇῗζζωζῗ

1138 890 1345 932 vangelistae,
1368 889 1406 921 ad
1426 888 1527 921 instar
1552 888 1783 922 canonicorum
1814 890 1891 923 San-
1904 897 1989 918 Ordinis
2005 902 2097 923 promo-

1140 942 1181 975 eu
1202 942 1329 985 Georgii
1351 942 1383 974 in
1402 942 1481 985 Aiga
1500 942 1720 982 Venenarum,
1735 943 1828 986 vulgo
1843 943 1891 975 di·
1905 927 2091 980 ξὲἰοξζζζίῗίἔῑ

1141 1001 1266 1029 ctorum
1282 996 1385 1035 Loios,
1406 995 1438 1028 in
1450 995 1665 1038 Portugalliae
1677 1000 1710 1028 et
1723 995 1892 1039 Algarbio-
1905 995 1945 1048 22⁵¹
1956 989 2092 1048 Ἓῃζζξξζζξζ

1141 1061 1212 1082 rum
1240 1050 1347 1092 regnis
1371 1049 1550 1093 apostolica
1574 1048 1768 1082 auctoritate
1799 1048 1950 1103 ἰηεῐί-ἑὲε.
1971 1053 2093 1104 *23:333

1140 1109 1239 1146 tutae,
1262 1103 1354 1136 nobis
1381 1102 1563 1146 expositum
1591 1102 1651 1135 suit
1677 1102 1787 1145 quod,
1817 1089 2002 1136 licetiocuruin
2043 1118 2093 1135 em

1141 1157 1220 1191 alias
1250 1168 1307 1200 per
1334 1157 1468 1190 dilectos
1488 1156 1573 1189 filios
1592 1160 1720 1189 nostros
1740 1155 1771 1190 S.
1795 1156 1831 1189 R.
1855 1156 1891 1190 E.
1908 1144 2084 1205 ξζζῗζζζξὲξζ“

1142 1211 1332 1251 cardinales,
1361 1220 1460 1253 super
1480 1210 1699 1243 declaratione
1732 1216 1763 1243 et
1793 1210 1894 1244 inter-

1142 1265 1322 1309 pretatione
1343 1265 1549 1297 decretorum
1572 1263 1895 1297 conciliiTridentini

1142 1319 1324 1362 deputatos,
1346 1318 1378 1350 in
1398 1327 1512 1350 eorum
1534 1317 1785 1360 congregatione
1799 1317 1897 1351 fuerit

1142 1372 1342 1404 declaratum
1365 1370 1601 1414 parochialium
1623 1370 1833 1404 eeclesiarum
1858 1380 1896 1403 ac

1144 1425 1344 1468 regularium
1364 1424 1613 1462 beneficiorum,
1634 1423 1752 1467 quibus
1772 1423 1895 1456 anima-

1143 1489 1215 1510 rum
1251 1488 1330 1511 cura
1363 1476 1534 1516 incumbit,
1552 1487 1680 1510 necnon
1691 1477 1896 1517 vicariarum,

1144 1532 1241 1565 etiam
1267 1537 1514 1575 perpetuarum,
1542 1529 1747 1564 monasteriis
1771 1535 1802 1563 et
1827 1531 1898 1565 aliis

1145 1585 1348 1628 regularibus
1372 1584 1452 1617 loeis
1478 1583 1574 1617 etiam
1596 1589 1754 1627 perpetuo
1791 1583 1897 1617 unita-

1145 1650 1230 1679 rum,
1253 1649 1336 1682 quae
1353 1637 1559 1680 regularibus
1579 1637 1727 1681 personis
1747 1637 1898 1678 conferri,

1145 1692 1900 1736 sivepersaecularespresbyterosetperpetuos

1145 1747 1280 1780 vicarios
1300 1746 1367 1788 regi
1388 1751 1421 1778 ct
1446 1744 1622 1788 gubernari
1644 1750 1897 1785 consueverunt,

1146 1800 1312 1833 vacatione
1324 1809 1383 1843 pro
1395 1804 1541 1842 tempore
1553 1798 1899 1839 occurrente,minime

1147 1854 1245 1887 licere
1279 1854 1427 1886 locorum
1455 1851 1628 1885 ordinariis
1653 1851 1757 1885 edicta
1782 1862 1900 1896 propo-

1147 1917 1235 1946 nere,
1247 1910 1278 1939 et
1293 1916 1437 1945 examen,
1447 1916 1505 1948 per
1520 1915 1716 1938 concursum
1730 1904 1816 1938 iuxta
1827 1915 1901 1938 con-

1148 1960 1213 1993 cilii
1229 1958 1387 2004 praedicti
1413 1959 1594 1999 decretum,
1617 1958 1703 1992 Sess.
1727 1968 1819 2000 xxw,
1840 1958 1900 1992 Ca-

1148 2013 1221 2057 pit.‚
1239 2023 1313 2046 xvin
1332 2013 1437 2046 facere
1452 2039 1459 2053 ,
1484 2012 1539 2045 sed
1555 2011 1651 2053 satis,
1679 2017 1757 2045 tunc
1778 2022 1848 2045 esse
1865 2017 1902 2045 ut

1149 2067 1314 2110 regulares
1334 2066 1466 2109 quidem
1480 2076 1639 2110 personae
1651 2065 1797 2099 ecclesiis
1806 2075 1899 2109 prae-

1149 2120 1243 2153 dictis
1263 2119 1502 2163 praeficiendae
1522 2130 1540 2152 a
1563 2118 1656 2152 dictis
1677 2119 1826 2152 locorum
1846 2129 1901 2152 or-

1149 2172 1283 2206 dinariis
1327 2172 1551 2206 examinentur
1596 2178 1627 2205 et
1664 2171 1899 2216 approbentur.

1148 2227 1335 2260 Saeculares
1357 2237 1431 2259 vero
1452 2226 1483 2258 in
1503 2225 1633 2259 vicariis
1653 2230 1684 2258 et
1707 2225 1778 2258 aliis
1802 2225 1902 2259 bene-

1150 2281 1231 2314 ficiis
1252 2280 1426 2324 praedictis
1446 2280 1662 2313 instituendae
1682 2290 1700 2312 a
1724 2279 1902 2324 superiori-

1149 2334 1210 2367 bus
1240 2333 1444 2376 regularibus
1473 2333 1647 2377 praedictis
1678 2332 1900 2367 nominentur:

1151 2398 1285 2421 examen
1305 2393 1414 2420 autem
1436 2392 1466 2420 et
1492 2386 1761 2431 approbationem
1777 2391 1903 2420 tantum

1151 2437 1190 2470 ad
1211 2437 1313 2470 dictos
1333 2436 1527 2476 ordinarios,
1552 2436 1639 2469 iuxta
1665 2435 1767 2468 felicis
1794 2445 1903 2469 recor-

1151 2486 1290 2519 dationis
1306 2486 1352 2518 Pii
1370 2486 1428 2518 ΡΡ.
1451 2485 1486 2525 V⁷
1510 2484 1768 2528 praedecessoris
1787 2483 1902 2524 nostri,

1152 2536 1418 2570 constitutionem
1439 2535 1617 2578 pertinere.

1196 2586 1210 2628 ἓ
1235 2585 1265 2617 ⁶2.
1293 2583 1509 2617 Nihilominus
1520 2583 1669 2617 nonnulli
1686 2593 1724 2617 ex
1740 2582 1903 2616 dictorum
1944 2587 1997 2609 Huic
2032 2590 2101 2608 tamen

1152 2635 1298 2669 locorum
1319 2632 1502 2673 ordinariis,
1523 2632 1766 2676 praedictorum
1786 2613 2103 2674 1·egn0-ssl⁰i›⁶0¹?2u}3¹1‘n⁰2'i
