2226 3070
50 299 100 325 An.
119 295 225 323 &159¹

112 672 230 693 (Ji-dinariis

47 702 66 721 ut
81 706 101 720 m
115 699 230 725 praedictis

47 726 175 751 1·=›ngrt·g.sai
183 728 230 746 eant

47 753 111 774 iubet.

83 1418 164 1439 indulta
179 1424 230 1444 quc.—

47 1451 182 1471 rumcumque
198 1451 229 1465 Γε-

46 1472 148 1497 gularium
181 1478 206 1491 eo

47 1498 162 1524 art-[rationi
177 1499 229 1518 etar-

46 1527 106 1551 gitur.

845 292 1024 317 GnEGomes
1044 294 1097 317 XIV
1117 294 1166 317 ΡΡ.

245 353 369 382 eorum,
394 342 586 376 auctoritate
607 348 635 375 et
666 348 776 374 tenore
805 341 987 385 praedictis,

245 395 341 428 etiam
362 396 401 428 dc
422 406 516 435 novo,
541 395 636 428 etiam
658 401 747 428 motu
766 394 898 438 proprio
913 401 991 427 etex

246 455 332 482 certa
344 449 476 482 scientia
487 455 608 487 nostra,
626 460 661 481 ac
676 449 714 481 de
727 448 921 492 apostolicae
932 460 990 492 po-

246 502 364 535 testatis
385 502 595 545 plenitudiue,
614 506 769 545 perpetuo
784 500 991 533 ‹troncedimus

246 561 275 588 et
296 555 510 598 indulgemus.

292 616 306 647 ξ
334 609 380 641 lt).
405 611 448 642 Ae
469 609 641 642 districtius
662 608 992 652 praecipiendoman-

246 663 359 695 damus
380 662 543 706 quibusvis
560 661 821 705 archiepiscopis,
834 660 992 704 episcopis

246 727 283 748 ae
304 716 449 749 locorum
470 715 646 748 Ordiuariis
676 715 933 758 quibuscumqnt¹
959 719 992 745 ut,

246 779 344 812 super
361 768 545 812 privilegiis,
570 768 838 811 exemptionibus,
873 767 991 799 immu-

245 821 414 862 nitatibus,
447 821 650 855 facultatibus
682 826 712 853 ct
743 820 851 863 gratiis
881 820 991 852 liuius-

246 875 343 915 modi,
367 881 432 908 tam
453 874 674 918 spiritualibus
694 885 790 917 quam
805 873 991 917 temporali·
1009 885 1010 908 t

245 928 314 967 bus,
340 929 470 961 eosdem
488 928 672 970 generalem
687 932 714 959 et
733 927 875 965 abbates,
896 926 991 958 ctiam
1009 953 1010 956 ,

245 981 368 1015 ratione
391 981 588 1021 visitationis,
613 981 821 1014 correctionis
846 985 897 1012 aut
930 979 992 1012 alio

246 1035 358 1079 quovis
379 1041 555 1079 praetextu,
580 1035 675 1067 etiam
700 1040 848 1078 respectu
879 1044 991 1066 mona-

245 1089 420 1122 steriorum
452 1089 631 1122 monialum
668 1088 810 1121 eiusdem
851 1087 989 1123 Ordinis,

249 1153 306 1175 sua
327 1154 404 1176 cura
425 1148 455 1175 et.
474 1142 632 1185 gubernio
652 1141 810 1183 generalis
833 1146 863 1173 et
894 1140 992 1173 abba-

248 1201 314 1229 tum
336 1196 575 1240 praedictorum
596 1195 809 1233 existentium,
833 1194 993 1226 ullatenus

247 1250 430 1290 molestare,
455 1249 634 1293 inquietare
654 1249 702 1281 vel
723 1248 911 1291 perturbare
938 1259 994 1280 au-

247 1303 341 1336 deant
362 1304 411 1336 vel
428 1308 645 1347 praesumant.

293 1357 307 1400 ξ
329 1356 381 1389 tt.
406 1358 449 1390 Ac
463 1362 630 1400 praeterea
642 1356 783 1388 volentes
797 1355 926 1387 eosdem
940 1365 993 1396 ge-

245 1411 400 1447 neralem,
424 1410 612 1449 visitatores,
636 1409 778 1452 priorem
791 1408 901 1445 eremi,
917 1419 992 1441 nec-

223 1474 310 1496 ·non
349 1463 606 1506 congregationis
640 1463 783 1495 eiusdem
823 1462 921 1494 eremi
956 1473 1010 1494 ac=

245 1517 447 1551 S.Micliaelis
467 1517 506 1549 de
518 1518 662 1555 Murano,
684 1526 719 1548 ac
732 1515 884 1549 Ordinem
898 1525 991 1558 prae-

247 1571 368 1604 dictum
389 1570 666 1604 Camalduleusem
696 1568 906 1612 amplioribus
941 1569 988 1601 l'a-

246 1624 378 1658 voribus
399 1629 429 1656 et
449 1623 558 1665 gratiis
576 1622 738 1666 prosequi,
763 1622 883 1654 eisdem
896 1632 992 1664 gene-

246 1677 315 1717 rali,
351 1676 587 1713 visitatoribus,
620 1675 739 1719 priori,
775 1675 987 1713 monasteriis,

246 1731 396 1764 domibus
419 1736 449 1764 et
474 1731 551 1763 locis
572 1730 699 1763 Ordinis
720 1735 746 1762 et
770 1729 992 1771 congregatio-

246 1786 294 1819 nis
315 1785 509 1830 praedictae,
534 1784 643 1817 omnia
664 1790 691 1817 et
713 1784 839 1826 singula
862 1783 991 1826 privile-

246 1839 307 1882 gia,
333 1838 582 1883 praerogativas,
606 1837 841 1876 concessiones,
865 1836 993 1869 iurisdi-

246 1893 378 1933 ctiones,
403 1891 642 1928 cautelationes,
661 1892 794 1931 favores,
812 1891 989 1931 facultates,

246 1947 490 1985 declarationes,
515 1946 743 1990 depositiones,
760 1945 988 1982 immunitates,

246 2001 474 2045 exemptiones,
486 2000 858 2043 indulta,cuiuscumque
866 1999 992 2041 generis

247 2055 423 2093 existentia,
441 2065 566 2087 necnon
580 2053 805 2093 indulgentias,
823 2053 993 2096 ctiample—

247 2109 381 2148 nariam,
406 2120 443 2141 ac
461 2113 667 2151 peccatorum
690 2106 905 2143 remissiones,
923 2117 993 2139 eae—

248 2167 395 2205 terasque
415 2161 532 2204 gratias
552 2160 733 2204 spirituales
745 2165 775 2192 et
788 2160 989 2203 temporales,

247 2215 411 2259 quibusvis
423 2214 492 2247 aliis
501 2213 698 2256 regularium
706 2212 992 2255 congregationum

247 2268 420 2303 Ordinibus
441 2278 619 2310 eorumque
637 2266 850 2306 monasteriis,
875 2271 938 2299 tam
950 2266 994 2298 vi-

249 2333 361 2356 rorum
382 2332 479 2366 quam
498 2321 682 2356 mulierum,
704 2330 881 2363 eorumque
899 2330 995 2361 gene-

250 2376 381 2415 ralibus,
410 2376 579 2409 abbatibus
609 2374 742 2418 aliisque
774 2373 995 2417 superioribus

251 2436 281 2463 et
300 2430 446 2474 personis
460 2429 668 2465 eorumdem,
692 2428 724 2460 in
738 2427 995 2471 spiilmscumque

251 2483 363 2516 mundi
384 2483 529 2527 partibus
554 2481 772 2519 existentibus,
807 2480 885 2512 alias
915 2490 995 2523 qno-

251 2536 430 2570 niodolibet
461 2546 612 2569 concessa
642 2540 670 2567 et
703 2534 921 2571 concedenda,
960 2544 996 2566 ac.

251 2591 368 2634 quibus
390 2590 428 2623 de
458 2589 548 2629 iure,
575 2600 655 2626 usu,
688 2587 920 2621 consuetudins»
949 2588 997 2620 vel

252 2643 419 2688 privilegio
440 2648 494 2676 aut
511 2641 718 2675 concessione
739 2640 925 2684 apostolica,
949 2651 998 2673 re-

252 2700 314 2743 gia,
330 2699 500 2744 imperiali,
517 2697 794 2742 archiepiscopali,
809 2696 993 2740 episcopali,

1025 341 1057 373 in
1078 342 1254 384 generevel
1276 341 1308 373 in
1328 340 1453 384 specie,
1484 346 1547 372 tam
1572 339 1768 373 coniunctim

1025 406 1121 438 quam
1143 395 1279 435 divisim,
1304 394 1399 428 etiam
1420 394 1573 438 perviam
1586 394 1769 426 communi-

1025 449 1158 481 cationis
1179 454 1207 481 et
1229 447 1431 485 extensionis,
1453 447 1505 479 alii
1527 447 1771 490 quomodolibet

1024 507 1168 540 utuntur,
1202 501 1367 545 potiuntur
1397 506 1427 533 et
1457 501 1608 542 gaudent,
1645 511 1680 533 ac
1708 500 1765 539 uti,

1025 555 1119 598 potiri
1142 561 1168 587 et
1191 555 1330 597 gaudere
1351 553 1594 597 quomodolibet
1608 553 1772 596 possintet

1026 614 1174 652 poterunt
1202 608 1232 639 in
1262 608 1418 644 futurum,
1451 606 1574 639 etiamsi
1604 607 1679 639 talia
1710 606 1771 639 sint

1026 663 1072 694 vel
1094 662 1210 695 l'ucrint
1230 672 1311 705 quae
1332 661 1503 704 specialem
1525 666 1553 693 et
1573 660 1770 693 individuam

1026 716 1226 759 requirerent
1248 716 1456 753 mentionem,
1471 726 1527 747 seu
1543 714 1574 746 in
1594 714 1770 758 praesenti-

1026 771 1085 802 bus
1106 771 1145 802 de
1166 770 1262 802 verbo
1284 770 1323 802 ad
1350 769 1481 801 verbum
1514 769 1721 801 insertionem
1742 774 1772 801 et

1027 823 1252 867 particularem
1275 822 1538 859 concessionem,
1566 822 1686 855 eisdem
1715 833 1772 854 au-

1027 877 1173 910 ctoritate
1194 882 1223 909 ct
1247 882 1369 912 tenore,
1403 881 1559 919 perpetuo
1592 875 1773 908 communi-

1027 943 1148 969 camus,
1180 931 1381 964 extendimus
1413 936 1439 962 et
1474 930 1693 963 concedimus.
1729 931 1774 962 lta

1027 987 1113 1029 quod
1136 985 1231 1017 iidem
1249 984 1425 1026 generales,
1450 984 1637 1021 visitatores,
1662 993 1774 1016 mona-

1027 1039 1122 1072 steria
1140 1044 1169 1071 et
1190 1039 1259 1071 loca
1279 1037 1444 1081 praedicta
1464 1043 1498 1070 ut.
1522 1038 1716 1080 praefertur,
1739 1047 1774 1069 ac

1027 1103 1139 1126 eorum
1160 1092 1305 1136 praelati,
1330 1092 1443 1124 fratres
1463 1096 1494 1123 et
1506 1101 1663 1134 personae
1680 1101 1774 1133 prae-

1028 1146 1142 1183 dictae,
1164 1157 1200 1179 ac
1221 1156 1335 1178 eorum
1356 1155 1406 1177 res
1428 1150 1454 1176 et
1477 1144 1562 1177 bona
1582 1144 1640 1176 sub
1662 1154 1773 1176 eorum

1028 1211 1105 1233 eura
1122 1204 1150 1232 et
1172 1199 1350 1232 secundum
1380 1198 1523 1230 eiusdem
1549 1196 1774 1239 congregatio-

1027 1254 1075 1286 nis
1094 1253 1235 1286 instituta
1255 1263 1340 1285 nune
1360 1258 1387 1285 et
1409 1263 1467 1295 pro
1489 1256 1634 1294 tempore
1666 1249 1773 1282 viren-

1028 1314 1073 1341 tes
1094 1313 1123 1340 et
1144 1307 1324 1346 existentes,
1353 1311 1383 1339 et
1408 1303 1592 1349 praemissis
1623 1303 1774 1336 omnibus

1028 1368 1056 1394 et
1077 1361 1210 1402 singulis
1238 1370 1339 1403 aeque
1363 1358 1581 1403 parisormiter
1601 1363 1632 1390 et
1652 1358 1773 1400 absque

1027 1415 1088 1448 alia
1108 1414 1235 1458 penitus
1256 1412 1445 1451 differentia,
1469 1412 1604 1455 perinde
1625 1410 1698 1443 acsi
1712 1410 1772 1443 illis

1028 1474 1055 1502 et
1078 1479 1189 1501 eorum
1212 1466 1345 1509 singulis
1363 1465 1575 1509 personaliter
1595 1469 1623 1497 et
1649 1463 1770 1507 specia-

1027 1523 1098 1555 liter
1119 1527 1147 1553 et
1169 1530 1316 1564 expresse
1336 1530 1371 1551 ac
1386 1518 1576 1551 nominatim
1591 1527 1717 1550 necnon
1731 1517 1770 1549 ad

1027 1576 1126 1608 instar
1146 1584 1297 1607 concessa
1318 1577 1433 1609 essent,
1449 1572 1480 1604 in
1492 1576 1648 1614 quantum
1665 1570 1769 1602 eidem

1027 1627 1268 1670 congregationi
1290 1626 1458 1669 expediant
1481 1624 1672 1665 (dummodo
1689 1623 1771 1656 eius-

1027 1684 1099 1716 dem
1113 1680 1372 1723 congregationis
1387 1678 1587 1721 regularibus
1599 1677 1772 1710 Ordinibus

1027 1737 1158 1779 eiusque
1178 1733 1347 1775 gubernio,
1364 1731 1549 1776 privilegiis,
1566 1730 1769 1763 constitutio-

1026 1790 1120 1822 nibus
1141 1794 1168 1821 et
1202 1786 1447 1820 diffinitionibus
1461 1795 1524 1817 non
1536 1785 1768 1825 adversentur),

1026 1843 1083 1880 uti,
1105 1842 1178 1879 frui,
1202 1840 1297 1885 potiri
1319 1846 1349 1872 et
1369 1839 1510 1881 gaudere
1524 1837 1623 1869 libere
1644 1842 1672 1869 et
1687 1836 1771 1869 licite

1026 1896 1148 1940 possint
1168 1900 1195 1927 ct
1218 1895 1352 1926 valeant.

1071 1950 1085 1992 ξ
1107 1948 1159 1981 12.
1184 1949 1327 1991 Insuper,
1352 1957 1424 1979 cum
1457 1945 1600 1978 eiusdem
1630 1943 1767 1980 Ordinis,

1027 2009 1058 2036 ct
1075 2001 1333 2044 congregationis
1354 1999 1499 2043 praelati,
1523 1998 1578 2041 qui
1599 1997 1660 2030 sint
1686 1997 1770 2029 eius-

1009 2083 1011 2100 ,
1028 2058 1099 2090 dem
1122 2055 1308 2089 monasterii
1328 2053 1475 2097 professi,
1490 2053 1598 2096 plures
1614 2062 1709 2095 quam
1721 2061 1771 2083 se-

1010 2116 1125 2156 ¹ptem,
1150 2114 1282 2152 excepto
1303 2107 1455 2150 generali,
1479 2106 1533 2149 qui
1559 2106 1590 2137 in
1609 2105 1693 2138 dicto
1714 2115 1773 2137 nu-

1028 2175 1117 2196 mero
1156 2173 1219 2196 non
1256 2166 1482 2205 computatur,
1516 2158 1772 2192 ordinationibus

1028 2217 1222 2262 apostolicis,
1248 2215 1380 2248 minime
1409 2224 1476 2247 esse
1501 2214 1637 2253 valeant,
1662 2217 1773 2244 tenore

1028 2270 1261 2315 praesentium,
1285 2268 1459 2312 apostolica
1484 2265 1684 2306 auctoritate,
1708 2276 1770 2298 nu-

1030 2335 1153 2357 merum
1180 2324 1396 2368 praelatorum
1418 2321 1521 2354 dictae
1549 2319 1773 2362 congregatio-

1029 2378 1077 2410 nis
1095 2387 1260 2417 augemus.
1285 2377 1329 2409 Ita
1350 2375 1436 2419 quod
1451 2373 1563 2407 suturis
1575 2372 1773 2416 temporibus

1031 2438 1102 2464 octo
1124 2430 1257 2475 praelati
1277 2430 1419 2462 eiusdem
1442 2426 1774 2470 monasteriiprofessi

1032 2487 1177 2528 (excepto
1198 2482 1341 2525 generali
1362 2492 1458 2525 quem
1480 2481 1511 2513 in
1533 2480 1617 2513 dicto
1638 2490 1774 2512 numero

1032 2539 1178 2570 volumus
1198 2547 1262 2569 non
1284 2534 1527 2579 comprehendi)
1556 2543 1623 2566 esse
1654 2532 1774 2576 possint

1032 2597 1060 2623 et
1082 2591 1220 2630 valeantf,
1253 2601 1289 2623 ac
1309 2588 1497 2633 praesertim
1527 2588 1558 2620 in
1594 2587 1643 2619 his
1672 2586 1775 2619 dictae

1032 2653 1107 2675 suae
1128 2641 1386 2684 congregationis
1407 2639 1610 2673 monasteriis
1630 2638 1774 2672 eteccle-

1014 2709 1017 2738 χ
1033 2695 1096 2735 siis,
1111 2695 1258 2729 videlicet
1270 2695 1403 2728 Sanctae
1420 2694 1536 2727 Mariae
1550 2704 1567 2725 a
1578 2693 1678 2725 Puteo
1689 2692 1775 2725 Stra-

1672 283 1736 315 -499
1783 292 1833 320 An.
1854 292 1883 319 C.
1902 292 1965 320 159¹

1826 1950 1971 1971 Praelatorum

1785 1983 1895 1997 numerum
1917 1977 1971 1997 eius-

1786 2004 1833 2024 dem
1849 2006 1971 2023 monasterii

1786 2031 1927 2056 professorum
1935 2036 1971 2050 au·
