2226 3070
837 294 1051 320 INNOCENTIUS
1071 295 1102 319 ix
1123 293 1172 318 ιη».
1675 281 1732 315 511

250 343 445 372 Innocentius
459 344 628 379 episcopus,
641 351 747 373 servus
766 351 920 372 servorum
930 344 992 376 nei,
1029 349 1150 376 extorta
1189 348 1395 381 censeantur,
1437 341 1613 384 capitaliter
1651 341 1769 373 coude-

378 388 415 416 ad
432 393 605 423 perpetuam
619 390 663 417 rei
678 389 860 417 memoriam.
1030 407 1141 429 mnam
1162 402 1378 440 praesumam⁴

1074 454 1088 490 ξ
1110 452 1140 485 2.
1166 453 1333 485 Praeterea
1343 450 1490 482 volumus
1504 460 1538 481 ac
1553 449 1769 492 praesentium
1786 459 1912 506 1,νιΓ-οιιηιψι...)
1922 466 1969 509 ³:¹1,-

1793 494 1808 506 ΙΝ
1824 493 1835 506 ὃ
1846 494 1856 505 ΙΙ
1910 494 1919 505 Δ’
1955 494 1970 505 Ι-

1030 510 1140 537 tcnoie
1162 504 1365 537 decernimus
1385 503 1470 547 quod
1495 502 1524 535 iu
1544 502 1655 535 eadem
1685 502 1770 534 l'rbe
1786 519 1840 533 ..tam
1880 513 1968 532 mmm..

1787 540 1904 559 mentibus·
1943 547 1959 559 >a

1029 565 1148 595 nostra,
1169 558 1193 590 si
1220 558 1381 597 contineat
1403 556 1496 592 tilios,
1520 555 1696 588 viventibus
1718 565 1771 588 eo·
1787 567 1879 586 mmmm
1896 572 1916 586 ιη
1953 551 1969 585 ,ἶ

51 297 100 324 An.
117 295 147 323 C.
164 295 228 322 1591
1785 291 1836 318 An.
1853 290 1881 318 C.
1900 290 1963 317 1591

294 453 341 486 Ad
364 453 545 486 Romanuin
564 459 683 497 spectat
698 453 898 491 Pontificem,
914 453 995 485 inter

49 512 234 560 toffsstlfilfi..ll¹j¹l¹¹⁴
250 506 366 538 multas
386 512 549 548 etgraves,
567 517 646 550 quas
657 517 714 550 pro
733 505 895 539 comnumi
910 505 994 538 cliri-

249 559 369 592 stianae
390 559 596 604 Reipublicae
617 560 702 593 bono
723 559 864 603 suscipit,
888 570 991 595 curas,
1787 594 1792 612 1

62 1689 179 1710 Proliibitin
189 1695 238 1709 con-

53 1718 85 1737 lm
95 1717 126 1737 ius
134 1722 181 1736 rcus
190 1722 238 1736 cun-

54 1743 180 1765 dcmnandi,
210 1744 237 1763 ri-

54 1777 103 1797 gere

56 1797 159 1823 rescripti.

148 1770 238 1790 alicuius

252 613 282 645 in
304 624 373 645 cam
396 624 525 657 quoque
543 613 716 657 praecipuo
733 613 838 646 studio
871 613 994 645 incum-

250 667 337 705 bere,
371 673 405 700 nt
433 667 502 699 eius
534 667 563 699 iu
605 667 836 710 temporalilms
862 666 991 703 subditi,

250 720 438 763 praesertim
459 730 534 753 vero
563 720 668 753 dilecti
690 720 746 752 filii
775 720 804 753 S.
829 720 861 752 Ρ.
883 719 916 758 Q.
942 720 991 756 R..

250 783 389 817 quorum
410 773 541 817 propria
562 779 589 806 et
605 773 774 817 peculiaris
789 784 865 806 cura
881 773 907 806 ei
924 783 995 816 spe-
1011 790 1013 798 ι

251 826 374 859 cialiter
393 826 565 859 commissa
587 832 642 864 est„
668 837 731 859 non
753 826 856 859 solum
875 837 891 858 a
913 836 993 870 quo-

251 890 389 924 cumque
416 880 612 922 gravaminc,
643 880 750 923 quoad
780 879 848 912 fieri
877 886 991 923 potest,

251 934 411 967 immunes
422 935 609 972 reddantur,
625 935 678 967 sed
693 934 867 977 privilegiis
880 940 909 967 et
923 944 996 976 gra·-

251 988 300 1020 tiis
321 988 352 1020 in
371 988 439 1020 dies
451 988 662 1032 amplioribus
673 988 873 1021 ordinentur.
893 988 995 1026 Quare

250 1052 308 1074 nos
328 1047 357 1074 et
380 1041 522 1074 muneris
539 1041 640 1074 nostri
666 1041 774 1074 debito
801 1041 992 1081 satisfacere,

251 1101 278 1127 et
302 1101 467 1139 paternam
479 1095 668 1128 charitatem
679 1105 715 1127 ac
726 1094 992 1132 benevolentiam,

250 1159 348 1192 quam
370 1149 432 1181 iam
451 1149 577 1193 pridem
604 1159 680 1189 erga
700 1159 754 1181 eos
773 1148 925 1191 gerimus,
950 1148 997 1180 in-

251 1203 333 1243 signi
362 1202 471 1246 aliquo
503 1208 714 1235 monumento
752 1207 894 1235 testatam
930 1212 997 1234 esse

251 1257 426 1301 cupientes,
450 1267 514 1300 quo
532 1262 562 1289 et
593 1256 652 1300 ipsi
680 1256 911 1298 benignitatem
940 1266 998 1289 no-

250 1317 346 1343 stram
365 1310 496 1355 experti,
513 1316 542 1343 et
559 1310 630 1347 atii.
655 1321 767 1343 eorum
786 1310 943 1354 exemplo,
966 1309 997 1342 in

252 1365 325 1405 side,
349 1365 532 1398 obedientia
549 1376 584 1398 ac
604 1365 772 1398 devotione
791 1365 923 1398 Sanctae
940 1364 998 1396 lm-

251 1418 299 1451 ius
328 1418 418 1451 Sedis
447 1419 595 1452 alacriori
625 1419 734 1452 animo
771 1423 994 1462 perseverent,

251 1478 347 1517 atque
376 1473 416 1506 ad
446 1474 695 1517 promerendam
727 1472 911 1505 uberiorem
941 1482 999 1505 no-

251 1533 348 1560 stram
370 1533 400 1561 et
420 1527 504 1561 illius
521 1527 656 1570 gratiam
675 1527 786 1560 indies
804 1527 904 1569 magis
918 1526 998 1559 invi-

255 1587 371 1614 tentnr.

297 1635 312 1677 ἓ
330 1634 360 1667 l.
384 1634 527 1667 Primum
548 1634 679 1678 quidem
700 1634 760 1667 hac
787 1639 895 1667 nostra
926 1645 998 1677 per-

253 1695 350 1732 petuo
370 1689 505 1721 valitura
525 1688 750 1722 constitutione
775 1688 941 1721 abolemus
970 1693 997 1720 ct

253 1743 292 1776 ab
314 1743 373 1776 bac
392 1743 508 1787 inclyta
528 1742 612 1775 Urbe.
632 1742 748 1775 nostris
768 1742 914 1775 volumus
926 1753 1000 1775 exu-

254 1797 319 1829 lare
341 1796 538 1840 temporibus
559 1796 691 1828 modum
705 1796 794 1828 illum
804 1795 999 1839 procedendi

255 1856 365 1884 contra
382 1860 454 1883 reos
475 1849 610 1882 alicuius
630 1849 773 1882 criminis
794 1855 845 1882 aut
878 1849 995 1886 delicti,

253 1903 307 1947 qui
328 1903 413 1948 (licet
434 1903 519 1936 iuxta
539 1903 782 1947 dispositionem
812 1902 888 1935 iuris
910 1913 998 1936 com-

254 1958 379 1998 munis,
403 1964 434 1991 et
462 1968 626 1991 sacrarum
647 1956 928 1994 constitutionum,
963 1968 999 1990 ac

256 2011 401 2044 eiusdem
422 2011 515 2045 Urbis
536 2016 739 2052 statutorum,
763 2021 867 2054 poena
887 2010 999 2054 capitis

255 2065 350 2108 plecti
371 2075 436 2098 non
458 2065 606 2105 debeant,
631 2070 738 2097 tamen
759 2064 867 2106 vigore
878 2064 999 2108 specia-

255 2118 293 2151 lis
314 2118 456 2152 mandati
474 2124 505 2151 et
515 2118 660 2162 rescripti
672 2129 730 2161 per
742 2118 905 2151 Romanos
917 2117 1000 2150 Pon-

255 2172 355 2206 tifices
384 2178 473 2206 motu
504 2172 636 2216 proprio
671 2182 725 2205 seu
758 2171 835 2204 alias
862 2171 998 2214 signati)

255 2236 359 2270 poena
370 2225 475 2258 ultimi
486 2225 634 2270 supplicii
647 2225 852 2265 damnantur,
867 2230 898 2257 et
913 2225 999 2268 quod

257 2280 350 2313 nobis
370 2279 467 2313 licere
487 2290 552 2312 non
572 2279 727 2323 patiatur,
762 2278 793 2311 id
819 2278 914 2311 etiam
940 2288 998 2311 no-

257 2334 329 2367 stris
349 2333 587 2367 successoribus
614 2332 807 2372 iudicamus,
840 2331 1000 2365 districtus

258 2388 465 2432 prohibentes
482 2398 522 2420 ne
543 2386 574 2419 in
595 2392 759 2430 posterum
785 2384 905 2418 iudices
931 2385 1000 2429 qui-

258 2452 417 2486 cumque,
453 2440 563 2485 quavis
594 2439 783 2473 auctoritate
820 2440 996 2481 fungentes,

259 2506 350 2529 reum
372 2495 512 2539 aliquem
534 2499 645 2527 contra
665 2493 742 2526 iuris
763 2492 944 2526 communis
971 2497 1001 2525 et

259 2549 507 2593 apostolicarum
529 2547 730 2581 sanctionum
751 2553 782 2580 et
810 2551 999 2579 statutorum

259 2602 353 2636 Urbis
373 2607 529 2641 tenorem,
552 2601 661 2643 vigore
681 2611 737 2633 seu
762 2605 926 2644 praetextu
950 2609 1000 2631 re-

259 2656 451 2700 scriptorum
472 2654 668 2695 huiusmodi,
704 2665 785 2698 quae
816 2659 927 2686 contra
955 2653 1002 2685 in-

261 2710 437 2744 tentionem
455 2708 670 2749 concedentis,
691 2719 748 2752 per
760 2707 1001 2751 subreptionem

1030 622 1100 643 rum
1122 611 1331 651 ‚acnitoribus
1355 610 1507 642 delictum
1529 609 1659 652 aliquod
1684 618 1772 641 com-

1030 665 1171 701 mittere,
1208 664 1264 708 ipsi
1296 669 1454 708 parentes,
1488 663 1593 706 quoad
1625 662 1769 698 vixerint,

1030 720 1069 751 ad
1100 719 1284 751 solvendam
1312 729 1368 750 seu
1388 717 1575 750 tradendam
1598 716 1771 758 legitimam

1030 772 1212 817 portionem
1233 773 1271 805 de
1292 771 1430 815 propriis
1448 771 1541 803 bonis
1562 770 1681 802 eisdem
1701 769 1773 801 tiliis

1030 827 1069 859 de,
1091 826 1159 859 iurc
1178 826 1329 863 debitam,
1352 824 1483 857 minim(¹
1505 824 1575 865 cogi
1601 830 1653 856 aut
1684 835 1772 856 com-

1030 880 1104 924 pelli
1123 880 1255 924 possint:
1279 890 1337 912 nec
1355 885 1466 912 contra
1482 878 1565 922 ipsos
1587 878 1774 921 delinquen-

1032 934 1109 966 timn
1122 934 1282 974 genitores
1294 934 1333 965 ad
1345 932 1505 975 legitimae
1518 931 1672 975 portionis
1681 942 1773 974 prae-

1031 988 1133 1021 dictae
1155 987 1429 1025 confiscationem,
1453 996 1511 1029 per
1537 985 1666 1029 quosvis
1692 985 1773 1017 iudi-

1031 1051 1082 1073 ces
1102 1040 1233 1084 procedi
1254 1040 1384 1075 debeat:
1407 1039 1462 1071 scd
1485 1038 1514 1070 in
1536 1038 1698 1082 quibusvis
1712 1038 1773 1070 cri-

1032 1094 1203 1127 minalibus
1221 1093 1324 1127 causis
1345 1092 1422 1125 iuris
1443 1092 1624 1124 communis
1654 1092 1774 1135 diposi-

1032 1149 1075 1181 tio
1101 1154 1130 1181 et
1159 1154 1275 1181 statuta
1305 1147 1398 1181 Urbis
1429 1146 1561 1179 omnino
1591 1152 1772 1182 serventur‘.

1032 1211 1156 1234 necnon
1178 1211 1398 1245 quascumque
1412 1200 1695 1244 praedecessorum
1716 1210 1775 1231 no-

1031 1261 1169 1288 strorum
1192 1254 1435 1288 constitutiones
1452 1254 1483 1286 in
1498 1253 1694 1286 contrarium
1715 1253 1777 1285 sor-

1032 1320 1088 1342 san
1109 1310 1247 1353 desuper
1264 1309 1375 1347 editas,
1393 1319 1530 1352 quarum
1543 1314 1669 1340 tenores
1686 1318 1777 1350 prae—

1032 1363 1174 1395 sentibus
1208 1363 1318 1395 baberi
1345 1363 1494 1396 volumus
1518 1372 1576 1405 pro
1609 1361 1774 1404 expressis,

1033 1418 1071 1450 ad
1087 1417 1240 1450 terminos
1254 1417 1331 1449 iuris
1349 1427 1385 1449 ac
1401 1416 1559 1449 dictorum
1571 1421 1774 1452 statutorum,

1033 1472 1146 1504 barum
1179 1472 1260 1504 serie
1292 1470 1476 1504 reducimus
1501 1476 1527 1502 ct
1555 1470 1774 1504 moderamus;

1033 1530 1214 1568 statutaque
1236 1525 1303 1569 ipsa
1322 1524 1353 1557 in
1371 1524 1429 1557 bac.
1446 1529 1536 1567 parte
1549 1523 1774 1567 approbantes,

1034 1578 1086 1611 illa
1122 1579 1273 1612 adversus
1303 1588 1541 1622 quemcumque
1581 1576 1776 1609 contrarium

1032 1644 1126 1666 usum
1158 1639 1211 1666 aut,
1242 1632 1501 1665 constitutionem
1527 1630 1724 1663 restituimus
1749 1637 1779 1663 et

1033 1687 1257 1721 revalidamus.

1078 1742 1092 1785 g
1113 1741 1143 1774 3.
1168 1741 1202 1774 Et
1224 1741 1364 1784 insuper,
1389 1739 1463 1783 quia
1484 1739 1579 1772 etiam
1597 1739 1779 1783 accepimus

1033 1806 1093 1828 usu
1113 1800 1277 1838 receptum
1299 1804 1378 1833 esse,
1401 1799 1433 1826 ut
1456 1804 1514 1837 pro
1535 1793 1709 1826 obtinenda
1726 1793 1780 1826 dc-

1034 1849 1200 1891 rogatione
1219 1847 1326 1881 statuti
1347 1858 1403 1880 seu
1415 1847 1681 1880 reformationnm
1695 1846 1779 1879 eius-

1034 1903 1107 1935 dem
1128 1902 1232 1943 Urbis,
1259 1912 1356 1945 super
1385 1906 1472 1933 certa
1500 1900 1623 1933 (lotium
1659 1900 1780 1944 puella-

1034 1968 1116 1997 rum,
1141 1967 1223 2000 quae
1244 1966 1302 2000 pro
1323 1962 1469 1999 tempore
1489 1955 1626 1993 nubunt,
1654 1965 1779 1987 summa

1034 2016 1064 2043 et
1084 2009 1260 2054 quantitate
1290 2009 1459 2047 editarum,
1494 2008 1685 2053 compositio
1715 2019 1779 2041 non

1034 2070 1119 2097 certa
1138 2064 1193 2097 sed
1208 2063 1387 2103 arbitraria,
1411 2063 1459 2103 iis,
1483 2063 1536 2106 qui
1562 2063 1592 2095 in
1611 2062 1778 2096 Dataria‘et

1034 2118 1175 2151 materiis
1196 2117 1428 2161 componendis
1449 2127 1507 2160 pro
1526 2122 1669 2160 tempore
1689 2127 1781 2160 prae-

1033 2172 1147 2211 sident,
1170 2171 1330 2211 solvatur;
1358 2181 1416 2203 nos
1448 2170 1546 2214 ipsius
1578 2170 1669 2203 Urbis
1699 2170 1781 2203 cives

1034 2230 1062 2257 ct
1081 2224 1202 2257 incolas
1219 2223 1411 2268 specialibus
1441 2223 1602 2256 favoribus
1623 2229 1651 2256 et
1672 2223 1781 2265 gratiis

1033 2283 1277 2322 prosequentes,
1302 2277 1373 2310 illos
1394 2288 1411 2310 a
1431 2276 1590 2310 solutione
1619 2277 1780 2320 composi-

1035 2332 1130 2365 tionis
1147 2332 1332 2365 huiusmodi
1362 2337 1517 2376 perpetuo
1550 2331 1719 2364 eximimus
1750 2337 1778 2363 et

1035 2385 1220 2425 liberamus,
1245 2385 1469 2429 immunesque
1487 2391 1515 2418 ct
1538 2391 1701 2429 exemptos
1712 2395 1779 2418 esse

1035 2439 1192 2479 volumus,
1232 2438 1374 2472 districte
1410 2438 1636 2472 interdicentes
1663 2438 1779 2471 dilecto

1035 2492 1101 2525 filio
1121 2493 1267 2533 Datario,
1291 2503 1377 2526 nunc
1394 2499 1425 2526 et
1455 2504 1513 2537 pro
1544 2499 1689 2537 tempore
1717 2492 1780 2525 exi-

1035 2547 1139 2585 stenti,
1161 2558 1197 2580 ac
1218 2548 1379 2590 praesecto
1400 2547 1683 2592 compositionum,
1707 2558 1779 2579 cae-

1035 2599 1174 2643 terisque
1199 2600 1352 2633 ministris
1375 2607 1406 2634 et
1434 2601 1635 2641 officialibus,
1670 2611 1709 2633 ne
1740 2600 1779 2632 ab

1036 2653 1083 2691 iis,
1105 2654 1158 2697 qui
1180 2654 1212 2687 in
1233 2654 1317 2688 dicta
1330 2655 1414 2688 Urbe
1427 2666 1499 2688 cum
1513 2655 1618 2698 aliqua
1632 2654 1778 2698 ampliori

1036 2707 1109 2741 dote
1140 2707 1346 2742 matrimonia
1376 2709 1612 2750 contrahentes,
1645 2708 1780 2749 deroga-

1809 1746 1926 1766 Prohibita»
1937 1746 1978 1766 cxi·

1795 1773 1856 1796 fscndt
1874 1774 1977 1798 cuiuposi-

1795 1800 1872 1819 liuncm
1895 1806 1906 1825 p
1921 1806 1932 1817 u
1964 1806 1967 1818 ι

1795 1826 1863 1846 centia
1873 1826 1978 1847 :laudidu-

1795 1856 1835 1873 lcm
1851 1859 1914 1878 supra
1925 1859 1978 1873 suui-

1874 1881 1900 1899 at·
1917 1879 1979 1899 [itm

1922 1909 1979 1926 taxa·

1795 1887 1849 1900 main

1795 1909 1873 1927 statut-i

1795 1937 1844 1954 lain.
