2226 3070
260 259 310 284 An.
326 258 354 285 c.
379 257 446 285 1592
493 248 557 282 634

297 847 396 868 facultas
410 852 441 867 re-

257 876 311 894 ctori
340 878 440 893 concessa

257 900 347 920 iudicem
359 900 442 925 collegii

257 926 380 952 deputanrti.

293 2228 440 2256 Exequuiores

254 2255 317 2276 liuius
338 2257 440 2277 constitu

254 2282 317 2303 tionis
328 2282 364 2302 des
356 2282 440 2308 ignati.

457 306 541 340 voris
571 307 688 340 auxilio
717 313 972 351 prosequantur,
1000 306 1087 349 quod
1121 305 1200 348 ipsi,

1044 257 1228 283 BULLARIUM
1248 257 1402 282 ROMANUM

1239 305 1328 345 doza,
1350 304 1456 337 abbati
1477 305 1714 345 VallisoletanQ
1738 311 1769 338 et
1788 306 1822 339 D.
1846 307 1978 340 Franci-

458 370 571 393 eorum
592 360 662 393 fulti
684 360 855 403 praesidio,
880 360 911 392 in
928 358 1122 403 praemissis,
1139 359 1203 391 Deo
1220 375 1221 410 i
1237 368 1291 390 sco
1319 358 1357 391 de
1388 359 1545 402 Revnoso,
1570 357 1677 391 abbati
1705 358 1742 391 de
1768 358 1902 400 Usillos,
1925 371 1982 403 per

456 414 610 459 propitio,
634 424 826 458 prosperare
844 412 983 456 possint;
1013 423 1048 444 ac
1081 412 1202 445 eisdem

455 466 605 511 Philippo
625 467 692 509 regi
715 477 731 499 a
751 467 815 499 Deo
835 465 987 509 perennis
1007 465 1088 498 vitae
1108 475 1202 509 prae-

457 520 574 561 mium,
610 526 638 553 et
670 532 687 552 a
718 519 811 552 nohis
843 518 1004 561 condigna
1035 518 1201 562 proveniat

457 574 539 606 actio
559 574 747 616 gratiarum,
770 573 901 616 ipseque
921 572 1110 606 Guilielmus
1132 583 1202 605 car-

457 627 572 659 dinalis
590 632 762 670 propterea
776 625 916 658 divinam
931 625 1198 666 misericordiam,

457 690 492 712 ac
512 685 653 712 nostram
667 685 695 712 et
711 679 813 712 dictae
833 679 923 712 Sedis
937 679 1084 721 gratiam,
1102 680 1202 712 valeat

456 733 589 766 uberius
609 733 799 777 promereri.

503 787 519 828 ἓ
541 785 592 818 ΞΟ.
610 786 774 819 Postremo
790 787 999 820 concedimus
1017 787 1200 820 facultatem
1218 792 1219 827 j

457 839 575 872 rectori
604 839 679 872 dicti
710 840 782 873 novi
813 840 940 882 collegii
970 851 1028 884 pro
1057 847 1202 884 tempore

457 893 601 926 existenti
623 893 744 926 iudices
765 893 953 926 nominandi
975 900 1003 926 et
1026 894 1201 937 deputandi

456 953 615 979 rectorem
636 947 760 989 collegii
783 946 812 980 S.
837 947 944 980 Crucis
968 958 1026 990 pro
1056 942 1219 991 tempore'

456 1000 628 1037 existentis,
651 1001 699 1033 vel
718 1011 956 1044 quemcumque
983 1001 1080 1034 alium
1102 1001 1133 1033 in
1156 1001 1219 1038 di-¹

456 1052 575 1095 gnitate
593 1053 807 1087 ecclesiastica
829 1053 1037 1087 constitutum
1059 1054 1201 1098 dictiop-
1217 1060 1219 1064 “

455 1106 521 1150 pidi
541 1107 770 1142 Yallisoletani,
795 1107 849 1151 qui
878 1118 990 1141 omnes
1011 1114 1039 1140 et
1061 1108 1202 1150 singulas

455 1170 566 1194 causas
585 1161 693 1194 civiles
713 1167 741 1194 et
763 1161 950 1194 criminales
971 1168 999 1194 et
1021 1161 1134 1194 mixtas
1155 1162 1202 1194 di-

457 1214 498 1247 cti
520 1214 594 1248 novi
621 1215 748 1257 collegi,
772 1225 807 1248 ac
829 1215 913 1248 illius
934 1215 1149 1258 collegialium
1172 1222 1199 1248 et

455 1267 642 1300 officialium
663 1274 691 1300 et
715 1268 947 1306 ministrorum,
972 1269 1129 1312 religiosis
1146 1269 1202 1302 So-

455 1321 576 1354 cietatis
604 1322 673 1355 Iesu
694 1322 850 1366 exceptis,
874 1333 1001 1355 necnon
1022 1334 1072 1356 res
1087 1351 1094 1361 ,
1119 1323 1198 1363 iura,

456 1375 597 1408 actiones
618 1381 647 1408 et
669 1376 754 1408 bona
774 1376 928 1419 privative
958 1377 1064 1420 quoad
1098 1377 1176 1410 alios
1191 1405 1198 1418 ,

457 1428 552 1461 etiam
574 1429 759 1469 summarie,
772 1429 962 1472 simpliciter
981 1436 1010 1462 et
1031 1430 1070 1463 de
1090 1430 1198 1474 plano,

461 1488 491 1515 et
511 1482 579 1515 sine
599 1483 731 1526 strepitu
763 1489 792 1515 et
824 1483 928 1525 figura
959 1484 1079 1522 iudicii,
1105 1495 1201 1517 manu

455 1536 553 1578 regia.
575 1536 727 1579 nullaque
740 1536 800 1569 tela
813 1537 980 1570 iudiciaria
997 1544 1131 1576 servata,
1146 1539 1201 1571 sed

454 1588 521 1621 sola
541 1589 614 1621 facti
632 1589 763 1622 veritate
783 1589 936 1633 inspecta,
954 1601 988 1623 ac
1004 1591 1098 1623 etiam
1113 1591 1201 1624 omni

455 1648 484 1675 et
515 1653 719 1686 quacumque
744 1643 959 1686 appellatione
980 1649 1116 1681 remota,
1143 1655 1199 1677 au-

455 1694 553 1735 diant,
574 1701 780 1738 cognoscant,
802 1696 954 1729 decidant
986 1708 1021 1729 ac
1050 1697 1113 1730 tine
1147 1698 1200 1730 de-

454 1747 520 1780 bito
542 1748 724 1785 terminent,
750 1760 822 1781 cum
856 1750 1004 1783 facultate
1029 1761 1217 1794 quoscum-,

453 1812 517 1845 que
538 1801 666 1838 citandi,
688 1813 723 1835 ac
745 1802 861 1846 quibus
873 1808 900 1836 et
916 1803 1040 1847 quoties
1054 1798 1217 1837 inliil)en-'

455 1855 532 1888 dum
549 1855 654 1895 suerit,
679 1856 774 1889 etiam
795 1856 854 1889 sub
874 1856 988 1900 poenis
1007 1857 1217 1900 pecuniariis

455 1915 484 1942 et
505 1908 574 1942 aliis
592 1919 705 1942 eorum
726 1909 859 1942 arbitrio
880 1910 1095 1954 imponendis.
1110 1922 1146 1944 ac
1167 1911 1199 1944 in

454 1961 632 1995 subsidium
643 1962 719 1995 iuris
731 1963 873 1996 censtu‘is
885 1964 1105 1997 ecclesiasticis
1117 1964 1199 1997 inhi-
1214 1997 1215 2000 ,

454 2015 562 2051 bendi,
584 2022 776 2059 caeteraque
794 2017 903 2049 onmia
922 2016 954 2049 in
971 2018 1155 2061 praemissis
1169 2024 1197 2051 et
1214 2015 1216 2056 J

1218 419 1221 464 ζ
1236 417 1420 455 praesentes
1438 417 1527 444 motu
1545 411 1640 444 simili
1662 413 1853 445 mandamus
1873 419 1983 456 quate-

1236 475 1296 497 nus
1310 465 1368 509 ipsi
1380 471 1410 498 et
1424 475 1537 498 eorum
1549 465 1695 509 quilibet,
1705 477 1763 510 per
1775 477 1808 499 se
1821 467 1868 500 vel
1883 467 1981 500 alium

1236 529 1292 551 seu
1312 519 1402 555 alios,
1419 525 1604 563 praesentes
1617 519 1739 553 litteras
1753 526 1782 553 et
1801 521 1831 553 in
1851 521 1897 554 eis
1907 531 1983 554 con-

1236 578 1323 604 tenta
1343 583 1577 616 quaecui‘nque,
1607 573 1660 605 ubi
1679 580 1708 606 et
1738 574 1868 617 quando
1900 585 1982 618 opus

1237 625 1343 662 suerit,
1359 631 1413 658 aut
1427 626 1552 669 quoties
1571 637 1631 670 pro
1651 633 1742 670 parte
1763 627 1896 660 rectoris
1908 627 1982 661 dicti

1236 678 1308 712 novi
1329 679 1455 721 collegii
1473 689 1532 722 pro
1556 685 1700 723 tempore
1728 680 1889 713 existentis
1915 681 1982 714 fue-

1237 731 1299 765 rint
1320 732 1476 776 requisiti,
1500 733 1688 766 solemniter
1706 726 1982 777 publicantesjdi-

1236 792 1352 829 ctoque
1373 786 1490 818 rectori
1516 792 1544 819 et
1575 796 1658 819 novo
1679 787 1816 829 collegio
1837 787 1870 820 in
1889 798 1983 832 prae-

1236 839 1342 872 missis
1363 839 1501 873 essicacis
1523 841 1715 874 defensionis
1732 841 1893 884 praesidio
1906 842 1983 875 assi-

1235 899 1363 933 stentes,
1378 894 1492 927 saciant
1514 894 1703 928 auctoritate
1724 901 1833 929 nostra
1843 896 1915 929 illos
1928 896 1982 930 de-

1235 953 1322 979 creto
1335 974 1342 987 ,
1367 947 1616 981 confirmatione
1631 976 1638 988 ,
1668 949 1877 982 concessione
1891 977 1898 988 ‚
1927 950 1978 982 in-

1235 999 1485 1040 dulto,licentia‚
1498 1001 1646 1034 facultate
1661 1012 1696 1034 ac
1712 1001 1782 1034 aliis
1798 1002 1983 1046 praemissis

1234 1052 1369 1095 pacifice
1397 1054 1554 1095 gaudere,
1579 1065 1615 1087 ac
1643 1055 1771 1088 easdem
1800 1061 1984 1099 praesentes

1235 1106 1356 1139 litteras
1388 1113 1415 1139 et
1447 1107 1477 1139 in
1508 1107 1544 1140 iis
1578 1113 1728 1141 contenta
1757 1109 1982 1153 quaecumque

1234 1166 1390 1203 perpetuo
1409 1160 1635 1194 inviolabiliter
1648 1161 1821 1202 observari,
1834 1172 1899 1195 non
1911 1173 1984 1206 per·
2000 1166 2004 1169 ’

1236 1212 1395 1246 mittentes
1416 1224 1470 1247 eos
1489 1224 1587 1257 super
1600 1215 1720 1248 eisdem
1734 1215 1918 1259 praemissis
1935 1217 1982 1249 vel

1235 1278 1348 1300 eorum
1367 1268 1477 1312 aliquo
1491 1279 1550 1312 per
1562 1279 1784 1313 quoscumque
1800 1269 1923 1303 iudices
1934 1271 1983 1303 vel

1235 1332 1400 1364 personas,
1417 1321 1649 1366 cuiuscumque
1669 1329 1779 1363 status,
1800 1323 1919 1366 gradus
1930 1330 1984 1356 aut

1236 1374 1430 1408 conditionis
1463 1375 1611 1416 existant,
1647 1387 1852 1420 quacumque
1886 1377 1983 1410 etiam

1236 1428 1425 1462 auctoritate
1439 1430 1625 1471 fungantur,
1639 1430 1768 1474 publice
1783 1431 1829 1463 vel
1844 1431 1980 1472 occulte,

1236 1482 1356 1515 directe
1377 1483 1424 1515 vel
1446 1482 1611 1523 indirecte,
1633 1483 1727 1516 tacite
1748 1484 1794 1517 vel
1813 1494 1980 1528 expresse,

1235 1535 1347 1579 quovis
1365 1535 1509 1579 quaesito
1527 1536 1634 1569 colore
1651 1537 1701 1569 vel
1723 1536 1863 1577 ingenio,
1880 1537 1983 1581 impe-

1235 1588 1308 1625 diri,
1326 1589 1488 1622 molestari
1511 1589 1557 1622 vel
1579 1589 1658 1623 alias
1678 1590 1924 1633 quomodolibet
1935 1590 1984 1623 in-

1235 1642 1389 1685 quietari3
1413 1642 1666 1676 contradictores
1687 1643 1846 1686 quoslibet
1875 1649 1906 1677 et.
1934 1654 1984 1677 re-

1234 1690 1334 1728 belles
1360 1706 1417 1739 per
1448 1706 1599 1729 censuras
1619 1695 1851 1730 ecclesiasticas
1871 1702 1900 1730 et
1921 1697 1983 1730 alia

1234 1749 1313 1782 iuris
1353 1756 1536 1793 opportuna
1568 1751 1729 1787 remedia.
1767 1751 1998 1795 appellatione

1234 1803 1421 1846 postposita,
1447 1805 1695 1847 compescendo,
1720 1804 1868 1838 invocato
1885 1805 1981 1838 etiam

1233 1857 1273 1889 ad
1293 1856 1366 1897 hoc,
1382 1857 1406 1889 si
1428 1867 1509 1900 opus
1530 1858 1635 1897 suerit,
1652 1858 1771 1891 auxilio
1791 1858 1917 1892 brachii
1930 1870 1980 1892 se-

1233 1909 1361 1943 cularis.

1277 1964 1292 2007 g
1313 1962 1364 1996 2⁴2.
1381 1964 1450 1996 Non
1471 1964 1617 1997 obstante
1637 1971 1746 1998 nostra
1765 1965 1804 1998 de
1825 1975 1890 1998 non
1904 1975 1981 1998 con-

1233 2017 1383 2049 cedendis
1408 2017 1617 2060 indulgentiis
1639 2018 1678 2051 ad
1706 2018 1820 2059 instar,
1845 2018 1980 2062 aliisque

455 2068 540 2102 circa
560 2079 597 2102 ea
625 2069 868 2112 quomodolibet
890 2071 1068 2104 necessaria
1092 2078 1121 2104 et
1143 2083 1199 2116 op-
1214 2069 1216 2117 Ῐ
1233 2070 1515 2103 constitutionibus
1548 2077 1575 2104 et
1612 2071 1870 2105 ordinationibus
1901 2082 1979 2116 apo-

454 2128 594 2166 portuna
611 2122 747 2155 faciendi
769 2129 796 2155 et
819 2123 1008 2167 exequendi.

454 2229 652 2262 nerabilibus
672 2230 822 2263 fratribus
842 2230 1045 2274 patriarchis,
1069 2231 1195 2264 archie-

454 2282 605 2326 piscopis,
629 2283 788 2327 episcopis
808 2295 843 2317 ac
865 2285 988 2318 dilectis
1008 2285 1081 2318 filiis
1101 2286 1199 2318 aliha-

455 2335 550 2376 tibus‚
566 2335 727 2379 prioribus
739 2342 767 2369 et
786 2337 855 2370 aliis
874 2338 1019 2381 personis
1040 2339 1071 2371 in
1093 2338 1198 2381 digni-
1214 2359 1215 2364 =

455 2394 517 2422 tate
538 2388 752 2422 ecclesiastica
773 2391 953 2424 constitutis
973 2391 1133 2427 dictorum
1147 2402 1215 2434 re-¹

453 2452 590 2484 gnomm
611 2442 834 2486 Hispaniarum
857 2450 885 2476 et
907 2444 981 2477 dicti
1002 2444 1112 2488 oppidi
1127 2445 1198 2477 val-

453 2495 623 2536 lisoletani,
647 2502 677 2529 et
702 2497 733 2529 in
754 2497 940 2540 particulari
961 2499 1244 2542 venerabilibus

1213 2547 1316 2586 Jiium
1337 2551 1580 2595 quomodolibet
1606 2551 1765 2584 concessis
1792 2551 1980 2595 approbatis

454 2549 612 2593 episcopis
629 2549 848 2583 Salamantino
865 2550 1065 2593 Legionensi.
1087 2558 1115 2584 et
1137 2552 1194 2585 Se-

453 2603 607 2645 goviensi‚
630 2613 714 2636 nunc
736 2609 766 2636 et
782 2614 842 2647 pro
865 2610 1009 2648 tempore
1030 2605 1216 2638 existenti-

453 2656 522 2691 hus.
540 2662 570 2689 et
590 2656 713 2690 dilectis
734 2656 810 2689 filiis
825 2657 860 2689 D.
877 2657 1041 2700 Alphonso
1062 2658 1101 2691 de
1113 2658 1199 2690 Men-

1214 2124 1366 2171 3stolicis.
1388 2134 1492 2168 neque
1520 2124 1593 2157 dicti
1622 2124 1735 2168 oppidi
1761 2131 1792 2158 et
1818 2125 1979 2162 illiustli—

500 2177 516 2217 ξ
537 2175 589 2208 21.
606 2176 761 2214 Quocirca
779 2176 935 2209 universis
953 2182 981 2209 et
1002 2176 1135 2219 singulis
1150 2188 1199 2210 ve·
1214 2178 1215 2214 ζ

1214 2242 1215 2245 ’
1232 2230 1343 2263 stolica
1361 2231 1408 2264 vel
1431 2230 1540 2274 quavis
1560 2230 1712 2264 firmitate
1730 2231 1792 2264 alia
1805 2231 1976 2271 roboratis,

1232 2177 1411 2216 bunalium,
1427 2177 1618 2218 iuramento,
1636 2177 1883 2211 confirmatione
1895 2189 1976 2222 apo-

1232 2284 1356 2317 statutis
1391 2290 1419 2316 et
1461 2284 1749 2317 consuetudinibus
1762 2312 1769 2320 ,
1805 2284 1980 2328 privilegiis

1233 2348 1376 2381 quoque,
1411 2337 1541 2370 indultis
1577 2344 1604 2370 et
1643 2337 1758 2370 litteris
1789 2337 1980 2382 Apostolicis

1232 2391 1290 2424 suh
1311 2391 1568 2434 quibuscumque
1590 2391 1756 2424 tenoribus
1781 2402 1816 2424 ac
1844 2391 1975 2431 formis,

1232 2455 1268 2477 ac
1289 2455 1362 2478 cum
1384 2444 1548 2488 quibusvis
1566 2445 1716 2478 clausulis
1735 2451 1763 2478 et
1783 2445 1955 2485 decretis‚'
1947 2455 1980 2477 in

1232 2508 1350 2534 tenete
1371 2498 1447 2531 vel
1440 2509 1471 2530 ln
1492 2498 1609 2542 specie,
1631 2509 1666 2531 ac
1698 2498 1805 2531 alias
1797 2509 1831 2530 tn
1851 2503 1980 2531 contra-

1234 2610 1262 2637 et
1282 2604 1456 2645 innovatis:
1480 2604 1597 2648 quibus
1617 2604 1780 2644 omnibus,
1801 2615 1915 2637 eorum
1935 2610 1980 2637 te-

1234 2669 1328 2691 umes
1349 2642 1573 2702 praesentibus
1598 2668 1657 2703 pro
1682 2658 1838 2702 expressis
1857 2658 1979 2690 haben-

2024 1971 2134 1993 eonii-arto
2124 1977 2181 1992 ἰι-ιιι

1995 1999 2114 2024 lei-ozano.

2191 2671 2226 3019 j
