2226 3070
118 257 171 285 An.
187 256 216 285 C,
232 257 298 285 1588

318 309 378 349 nis,
401 308 497 341 veluti
517 318 670 352 supremo
692 307 791 352 ipsius
813 308 988 351 Religionis
1015 319 1068 341 ca-

317 361 375 405 piti
396 373 649 406 supremamque
673 362 704 393 in
731 361 844 394 eodem
866 361 984 394 Ordine
1010 372 1067 404 po-

317 420 462 447 testatem
490 421 520 447 et
552 415 777 447 auctoritatem
813 414 964 453 habenti,
998 425 1069 458 per-

316 474 414 512 petuo
435 468 570 508 subsint,
591 468 783 501 auctoritate
803 478 840 500 ac
854 474 963 500 tenore
979 478 1067 511 prae-

317 522 432 563 missis,
455 527 614 566 perpetuo
640 521 870 563 coniungimus
899 531 955 553 seu
986 520 1065 552 invi-

316 587 386 609 cem
413 575 555 615 unimus,
586 574 789 608 annectimus
818 579 848 607 et
877 573 1065 617 incorpora-

316 639 399 662 mus.

358 683 373 725 g
397 681 428 715 3.
456 682 610 714 Volumus
630 691 760 724 quoque
780 690 817 712 ac
830 684 987 722 perpetuo
1001 686 1064 712 sta-

128 749 299 775 [inanique-:vn-
314 735 434 767 tuimus
451 740 480 767 et
499 734 688 767 ordinamus
708 732 794 776 quod
816 732 978 774 deinceps,
995 742 1065 776 per-

114 780 298 806 ⁸“⁸³“⁵''⁰‘'¹‘³³'
312 787 416 830 petuis
446 787 562 819 suturis
591 785 811 829 temporibus,
843 784 947 818 dictae
982 784 1064 817 duae

113 813 295 892 gssori.iiuitiif}‡
310 840 586 884 congregationes,
603 851 640 873 ae
660 850 772 873 earum
785 843 960 871 conventus
976 843 1004 870 et
1018 848 1064 870 re-

111 876 294 939 iiiriatissiiifiiil
310 893 416 936 ligiosi
439 905 477 927 ac
498 895 623 934 l'ratreS,
652 893 787 926 debeant
809 892 874 935 regi
895 896 926 924 et
945 891 1062 934 guber-

111 935 294 993 {32¹⁵ffi'ssfcffiss
309 947 380 980 nari
409 947 448 980 ab
477 958 542 980 uno
578 947 745 980 dumtaxat
783 945 879 978 veluti
909 954 1062 988 supremo

111 999 169 1020 “⁰¹¹⁵
185 1000 278 1020 ⁵¹²¹'¹¹¹³³‘·
309 1001 414 1045 capite
430 1001 575 1045 generali
598 999 748 1034 triennali
765 1010 838 1032 cum
860 998 981 1031 eisdem
998 1003 1062 1030 sta-

308 1055 388 1088 tutis
406 1060 437 1088 et
456 1053 742 1088 constitutionibus
761 1052 846 1085 circa
870 1051 1061 1085 electionem

309 1108 384 1142 dicti
411 1107 582 1151 generalis,
608 1107 710 1140 firmis
733 1113 839 1140 tamen
864 1103 1061 1138 remanenti·

308 1162 368 1194 bus
387 1162 419 1195 in
440 1161 556 1195 ceteris
575 1160 826 1204 particularibus
846 1158 1060 1192 monasterio—

308 1226 381 1248 rum
402 1215 639 1258 cuiuscumque
655 1213 913 1256 congregationis
933 1212 1060 1245 statutis

307 1274 338 1302 et
357 1268 654 1301 constitutionibus.

350 1323 365 1366 ξ
388 1322 420 1355 4.
448 1323 493 1356 Ita
512 1328 621 1355 tamen
641 1321 729 1365 quod
743 1320 867 1365 priores
883 1325 1060 1354 conventus

130 1387 289 1408 canentemex
305 1375 522 1419 Portugalliae
542 1381 575 1409 et
600 1385 683 1408 unus
704 1385 740 1408 ex
759 1374 977 1407 visitatoribus
997 1374 1060 1406 ele-

104 1421 290 1474 'gffiii'ssssffffl'ifffi
306 1430 365 1463 ctis
384 1429 417 1462 in
433 1430 575 1474 capitulo
593 1428 736 1472 generali
754 1438 882 1471 semper
896 1427 1060 1460 naturales

104 1480 291 1536 ssiigen'jffifflsgj
307 1483 385 1516 dicti
411 1483 501 1526 regni
526 1481 745 1525 Portugalliae
765 1481 838 1521 sint,
867 1492 904 1514 ac
928 1491 1060 1524 genera-

108 1543 154 1562 ¹u³¹·
307 1537 346 1569 lis
380 1537 551 1580 utriusque
585 1535 847 1579 congregationis
872 1534 1060 1568 huiusmodi

307 1591 441 1624 alterius
459 1590 596 1630 vicibus,
619 1589 766 1623 videlicet
780 1600 837 1633 pro
856 1599 920 1621 una
934 1589 1059 1622 Lusita-

307 1655 380 1685 nus,
403 1650 434 1678 et
453 1645 553 1677 altera
573 1644 696 1677 vicibus
715 1654 751 1676 ex
769 1643 900 1675 natione
920 1641 1061 1686 Hispana

308 1698 462 1741 eligatur,
477 1709 536 1741 pro
548 1699 607 1730 hac
619 1704 726 1730 tamen
742 1696 847 1740 prima
858 1696 925 1730 vice
945 1696 1060 1729 electio

308 1752 362 1785 fiat
382 1762 419 1785 ex
440 1752 570 1785 natione
590 1751 743 1794 Hispana.

352 1806 367 1849 g
391 1805 423 1839 5.
450 1805 701 1849 Praecipientes,
733 1805 766 1837 in
791 1804 907 1837 virtute
932 1809 1060 1837 sanctae

132 1875 210 1896 emnss
225 1881 288 1896 vm.
307 1859 524 1900 obedientiae,
547 1870 584 1892 ae
604 1859 663 1892 sub
684 1858 917 1901 indignationis
932 1863 1060 1891 nostrae

105 1907 292 1933 ¹e⁵⁰⁰¹¹⁸‘⁰⁸³¹³⁰'
307 1923 424 1957 poena,
451 1913 592 1957 capitulo
626 1912 769 1956 generali
799 1911 875 1945 dicti
909 1911 1057 1951 Ordinis,

105 1938 208 1959 ntsroriu
225 1938 292 1958 alten-

106 1971 136 1992 ⁵³⁸
157 1972 177 1992 in
195 1944 291 1997 vivi-¹¹⁰
306 1966 395 2010 quod
419 1973 492 2011 post
514 1967 625 2000 datum
657 1967 773 1999 harum
795 1972 982 1999 nostrarum
1008 1965 1059 1999 lit-

105 2002 198 2028 capitulo
218 2007 291 2027 gene-
467 2020 472 2025 .
697 2020 702 2025 .
920 2019 925 2024 .

107 2033 145 2054 mii
161 2034 240 2054 numini
257 2034 290 2054 iu-
307 2026 450 2054 terarum
465 2031 497 2053 in
518 2026 768 2064 congregatione
788 2020 827 2053 de
847 2019 1060 2063 Lupianoliu-

106 2064 150 2086 Μ’
306 2074 446 2107 iusniodi
475 2074 710 2115 celebrabitur,
733 2079 893 2118 quatenus
917 2085 992 2107 cum
1023 2085 1059 2108 o-

307 2128 395 2161 mnia
410 2138 494 2170 quae
515 2128 607 2161 decet
627 2127 760 2161 caritate
783 2133 813 2160 et
837 2128 1059 2161 benevolentia

305 2182 389 2215 hanc
408 2182 692 2225 congregationem
708 2182 937 2225 Portugalliae‚
960 2182 1060 2215 illius-

306 2245 370 2278 que
385 2245 498 2268 omnes
517 2241 549 2268 et
569 2235 713 2278 singulos
733 2240 922 2273 conventus,
946 2235 1059 2269 domos

306 2295 338 2321 et
363 2289 570 2329 monasteria,
603 2300 641 2322 ae
667 2289 798 2322 illorum
827 2288 962 2333 priores,
983 2300 1059 2333 pro-

307 2347 485 2383 curatores,
507 2342 698 2376 diffinitorcs
717 2348 748 2375 et
776 2352 999 2386 quascumque
1025 2354 1059 2376 a-

307 2394 364 2428 lias
385 2406 539 2438 personas
559 2396 708 2440 capitulis
732 2396 938 2439 generalibus
962 2396 1060 2429 inter-

307 2444 416 2477 venire
443 2444 552 2477 solitas
578 2445 610 2477 in
640 2455 673 2478 se
697 2444 854 2488 recipiant
881 2451 909 2478 et
943 2445 1059 2478 admit-

308 2499 386 2526 lant.

351 2542 366 2585 ἓ
391 2541 423 2575 6.
450 2541 582 2575 Necnon
611 2542 775 2576 modernis
804 2542 997 2586 provinciali
1031 2549 1062 2576 et

107 2595 292 2644 „0531⁸÷³⁸2¹1‘}ll¹2i31
307 2590 473 2634 prioribus
498 2591 661 2624 dictorum
682 2597 902 2625 conventuum
924 2602 1060 2635 congre-

62 2682 66 2686 ·
106 2649 164 2672 nnus
200 2649 291 2677 aliisque
305 2640 444 2684 gationis
467 2640 696 2685 Portugalliae,
724 2648 886 2686 quatenus
912 2642 991 2676 huic
1021 2653 1060 2675 u-

979 254 1084 280 Slx'rus
1108 255 1127 279 V
1150 255 1199 279 PP.

1777 245 1818 279 59
1878 253 1931 281 An.
1947 253 1976 282 c.
1996 255 2062 283 1588

1110 307 1199 341 nioni
1229 312 1260 341 et
1292 307 1547 351 incorporationi
1583 307 1763 340 voluntarie
1788 317 1865 340 con·
1879 316 2026 342 munoribus
2042 322 2062 337 ο-

1111 366 1254 399 currant,
1277 372 1314 394 ac
1342 360 1485 403 generali
1516 366 1681 403 tamquam
1715 361 1862 393 membra
1878 346 2062 404 ἓῇθζῗξξῇζῗςμ

1111 415 1207 458 capiti
1229 415 1458 458 obsequentes,
1481 419 1511 447 et
1543 414 1772 453 visitatoribus,
1806 415 1860 457 qui

1111 479 1169 511 pro
1193 474 1338 511 tempore
1366 468 1398 500 in
1424 467 1536 500 codem
1559 468 1701 511 capitulo
1719 468 1862 509 generali

1110 521 1282 563 eligentur,
1304 521 1473 554 humiliter
1497 526 1528 554 et
1548 526 1732 554 reverenter
1757 520 1861 554 inten—

1109 574 1195 614 dant,
1218 575 1416 617 illorumquc
1438 574 1568 608 monitis
1584 580 1617 607 et
1632 574 1793 607 mandatis
1814 585 1862 607 sa-

1108 627 1258 660 lubribus
1286 628 1451 661 obediant.

1151 680 1166 722 g
1191 680 1221 713 7.
1253 681 1467 715 Decernentes
1505 687 1691 725 praesentes
1738 680 1861 715 litteras
1903 695 2014 717 clausulae
2036 697 2060 717 aa

1108 733 1198 766 nullo
1227 745 1381 777 umquam
1404 741 1550 779 tempore
1574 735 1613 768 de
1642 734 1859 778 subreptionis
1875 729 1996 781 ξιζῗζξῑξζζῗ
2007 733 2062 781 ,Ἓξ

1107 787 1153 819 vel
1176 786 1375 830 obreptionis
1396 787 1484 828 vitio,
1507 799 1563 821 seu
1585 788 1775 821 intentionis
1799 798 1857 821 no-
1874 790 1969 812 dimm-

1106 844 1189 872 strae
1204 840 1251 872 vel
1274 840 1427 884 quopiam
1449 840 1511 873 alio
1536 841 1678 881 defectu,
1701 841 1797 874 ctiam
1822 852 1859 874 ex

1106 903 1143 925 eo
1169 893 1254 936 quod
1290 893 1444 927 interesse
1474 894 1629 928 habentes
1655 895 1759 928 vocati
1794 905 1858 928 non

1106 946 1372 987 mertunnoiari,
1393 947 1590 991 impugnari,
1617 947 1785 981 invalidari
1804 953 1860 981 aut

1105 1000 1144 1032 ad
1166 1000 1320 1033 terminos
1349 1000 1428 1033 iuris
1447 1011 1503 1033 seu
1524 1000 1558 1033 in
1583 1000 1633 1033 ius
1652 1001 1699 1034 vel
1727 1008 1857 1035 contro-

1103 1053 1239 1086 versiam
1261 1053 1405 1087 revocari
1426 1064 1532 1097 posse;
1555 1053 1666 1097 sicque
1682 1064 1741 1097 per
1760 1066 1858 1098 qnos-

1104 1117 1245 1150 cumque
1270 1107 1394 1140 iudices
1414 1113 1444 1140 et
1464 1106 1716 1147 commissarios,
1747 1108 1858 1151 quavis

1104 1160 1296 1193 auctoritate
1312 1160 1492 1204 fungentes,
1509 1160 1604 1193 etiam
1619 1171 1791 1194 causarum
1804 1161 1860 1194 Pa-

1103 1212 1169 1245 latii
1189 1213 1366 1257 Apostolici
1385 1213 1561 1254 auditores,
1584 1224 1622 1247 ac
1641 1214 1674 1247 S.
1688 1214 1725 1247 R.
1739 1214 1774 1247 E.
1793 1225 1860 1247 car-

1103 1266 1237 1307 dinales,
1251 1267 1377 1300 sublata
1392 1267 1437 1300 eis
1457 1273 1488 1300 et
1503 1277 1617 1300 eorum
1639 1267 1771 1301 cuilibet
1782 1278 1860 1312 qua-

1102 1320 1148 1353 vis
1167 1321 1261 1355 aliter
1274 1320 1439 1354 iudicandi
1458 1326 1489 1354 et
1506 1321 1741 1364 interpretandi
1754 1321 1857 1355 sacul-

1102 1380 1165 1408 tate
1186 1381 1218 1408 et
1236 1374 1441 1415 auctoritate,
1464 1374 1585 1418 ubique
1606 1374 1743 1408 iudicari
1760 1380 1791 1408 et
1805 1375 1859 1409 de-

1102 1428 1188 1462 finiri
1218 1429 1352 1468 debere,
1379 1438 1508 1461 necnon
1538 1428 1666 1461 irritum
1696 1435 1727 1462 et
1761 1429 1858 1463 inane

1103 1482 1261 1526 quidquid
1281 1492 1374 1515 secus
1391 1492 1489 1525 super
1500 1481 1550 1513 his
1563 1492 1581 1514 a
1591 1492 1769 1526 quoquam,
1782 1493 1858 1526 qua-

1102 1536 1146 1568 vis
1167 1535 1373 1575 auctoritate,
1411 1534 1552 1567 scienter
1585 1535 1633 1568 vel
1654 1534 1856 1578 ignoranter,

1103 1589 1274 1632 contigerit
1296 1588 1459 1622 attentari.

1147 1643 1162 1686 g
1188 1642 1218 1676 8.
1246 1642 1315 1681 Quo
1336 1642 1421 1676 circa
1447 1641 1564 1675 dilecto
1584 1642 1652 1675 filio
1672 1648 1784 1677 nostro
1804 1644 1857 1676 Al-
1887 1654 2057 1690 Cominissuium

1102 1696 1194 1729 berto
1215 1696 1310 1729 titulo
1331 1696 1469 1730 Sanctae
1484 1695 1596 1729 Crucis
1608 1696 1639 1729 in
1655 1696 1856 1730 Hierusalem
1872 1686 2058 1740 5353130331-

1102 1750 1290 1795 presbytero
1311 1750 1480 1792 cardinali,
1503 1750 1672 1784 archiduci
1710 1751 1859 1785 Austriae
1872 1751 1929 1774 ω’·

1102 1812 1309 1848 nuncupato,
1338 1809 1449 1837 nostro
1479 1810 1510 1838 et
1534 1804 1738 1848 Apostolicae
1768 1804 1858 1839 Sedis

1103 1859 1135 1892 in
1155 1858 1373 1901 Portugalliae
1394 1863 1427 1891 et
1445 1857 1675 1901 Algarbiorum
1691 1858 1800 1902 regnis
1816 1859 1856 1893 de

1103 1913 1203 1945 latere
1220 1912 1338 1955 legato,
1361 1922 1489 1945 necnon
1509 1911 1664 1945 Toletano
1681 1917 1713 1946 et
1725 1912 1858 1946 Ulixbo-

1103 1965 1194 1999 nensi
1208 1965 1463 2010 archiepiscopis
1478 1976 1537 2009 per
1555 1971 1743 2010 praesentes
1763 1977 1855 1999 man-

1102 2020 1217 2053 damus
1242 2025 1403 2063 quatenus
1427 2019 1500 2063 ipsi,
1530 2019 1577 2052 vel
1598 2019 1663 2053 duo
1683 2025 1739 2052 aut
1772 2030 1856 2053 unus

1102 2084 1229 2114 eorum,
1252 2073 1307 2106 ubi
1329 2079 1359 2106 et
1379 2073 1508 2116 quando
1529 2083 1611 2117 opus
1635 2073 1744 2113 fuerit,
1764 2084 1857 2117 prae-

1102 2133 1208 2161 sentes
1222 2127 1346 2160 litteras
1372 2137 1409 2159 ac
1442 2126 1551 2159 omnia
1571 2133 1602 2160 et
1618 2126 1746 2170 singula
1762 2126 1795 2160 in
1811 2127 1856 2160 eis

1102 2187 1266 2222 contenta,
1286 2181 1319 2213 in
1340 2180 1482 2224 capitulo
1493 2179 1637 2224 generali
1657 2186 1690 2214 et
1703 2180 1736 2214 in
1753 2180 1856 2214 domi-

1102 2237 1161 2269 bus
1181 2246 1238 2269 seu
1259 2234 1465 2269 monasteriis
1485 2239 1516 2267 et
1531 2234 1743 2268 conventibus
1763 2245 1855 2279 prae-

1102 2289 1197 2323 dietis
1217 2288 1377 2333 publicari
1393 2293 1425 2322 et
1439 2287 1601 2321 observari
1623 2294 1749 2321 curent:
1778 2298 1856 2322 con-

1102 2343 1293 2376 tradictores
1313 2352 1372 2385 per
1396 2351 1550 2375 censuras
1574 2341 1809 2375 ecclesiasticas
1820 2353 1854 2374 a-

1101 2397 1210 2439 liaque
1231 2400 1418 2439 opportuna
1437 2394 1518 2428 iuris
1542 2401 1574 2428 et
1602 2394 1676 2428 facti
1697 2395 1854 2435 remedia,

1102 2445 1322 2489 appellatione
1342 2445 1535 2488 postposita,
1558 2444 1810 2488 compescendo,
1828 2444 1855 2476 i-

1102 2505 1241 2538 psasque
1257 2494 1353 2527 etiam
1369 2494 1493 2528 iteratis
1502 2494 1625 2528 vicibus
1638 2494 1854 2538 aggravando;

1103 2542 1250 2576 invocato
1272 2543 1369 2576 etiam
1389 2543 1429 2576 ad
1449 2543 1524 2584 hoc,
1547 2543 1573 2576 si
1585 2553 1666 2587 opus
1677 2542 1783 2582 fuerit,
1797 2552 1855 2575 au-

1102 2592 1178 2625 xilio
1198 2591 1322 2625 brachii
1343 2592 1529 2626 saecularis.

1147 2641 1162 2685 ἓ
1186 2640 1217 2675 9.
1244 2641 1315 2675 Non
1328 2641 1531 2675 obstantibus
1550 2646 1673 2682 nostra,
1692 2646 1854 2685 quatenus
