2226 3070
248 292 297 319 An.
315 293 343 320 C.
367 292 429 320 159¹

264 563 361 583 Ftit'ttllus
372 568 433 587 grui*-

251 590 300 609 ratis
309 596 379 608 *nunes
386 589 432 608 snb-

250 617 305 636 ditos
325 616 432 635 ,tinction-

251 643 278 665 ill.
294 645 328 662 ΔἸΓ.

293 2372 389 2393 Fariiltas
403 2378 448 2398 pro-

268 2400 368 2419 fessorum
385 2398 449 2419 susei-

268 2426 338 2451 piendi
347 2426 430 2445 ordines
438 2431 450 2444 a

268 2458 400 2478 quocumque
414 2458 450 2473 an-

269 2478 340 2499 lisllle.

478 281 543 315 484

445 340 531 373 sonis
551 345 707 372 eteorum
729 337 877 371 domibus
906 342 936 368 et
962 334 1102 368 ecclesiis
1133 335 1180 367 vel

446 393 592 427 oratoriis
609 391 791 425 huiusmodi
805 388 993 423 nominatim
1014 393 1044 421 et
1059 387 1181 431 specia-

447 447 519 479 liter
539 457 575 479 ac
595 445 786 488 generaliter
799 453 949 476 concessa
969 442 1107 474 suistent.

492 502 506 543 ξ
523 499 574 532 27,
599 500 642 532 Ac
662 509 720 541 pro
738 503 881 540 tempore
899 495 1043 528 existenti
1060 495 1184 538 praese-

449 560 498 586 cto
527 551 666 595 generali
695 549 890 587 huiusmodi,
928 554 963 581 ut
992 559 1049 592 per
1075 559 1108 581 se
1135 548 1182 580 vel

453 606 550 639 alium
572 616 626 638 seu
640 604 729 642 alios,
753 603 792 635 ad
812 603 844 635 id
864 613 921 646 per
941 613 1013 635 eum
1034 612 1092 645 pro
1107 607 1184 634 tem-

449 670 526 703 pore
539 659 724 701 deputatum
743 668 798 689 seu
816 656 994 700 deputatos,
1008 666 1183 698 omnesque

449 718 478 745 et
498 712 638 751 singulos
659 710 801 743 eiusdem
814 708 1068 751 congregationis
1080 708 1183 742 socios

449 772 478 799 et.
496 775 658 809 personas,
682 764 740 796 sub
766 763 834 796 eius
863 762 1056 802 obedientia,
1088 762 1182 795 disci-

449 819 534 862 plina
555 823 582 851 et
604 817 803 850 correctione
823 827 880 860 pro
901 822 1046 860 tempore
1067 816 1184 858 degen-

450 878 504 909 tes,
528 872 567 904 ab
589 871 739 904 omnibus
760 876 790 903 et
807 869 939 912 singulis
968 880 1078 902 eorum
1104 880 1180 912 pec-

449 925 536 965 catis,
561 930 632 957 ante
653 925 700 957 vel
720 929 791 968 post
815 923 993 966 ingressum
1014 922 1046 955 in
1067 922 1184 955 dictam

448 978 728 1021 congregationem
749 988 807 1021 per
827 988 880 1010 eos
900 976 1089 1015 commissis,
1113 987 1185 1009 nec-

449 1043 512 1065 non
531 1044 548 1064 a
568 1031 731 1075 quibusvis
751 1030 1099 1069 excommunicationis,
1127 1041 1182 1062 su-

449 1085 626 1130 spensionis
647 1090 677 1118 et
696 1084 855 1118 interdicti
877 1084 1010 1128 aliisque
1031 1083 1182 1116 ecclesia-

450 1139 535 1173 sticis
556 1145 584 1172 et
611 1139 807 1172 secularibus
837 1137 1011 1177 sententiis,
1046 1137 1186 1170 censuris

451 1199 481 1227 et
505 1193 626 1237 poenis,
663 1204 680 1225 a
709 1193 777 1225 iure
802 1192 849 1225 vel
876 1192 915 1224 ab
947 1191 1088 1229 homine,
1122 1202 1185 1224 non

451 1254 556 1281 tamen
574 1246 776 1285 nominatim,
800 1245 1044 1289 quomodolibet
1064 1244 1133 1277 latis
1158 1250 1185 1277 ct

450 1300 669 1345 promulgatis,
694 1306 722 1332 et
744 1298 926 1332 huiusmodi
952 1298 1115 1331 sententiis
1141 1298 1188 1330 in-

452 1355 597 1391 nodatos,
620 1359 672 1386 aut
695 1353 726 1385 in
751 1352 828 1385 locis
849 1352 1063 1385 ecclesiastico
1093 1352 1188 1384 inter-

453 1408 537 1441 dicto
558 1407 741 1451 suppositis,
759 1406 863 1439 divina
875 1406 979 1438 officia
992 1406 1189 1438 celebrantes

453 1468 480 1495 et
502 1461 719 1504 suscipientes,
743 1466 773 1492 et
793 1459 935 1492 censuris
949 1459 1132 1492 huiusmodi
1146 1459 1189 1491 sic

454 1515 577 1557 ligatos,
601 1520 632 1547 et
660 1519 831 1557 propterea
859 1519 911 1546 aut
941 1513 1019 1546 alias
1044 1524 1080 1546 ex
1109 1522 1189 1556 quo-

454 1579 592 1612 cumque
617 1567 718 1611 capite
749 1567 798 1600 vel
827 1578 931 1605 causa,
965 1572 1189 1610 praeterquam

455 1621 618 1655 homicidii
639 1621 821 1659 voluntarii,
844 1620 1001 1663 bigamiae
1026 1631 1063 1653 ac
1092 1631 1192 1652 mem-

455 1676 586 1708 brorum
613 1674 834 1711 mutilationis,
858 1674 1125 1716 irregularitatcm
1146 1673 1192 1705 in-

456 1735 629 1769 currentes,
651 1728 825 1772 apostolica
848 1728 1046 1765 auctoritate,
1069 1727 1099 1759 in
1124 1728 1192 1760 soro

457 1782 671 1816 conscientiae
699 1787 821 1814 tantum
852 1781 1037 1820 absolvere,
1070 1792 1192 1813 necnon

457 1847 528 1870 cum
551 1835 606 1874 eis,
640 1835 664 1868 si
696 1845 775 1878 opus
807 1834 911 1873 suerit,
936 1834 1030 1867 etiam
1049 1845 1120 1867 cum
1143 1845 1193 1867 re-

458 1889 677 1922 habilitatione
707 1894 738 1921 et
766 1888 962 1921 abstersione
989 1887 1194 1921 inhabilitatis

459 1949 489 1976 et
506 1942 656 1976 infamiae
677 1942 820 1974 maculae
841 1942 1046 1985 dispensare,
1077 1941 1116 1974 ita
1148 1947 1194 1974 ta-

460 2007 543 2037 men,
568 1996 653 2039 quod
673 1995 716 2028 sic
738 1995 873 2028 absoluti
895 2001 925 2028 et
945 1995 1116 2038 dispensati
1136 2005 1195 2039 pro

461 2056 614 2094 tempore,
636 2049 660 2082 si
682 2060 717 2082 ex
738 2049 922 2082 huiusmodi
949 2049 1196 2091 congregatione

460 2104 728 2147 quandocumque
756 2103 975 2145 egrediantur,
1008 2113 1044 2135 eo
1065 2102 1133 2146 ipso
1166 2102 1195 2135 in

461 2156 608 2200 pristinas
627 2156 797 2189 sententias
816 2161 846 2189 et
870 2166 1029 2195 censuras,
1046 2167 1063 2189 a
1083 2156 1198 2200 quibus

462 2221 515 2243 eos
546 2209 665 2243 absolvi
701 2209 914 2252 contingerit,
951 2210 1135 2242 relabantur
1168 2215 1198 2243 et

462 2263 649 2295 reincidunt.

508 2320 524 2360 g
543 2317 594 2350 028.
608 2317 749 2361 Ipsisque
771 2317 876 2357 sociis,
892 2317 1040 2350 fratribus
1052 2328 1198 2360 expresse

464 2371 615 2415 professis
636 2370 889 2413 congregationis
909 2370 1092 2404 huiusmodi
1105 2376 1134 2403 et
1146 2382 1199 2403 eo-

465 2435 536 2457 rum
556 2424 698 2466 singulis,
721 2429 755 2457 ut
775 2435 792 2456 a
811 2424 1065 2468 quibuscumque
1076 2425 1198 2457 malue-

465 2478 528 2511 rint
547 2477 710 2510 catholicis
727 2477 917 2510 antistitibus
928 2478 1062 2520 gratiam
1074 2483 1104 2511 et
1114 2488 1200 2510 eom-

467 2531 653 2564 munionem
684 2530 786 2563 dictae
809 2531 897 2564 Sedis
926 2531 1128 2572 habentibus,
1161 2532 1199 2564 ad

466 2596 582 2625 sacros,
599 2584 694 2617 etiam
708 2584 972 2628 praesbyteratus,
987 2584 1126 2624 ordines,
1142 2585 1200 2617 sub

470 2639 559 2671 titulo
584 2637 766 2682 pauperatis
804 2637 1058 2680 congregationis
1090 2638 1199 2670 huius-

469 2692 556 2726 modi
576 2691 770 2736 promoveri‚
793 2691 832 2724 de
852 2691 979 2724 licentia
990 2697 1096 2724 tamen
1106 2702 1199 2735 prac-

1026 287 1206 311 BULLARIUM
1223 286 1375 309 ROMANUM

1963 281 2011 307 An.
2029 281 2056 307 C.
2080 280 2143 307 159¹

1216 333 1287 366 secti
1306 344 1360 366 seu
1383 332 1511 365 alterius
1543 342 1653 365 eorum
1680 331 1871 374 superioris,
1900 342 1949 364 se-

1216 387 1356 421 cundum
1389 396 1500 418 eorum
1532 384 1788 423 constitutiones
1827 385 1950 428 ipsique

1216 439 1369 473 antistites
1389 438 1516 472 ordines
1537 438 1621 482 Ipsos
1642 437 1824 471 huiusmodi
1844 437 1947 478 sociis,

1216 494 1335 537 absque
1356 492 1557 526 obedientiae
1583 497 1613 525 et
1641 491 1785 524 omnium
1815 491 1949 524 aliorum

1217 546 1428 591 promissione
1446 546 1493 578 vel
1514 545 1707 587 obligatione
1725 544 1879 577 conferre.

1262 602 1276 644 ᾗ
1296 600 1348 633 29.
1373 601 1417 633 Ae
1438 599 1522 632 dicto
1543 599 1703 643 praefecto
1724 597 1864 640 generali
1894 609 1951 641 pro
2004 609 2100 629 facum<
2116 615 2149 633 „0-

1218 661 1359 698 tempore
1381 654 1535 691 existenti,
1563 664 1618 686 seu
1641 653 1679 685 de
1709 652 1791 685 illius
1811 651 1949 691 licentia,
1967 636 2150 691 Z'Slfi'l‘sutlissl'tlli

1217 708 1383 753 praesectis
1404 707 1609 741 inferioribus
1627 706 1762 739 aliorum
1794 706 1949 745 locorum,
1969 688 2022 709 stem
2031 689 2137 710 'mmmm'

1217 773 1272 795 seu
1292 761 1541 805 provincialibus
1568 760 1670 793 dictae
1699 758 1954 801 congregationis

1218 827 1276 860 pro
1298 822 1441 859 tempore
1459 815 1675 853 existentibus,
1699 820 1729 847 et
1754 814 1882 847 illorum
1903 813 1951 845 vi-

1218 869 1321 909 cariis,
1345 880 1381 902 ac
1397 868 1648 902 locatenentibus
1664 873 1698 900 ut
1719 878 1790 900 cum
1811 867 1953 900 eiusdem

1219 922 1474 966 congregationis
1500 922 1644 966 personis
1674 922 1830 955 desectum
1867 926 1956 954 nata-

1219 976 1308 1014 lium,
1329 976 1425 1009 etiam
1447 987 1484 1009 ex
1505 975 1675 1015 adulterio,
1698 974 1876 1017 sacrilegio,
1908 974 1956 1007 in-

1220 1035 1305 1063 cestu
1326 1035 1356 1062 et
1373 1029 1483 1073 quovis
1503 1029 1565 1062 alio
1585 1028 1706 1062 nefario
1726 1033 1757 1061 et
1781 1028 1891 1061 illicito
1921 1038 1957 1060 ac

1220 1083 1380 1127 prohibito
1401 1088 1431 1115 et.
1450 1083 1600 1115 damnato
1621 1082 1706 1115 coitu
1718 1081 1955 1125 provenientem

1220 1136 1423 1180 patieiitilms‚
1448 1142 1618 1180 postquam
1636 1136 1667 1168 in
1689 1135 1958 1177 dictatrongi‘ega-

1222 1191 1305 1224 tione
1326 1196 1398 1224 vota
1418 1190 1602 1228 emiserunt,
1626 1195 1670 1229 ut,
1694 1190 1819 1222 defectu
1847 1189 1958 1222 huius-

1221 1244 1307 1277 modi
1317 1255 1380 1277 non
1394 1244 1548 1284 obstante,
1559 1244 1597 1276 ad
1610 1253 1828 1287 quoscumque
1839 1253 1955 1283 sacros,

1222 1298 1315 1332 etiam
1337 1298 1583 1342 presbyteratus,
1608 1297 1736 1330 ordines
1761 1297 1955 1341 promoveri,

1222 1358 1251 1385 et
1269 1352 1299 1384 in
1321 1351 1381 1383 illis
1401 1351 1432 1384 in
1450 1351 1557 1384 altaris
1571 1350 1748 1384 ministerio
1765 1350 1956 1391 ministrare,

1223 1416 1346 1438 necnon
1367 1406 1406 1437 ad
1427 1414 1644 1448 quascumque
1655 1403 1956 1443 administrationes

1223 1464 1430 1503 personatus,
1461 1457 1764 1502 praeeminentiatus
1793 1463 1823 1490 et
1858 1457 1960 1490 officia

1224 1512 1326 1546 dictae
1347 1511 1603 1554 congregationis
1623 1510 1707 1553 eligi,
1731 1510 1854 1544 admitti
1872 1516 1962 1544 etas-

1224 1566 1305 1599 sumi
1328 1566 1443 1609 illaque
1461 1576 1573 1607 gerere
1594 1570 1624 1597 et
1644 1575 1802 1597 exercere.

1269 1621 1283 1660 ,ξ
1303 1618 1355 1652 30.
1380 1620 1422 1651 Ae.
1442 1619 1601 1662 praefecto
1619 1624 1649 1651 et
1669 1617 1762 1651 sociis
1786 1628 1961 1660 congrega-

1226 1673 1321 1707 tionis
1339 1672 1534 1708 huiusmodi.
1555 1677 1590 1704 ut
1610 1682 1832 1715 quaecumque
1846 1672 1915 1704 loca
1932 1676 1963 1704 et

1227 1728 1340 1760 domus
1365 1726 1403 1758 ad
1426 1725 1669 1758 inhabitandum
1699 1724 1742 1758 cis
1771 1725 1889 1758 donata
1914 1725 1962 1758 vel

1227 1780 1265 1813 ab
1287 1779 1347 1812 illis
1371 1778 1613 1823 quomodolibet
1632 1778 1750 1816 habita,
1790 1777 1821 1810 in
1851 1778 1963 1811 domos

1228 1840 1258 1867 et
1278 1832 1417 1866 oratoria
1437 1831 1563 1865 Ordinis
1584 1837 1614 1864 et
1635 1831 1891 1874 congregationis
1906 1831 1964 1864 hu-

1229 1886 1366 1920 iusmodi
1387 1886 1521 1926 erigere,
1546 1886 1660 1925 facere,
1690 1896 1746 1918 seu
1782 1885 1859 1927 erigi
1888 1896 1963 1928 pro-

1229 1951 1350 1981 curare,
1374 1940 1493 1983 absque
1511 1950 1591 1971 nova
1612 1938 1713 1971 dictae
1730 1938 1819 1972 Sedis
1829 1939 1965 1982 desuper

1230 1994 1403 2027 obtinenda
1420 1992 1667 2037 approbatione,
1692 1992 1791 2025 libere
1823 1997 1853 2025 et
1881 1992 1966 2025 licite

1231 2047 1351 2092 possint
1370 2053 1398 2080 et
1420 2047 1554 2079 valeant.
1588 2046 1718 2079 Necnon
1746 2045 1771 2078 si
1801 2046 1967 2088 contingat

1231 2102 1426 2146 praesectum
1458 2105 1487 2133 et
1515 2100 1619 2133 socios
1640 2099 1724 2143 ipsos
1744 2099 1885 2143 aliquam
1908 2100 1966 2132 do-

1232 2166 1331 2195 mum,
1355 2154 1533 2192 ecclesiam,
1558 2153 1734 2186 oratorium
1755 2164 1810 2186 seu
1824 2153 1967 2197 quemvis

1232 2209 1328 2242 alium
1350 2209 1456 2241 locum
1478 2208 1580 2241 dictae
1598 2207 1854 2249 congregationis
1880 2207 1967 2240 aedi-

1232 2263 1327 2296 ficare
1348 2268 1378 2295 et
1397 2267 1592 2301 construere,
1615 2272 1671 2293 seu
1692 2260 1723 2293 id
1746 2271 1804 2304 per
1835 2260 1968 2294 alieuius

1232 2326 1387 2360 personae
1406 2319 1629 2348 testamentum
1651 2313 1796 2346 mandari
1816 2314 1863 2347 vel
1889 2325 1969 2358 quo-

1232 2370 1276 2403 vis
1296 2370 1392 2402 modo
1420 2368 1528 2402 offerri
1560 2369 1703 2409 domum,
1735 2367 1883 2401 ecclesias
1912 2379 1968 2402 seu

1233 2422 1372 2456 oratoria
1392 2423 1439 2455 vel
1457 2422 1527 2455 loca
1547 2421 1741 2461 huiusmodi,
1766 2432 1837 2454 cum
1858 2421 1965 2454 omni-

1233 2478 1291 2510 bus
1309 2477 1347 2510 ad
1370 2476 1400 2509 id
1420 2475 1607 2509 necessariis
1627 2481 1657 2508 et
1676 2475 1867 2518 opportunis
1891 2485 1968 2508 con-

1233 2530 1311 2564 strui
1329 2535 1359 2563 et
1386 2529 1565 2570 aedificari,
1586 2540 1622 2562 ae
1642 2529 1748 2562 locum
1769 2539 1828 2572 pro
1853 2528 1965 2561 huius-

1234 2584 1321 2617 modi
1341 2583 1577 2617 construetione
1596 2583 1738 2616 oblatum
1751 2581 1850 2625 recipi
1862 2592 1965 2625 posse3

1235 2638 1381 2682 ipsasque
1412 2637 1535 2677 domos,
1568 2636 1716 2669 ecclesias
1729 2663 1736 2677 ,
1768 2635 1908 2668 oratoria
1939 2640 1969 2668 et

1235 2691 1329 2724 cellas
1350 2690 1484 2724 ubilibet
1503 2701 1561 2734 per
1581 2690 1681 2723 dictos
1697 2689 1800 2722 socios
1810 2698 1869 2732 pro
1889 2693 1968 2721 tern-

2012 1622 2098 1647 Aliaque
2114 1622 2160 1642 lora

1978 1649 2100 1675 reeipiendi.
