2226 3070
30 325 82 351 An.
99 323 128 349 G.
146 321 213 349 1592

844 320 989 344 CLEMENS
1011 320 1067 343 vm
1089 321 1139 343 PP.

1659 307 1714 339 3711

1768 316 1816 342 An.
1834 316 1863 341 C.
1883 316 1949 342 1592

229 374 315 401 ctum
337 368 439 401 filium
452 368 608 402 Thomam
623 369 816 408 Astoaudux,
833 368 973 411 equitem
1011 367 1139 399 sistorio
1172 372 1281 400 nostro
1311 372 1434 399 secreto
1464 367 1502 398 ‹le
1533 375 1689 397 consensu
1722 370 1951 397 etsi1n‹›0nst.<10m

229 428 385 463 nostrum,
397 427 426 455 et
435 421 524 455 Sedis
533 421 733 465 Apostolicae
746 421 970 458 feudatarium,

228 475 372 508 eiusdem
387 474 520 508 civitatis
534 481 564 507 et
577 474 745 507 comitatus
758 474 900 513 nomine,
917 484 974 506 no-

228 528 275 560 bis
296 528 459 561 humiliter
480 528 538 560 hac
560 528 591 560 in
618 533 707 571 parte
728 527 902 570 porrectis,
926 527 973 559 in-

228 581 351 620 clinati,
373 581 431 613 bac
452 586 562 613 nostra
586 586 742 624 perpetuo
765 580 898 612 valitura
919 580 973 612 de-

228 634 401 666 claratione
419 633 622 666 decernimus
653 639 683 665 et
708 633 909 665 declaramus
930 632 973 663 ci-

228 687 355 720 vitatem
376 687 632 720 Avenionensem
654 692 682 718 et
704 686 892 718 comitatum
916 685 972 717 Ve-

227 740 423 779 naissinum,
447 739 669 783 civitatesque,
695 744 812 775 terras.
834 738 968 782 oppida,

228 799 350 831 castra,
374 793 464 825 villas
489 799 519 825 et
543 793 614 825 loca
643 802 866 835 quaecumque
897 791 971 823 dicti

227 846 396 880 comitatus
416 846 508 879 nobis
538 851 569 878 et
593 846 623 878 S.
647 846 683 877 R.
707 845 740 877 E.
766 844 903 877 mediate
923 844 971 876 vel

228 899 412 932 immediate
433 899 595 939 subiecta,
622 904 783 940 tamquam
815 897 967 940 propria,

227 952 401 997 peculiaria
421 957 452 985 et
471 951 658 984 charissima
678 950 821 983 eiusdem
835 950 865 983 S.
882 951 916 982 R.
934 950 967 982 E.

226 1006 332 1044 bona,
356 1016 393 1038 ao
421 1004 671 1038 vetustissimum
703 1003 787 1036 illius
818 1002 972 1046 patrimo-

226 1059 327 1099 nium,
351 1059 409 1092 sub
427 1058 570 1102 praefata
590 1057 817 1090 constitutione
838 1056 884 1088 Pii
898 1056 920 1088 V
933 1056 971 1088 de

226 1112 422 1152 civitatibus,
447 1112 540 1145 terris
560 1118 589 1144 et
608 1110 686 1143 loeis
706 1109 805 1153 ipsius
824 1110 853 1142 S.
878 1109 913 1142 R.
935 1109 967 1141 E.

226 1176 290 1198 non
308 1165 485 1198 alienandis
504 1175 609 1208 neque
627 1162 838 1201 infeudandi&
862 1173 918 1194 seu
940 1161 971 1194 in

227 1219 355 1262 quosvis
376 1219 455 1252 alios
475 1219 542 1251 ullo
567 1218 664 1250 modo
694 1216 922 1249 transferendis
942 1222 972 1248 et

225 1272 446 1311 remittendis,
476 1282 549 1305 eum
584 1270 668 1303 illius
698 1269 970 1303 declarationibus

226 1325 315 1358 factis
336 1331 367 1358 et
387 1325 551 1365 faciendis,
566 1334 703 1368 quarum
717 1323 862 1356 omnium
884 1328 972 1356 teno-

224 1389 285 1419 reS,
310 1379 532 1422 praesentibus
552 1388 588 1411 ac
613 1378 638 1410 si
669 1378 709 1410 ad
735 1376 866 1409 verbum
888 1376 971 1408 inse-

227 1438 386 1473 rerentur,
401 1443 460 1476 pro
474 1431 671 1465 sufficienter
684 1429 840 1473 expressis
860 1430 971 1462 baberi

224 1486 382 1527 volumus,
402 1485 672 1529 compraehensas
693 1494 760 1517 esse
780 1489 809 1517 et
830 1482 968 1523 censeri:

225 1545 255 1572 et
272 1546 443 1583 propterea
462 1549 527 1572 non
548 1538 665 1571 debere
686 1548 790 1581 neque
802 1548 893 1581 posse
906 1537 971 1570 ullo

225 1600 380 1637 tempore,
394 1593 505 1637 quovis
525 1592 670 1636 quaesito
692 1592 800 1624 colore
820 1591 972 1634 velprae-

226 1652 322 1685 textu,
340 1658 436 1680 eausa
456 1647 504 1679 vel
526 1645 704 1685 occasione,
718 1656 735 1677 a
747 1654 967 1688 quocumque,

225 1701 293 1734 sine.
314 1700 574 1734 contraventione
603 1699 787 1743 praedictae
815 1698 971 1731 constitu-

228 1755 321 1787 tionis
353 1760 383 1787 et
413 1754 497 1787 illius
533 1753 809 1789 declarationum,
841 1761 971 1794 quoque

226 1809 322 1841 modo
343 1807 486 1845 alienari,
511 1806 654 1847 distrahi,
672 1804 907 1843 dismembrati,
925 1805 972 1836 in-

226 1861 360 1901 feudari,
383 1860 569 1899 transferri,
590 1859 730 1899 remitti,
754 1857 894 1891 abdicari
915 1868 970 1890 seu

226 1914 329 1947 deseri
365 1919 405 1951 et,
438 1920 471 1946 ut
502 1913 701 1957 praefertur,
731 1912 842 1955 quovis
874 1911 971 1943 modo

228 1967 373 2001 concedi.
654 2007 656 2009 ‚

271 2022 285 2065 ἓ
305 2020 530 2060 &Quinimmo
549 2026 660 2053 contra
672 2018 889 2063 praesentium
911 2017 971 2049 bu-

228 2074 365 2107 iusmodi
396 2080 562 2113 tenorem,
592 2083 650 2116 pro
684 2077 830 2115 tempore
862 2070 972 2114 quavis

227 2138 322 2161 causa
351 2126 512 2160 faciendas
543 2124 769 2161 alienationes,
794 2123 973 2157 distractio-

227 2191 293 2220 nes,
304 2178 616 2218 dismembrationes‚
627 2176 872 2216 infeudationes,
883 2175 972 2208 abdi-

226 2234 378 2273 cationes,
395 2244 431 2265 ac
452 2232 529 2265 alias
551 2240 771 2274 quascumque
793 2228 972 2262 concessio-

226 2298 282 2320 nes
302 2285 449 2331 superius
469 2293 644 2329 expressas,
659 2283 763 2315 nullas
776 2288 803 2315 et
818 2282 972 2314 invalidas

227 2342 293 2373 fore
315 2345 346 2373 et.
365 2350 444 2372 esse.

139 2424 154 2435 ,
271 2393 333 2437 ἓῧ.
355 2395 398 2426 Ae
418 2403 476 2436 pro
498 2397 642 2435 tempore
664 2391 782 2422 electos
803 2388 899 2422 trium
921 2398 972 2421 or-

28 2446 338 2495 &2310031522233diuum
360 2444 546 2478 huiusmodi
571 2444 610 2476 ab
641 2442 702 2475 illis
733 2442 910 2475 reclamare
942 2445 970 2473 et

29 2502 115 2546 2:³³⁵ng
143 2502 210 2521 ΓΜ·
227 2505 337 2533 contra
354 2498 459 2538 reniti,
474 2497 625 2531 omnibus
643 2496 720 2529 iuris
737 2501 764 2528 et
780 2494 850 2527 facti
869 2504 972 2527 reme-

226 2553 301 2593 diis,
325 2563 418 2596 posse
434 2551 520 2584 licite
541 2556 571 2584 et
588 2550 732 2583 iuridice.

272 2608 288 2648 Ξ
309 2605 339 2638 lt.
363 2606 615 2647 Praesentesque
636 2607 791 2646 perpetuo
812 2600 931 2633 validas
943 2604 973 2631 et

29 2657 212 2705 ςξξζξῗξξωῇᾙ
227 2659 371 2693 efficaces
388 2657 521 2691 existere
543 2662 573 2689 et
600 2656 684 2696 fore,
708 2655 901 2698 plenamque
921 2661 973 2684 ro-

30 2710 70 2730 ’Ἣ
93 2711 170 2736 ¹¹²b0‘1
187 2718 211 2732 ἃς
228 2712 317 2747 boris
338 2712 524 2745 tirt‘nitatem
553 2710 718 2749 obtinere,
742 2718 778 2741 ac
798 2706 823 2740 si
844 2707 875 2739 in
897 2716 972 2738 con—

94 2079 210 2100 Quaecum-

28 2109 68 2130 que
74 2104 212 2124 attenationes

28 2131 95 2150 nullae
111 2133 164 2153 snm,

1008 420 1141 453 consilio
1162 420 1393 453 venerabilium
1415 420 1547 451 fratrum
1569 425 1749 451 nostrorum

1007 474 1036 507 S.
1054 475 1088 507 R.
1104 474 1137 507 E.
1153 474 1365 507 cardinalium
1388 474 1487 506 factae
1508 472 1649 505 fuissent.

1052 529 1067 568 ξ
1089 527 1118 559 5.
1141 527 1255 570 Sicque
1276 538 1333 570 per
1357 536 1579 570 quoscumque
1607 525 1747 561 iudices,

1007 580 1186 613 ordinarios
1208 587 1235 613 et
1267 581 1444 622 delegatos,
1465 579 1560 612 etiam
1583 588 1749 611 causarum

1007 633 1115 665 Palatii
1149 633 1321 675 Apostolici
1350 633 1513 665 auditores
1540 642 1576 664 ac
1600 631 1630 664 S.
1655 631 1690 663 R.
1715 631 1747 662 E.

1007 685 1205 725 cardinales,
1230 686 1324 718 etiam
1356 686 1395 718 de
1423 686 1521 717 latere
1545 685 1677 727 legatos,
1701 695 1752 715 su-

1006 738 1091 771 blata
1110 739 1170 771 illis
1191 740 1283 772 aliter
1304 739 1466 772 iudicandi
1486 739 1646 775 facultate,
1672 737 1752 769 iudi-

1006 792 1069 824 cari
1091 798 1119 825 et
1147 793 1276 825 diffiniri
1308 793 1440 829 (lebcre2
1466 793 1590 825 irritum
1624 801 1752 835 quoque

1006 852 1034 878 et
1057 846 1149 879 inane
1171 847 1373 879 decernimus
1398 846 1556 890 quidquid
1585 856 1676 877 secus
1702 857 1753 877 su-

1007 910 1063 943 per
1084 900 1132 932 liis
1161 911 1178 933 a
1199 911 1374 944 quoquam,
1399 900 1509 943 quavis
1539 899 1748 935 auctoritate„

1006 953 1144 986 scienter
1174 954 1222 986 vel
1260 953 1465 995 ignoranter,
1498 952 1664 993 eontigerit
1700 957 1748 983 at-

1007 1007 1132 1039 tentari.

1051 1061 1067 1101 ξ
1089 1059 1119 1091 G.
1144 1060 1213 1092 Non
1240 1060 1440 1092 obstantibus
1471 1058 1752 1092 constitutionibus

1007 1118 1037 1145 et.
1057 1113 1314 1145 ordinationibus
1335 1112 1539 1156 apostolicis,
1564 1123 1598 1144 ar
1620 1112 1753 1144 civitatis

1007 1166 1218 1199 Avenionensi
1240 1172 1269 1199 et
1295 1166 1465 1199 comitatus
1486 1165 1724 1209 praedictorum
1743 1192 1749 1201 ,

1007 1219 1154 1263 illiusque
1169 1219 1343 1260 civitatum,
1358 1219 1566 1263 oppidorum,
1579 1224 1750 1255 terrarum,

1007 1279 1206 1311 castrorum,
1228 1274 1324 1306 etiam
1350 1273 1552 1313 iuramento,
1582 1274 1752 1305 confirma>

1768 404 1839 448 :iu-set
1856 403 1949 429 publica-

1777 437 1795 449 ιΙ.

1794 561 1911 581 clamatae.

1797 1089 1952 1110 Contrariorum

1769 1116 1885 1141 derogatio.

1007 1326 1092 1360 tione
1121 1326 1297 1370 apostolica
1316 1327 1365 1359 vel
1390 1326 1500 1370 quavis
1521 1325 1671 1358 firmitate
1693 1325 1752 1357 alia

1007 1380 1187 1419 roboratis,
1216 1379 1340 1413 statutis
1376 1385 1403 1412 et
1442 1378 1750 1415 consuetudinibus3

1007 1433 1180 1477 privilegiis
1200 1444 1340 1477 quoque,
1356 1432 1486 1465 indultis
1504 1438 1533 1465 et
1554 1431 1666 1464 litteris
1677 1442 1754 1474 apo-

1007 1487 1126 1520 stolicis
1147 1487 1405 1530 quibuscumque
1426 1486 1571 1525 regibus,
1595 1485 1730 1518 ducibus
1743 1512 1750 1522 ,

1007 1540 1205 1584 11>t²ineipilms
1225 1546 1255 1573 et
1273 1540 1342 1572 aliis
1359 1539 1516 1583 personis,
1540 1539 1599 1571 suli
1620 1539 1752 1581 quibus-

1007 1604 1145 1637 cumque
1166 1593 1330 1627 tenoribus
1351 1598 1382 1625 et
1402 1592 1522 1633 formis,
1538 1603 1574 1624 ac
1594 1603 1665 1624 cum
1685 1592 1754 1634 qui-

1006 1647 1111 1679 busvis
1139 1646 1309 1687 clausulis,
1333 1645 1596 1688 irritantilmscpte
1626 1651 1653 1677 et
1683 1645 1753 1677 aliis

1007 1700 1153 1740 decretis,
1169 1700 1264 1733 etiam
1283 1705 1373 1732 motu
1394 1698 1525 1742 proprio
1547 1704 1575 1730 et
1597 1697 1752 1730 consisto-

1006 1754 1137 1793 rialiter,
1161 1753 1192 1785 in
1214 1763 1331 1795 genere
1352 1753 1400 1785 vel
1418 1752 1450 1784 in
1472 1751 1577 1795 speeie
1602 1757 1653 1783 aut
1677 1751 1754 1783 alias

1007 1807 1038 1840 in
1057 1807 1254 1840 contrarium
1275 1806 1517 1850 quomodolibet
1545 1805 1704 1838 concessis
1724 1811 1750 1837 et

1006 1861 1038 1894 in
1064 1867 1229 1905 posterum
1258 1860 1488 1899 concedendis;
1512 1859 1628 1903 quibus
1648 1859 1753 1892 omni-

1006 1914 1076 1954 bus,
1098 1914 1221 1947 etiamsi
1243 1914 1282 1946 de
1308 1913 1369 1945 illis
1399 1923 1576 1956 eorumque
1606 1911 1678 1945 totis
1710 1918 1754 1944 te-

1007 1967 1140 2000 noribus
1152 1967 1309 2011 specialis,
1322 1966 1482 2010 specifica,
1500 1976 1647 2009 expressa
1661 1970 1691 1997 et
1705 1965 1752 1997 iu-

1007 2020 1146 2059 dividua,
1167 2030 1232 2052 non
1254 2024 1360 2051 autem
1390 2029 1447 2062 per
1478 2018 1636 2051 clausulas
1656 2029 1753 2060 gene-

1007 2074 1089 2106 rales
1109 2073 1194 2106 idem
1213 2073 1435 2117 importantes,
1450 2071 1571 2104 mentio
1585 2082 1640 2104 seu
1655 2082 1754 2115 quae-

1007 2126 1052 2159 vis
1081 2126 1143 2159 alia
1175 2126 1336 2170 expressio
1368 2125 1537 2163 habenda,
1563 2130 1617 2157 aut
1648 2125 1754 2168 aliqua

1007 2180 1068 2212 alia
1089 2179 1244 2223 exquisita
1266 2180 1370 2211 forma
1390 2179 1429 2211 ad
1450 2178 1511 2211 boc
1532 2178 1686 2210 servanda
1706 2178 1753 2210 fo-

1007 2237 1065 2271 ret,
1087 2232 1217 2265 illorum
1237 2237 1380 2269 tenores,
1404 2242 1440 2263 ac
1466 2231 1491 2263 si
1524 2231 1562 2263 de.
1588 2230 1685 2263 verbo
1715 2232 1753 2263 ad

1007 2285 1140 2318 verbum
1183 2285 1419 2323 insererentur,
1461 2294 1520 2327 pro
1559 2283 1755 2316 sufficienter

1007 2337 1163 2382 expressis
1187 2337 1352 2377 babentes,
1376 2336 1438 2369 illis
1458 2336 1535 2369 alias
1561 2336 1592 2369 in
1617 2347 1675 2369 suo
1701 2347 1754 2369 ro-

1008 2393 1085 2425 bore
1106 2391 1335 2436 permansuris,
1356 2391 1509 2424 latissime
1530 2391 1589 2424 bac
1612 2391 1678 2424 viee
1701 2391 1755 2424 de-

1007 2456 1175 2488 rogamus,
1200 2443 1398 2487 eaeterisque
1427 2444 1594 2477 contrariis
1622 2444 1753 2487 quibus-

1007 2509 1156 2542 cumque.

1051 2553 1163 2585 Datum
1185 2551 1305 2584 Romae
1326 2550 1410 2595 apud
1424 2551 1454 2584 S.
1469 2551 1611 2591 Petrum,
1628 2550 1686 2583 sub
1699 2561 1754 2582 att-

1007 2606 1083 2638 nulo
1101 2604 1287 2643 piscatoris,
1304 2604 1354 2637 die
1371 2603 1484 2637 ultima
1502 2603 1610 2647 aprilis
1624 2613 1750 2637 ntnxctt.

1007 2649 1212 2693 pontificatus
1232 2649 1333 2681 nostri
1351 2659 1435 2681 anno
1454 2659 1474 2681 1.

1044 2712 1100 2739 Dat.
1117 2711 1160 2738 die
1176 2711 1211 2738 30
1225 2711 1318 2747 aprilis
1336 2711 1414 2745 1592,
1427 2711 1520 2746 pontif.
1536 2718 1578 2737 au.
1592 2716 1610 2737 1.
