2226 3070
51 302 100 330 Au.
117 301 146 328 C.
167 300 233 327 1591

76 516 195 536 Exordium.

88 778 183 805 Capituli]
196 785 231 799 an*

48 806 106 832 liqna
122 805 232 831 privilegia

49 832 187 857 exemptionis
220 838 232 851 a

48 858 194 879 iurisdictione
212 864 232 877 e-

47 885 128 911 piscopi
161 884 232 904 obser-

48 911 116 932 vanda
126 917 179 935 csse,

847 300 1026 325 GREGORIUS
1045 301 1099 324 XIV
1118 300 1168 324 PP.

449 348 607 383 Gregorius
625 348 706 382 Papa
720 349 797 380 XIV,

397 402 434 429 ad
449 403 582 429 futuram
597 402 642 429 rei
661 402 843 429 memoriam.

291 456 376 488 Inter
396 462 531 494 caetera,
549 467 631 499 quae
652 456 784 489 internis
802 461 992 499 exoptamus

248 508 434 549 affectibus,
458 509 489 542 id
509 520 611 541 unum
632 515 676 541 est
698 514 733 541 ut
757 509 840 541 inter
868 509 992 552 praela-

247 565 296 593 tos
317 572 495 605 eorumque
527 561 672 594 subditos
699 561 888 593 charitatem
914 571 991 593 con-

248 614 357 647 cordia
377 614 506 654 nutriat,
522 620 552 647 et
569 625 682 657 pacem
703 613 866 646 charitatis
887 612 991 645 firmet

248 667 433 700 amaenitas.

292 720 307 762 ἓ
327 719 358 752 l.
388 719 474 752 Alias
494 719 652 762 siquidem
668 746 675 759 ,
699 730 772 752 cum
803 718 909 751 dilecti
935 718 990 750 filii

248 773 389 805 decanus
409 778 440 805 et
469 772 649 816 Capitulum
677 772 830 805 ecclesiae
857 773 991 804 Antxer-

247 824 381 868 piensis‚
405 825 528 858 ratione
561 825 777 868 quorumdam
809 824 992 868 privilegio-

246 888 318 911 rum
340 879 371 911 in
393 889 505 911 eorum
535 879 676 911 savorem
706 889 723 911 a
752 878 851 911 felicis
882 888 991 910 recor-

246 932 384 965 dationis
404 933 583 966 Alexandro
597 933 644 977 Vl,
666 933 772 965 Leone
792 932 829 970 X,
851 931 991 964 Adriano

245 985 341 1018 etiam
366 986 418 1027 VI,
442 986 744 1030 praedecessoribus
772 985 909 1025 nostris,
934 995 990 1017 an-

246 1044 375 1082 tequam
401 1038 485 1072 dicta
515 1039 660 1078 ecclesia,
685 1048 767 1082 quae
791 1043 867 1070 tunc
892 1037 990 1069 colle-

245 1091 329 1133 giata
350 1097 380 1124 et
404 1091 559 1125 dioecesis
590 1090 827 1125 Cameracensis
848 1095 935 1130 erat,
959 1089 990 1121 in

246 1145 463 1178 cathedralem
494 1151 601 1178 erecta
629 1144 799 1184 extitisset,
828 1148 991 1175 emanato-

245 1209 317 1231 rum
338 1209 394 1232 seu
415 1199 679 1243 approbatorum,
697 1197 991 1241 ampliatorumseu

246 1251 491 1293 innovatorum,
519 1263 585 1285 non
618 1252 723 1285 solum
755 1250 991 1294 exemptionem

245 1316 263 1337 a
283 1305 514 1346 iurisdictione,
537 1305 728 1343 visitatione,
746 1305 946 1338 correctione
962 1311 991 1338 et

245 1359 433 1392 omnimoda
464 1359 687 1403 superioritate
714 1359 861 1392 moderni
883 1364 911 1392 et
932 1370 990 1402 pro

246 1419 391 1457 tempore
421 1413 581 1446 existentis
611 1413 753 1457 episcopi
780 1413 990 1456 Antrerpien-

207 1482 210 1484 v
245 1465 306 1506 sis,
330 1477 428 1510 seque
458 1467 643 1499 immediate
681 1466 753 1499 Secti
789 1466 991 1509 Apostolicae

60 1837 166 1864 Episcopo
183 1844 231 1858 vero

46 1865 130 1885 sublata
168 1865 231 1885 fuisse

46 1897 84 1916 per
103 1892 231 1912 erectionem

47 1918 67 1938 in
87 1918 230 1938 cathedralem

46 1945 230 1967 conten‹icntibns;

61 2367 128 2399 Causa
141 2369 229 2395 primum

48 2401 158 2416 commlssa
199 2399 229 2417 est

47 2422 121 2468 puncto
146 2425 230 2449 aposto-

55 2453 99 2472 icu;

245 1519 416 1557 subiectos,
436 1529 548 1552 verum
569 1519 665 1552 etiam
685 1518 940 1551 iurisdictionem
958 1519 990 1552 in

245 1572 432 1605 universum
463 1573 586 1605 clerum
617 1572 902 1615 Antrerpiensem,
926 1578 990 1605 tam

246 1624 278 1657 in
300 1625 455 1665 civilibus,
479 1625 771 1658 matrimonialibus
791 1630 822 1657 et
842 1624 992 1657 crimina-

246 1677 329 1711 libus
347 1679 461 1719 causis,
485 1689 582 1722 quam
603 1678 635 1710 in
655 1678 803 1711 facultate
824 1688 841 1710 a
866 1678 991 1710 casibus

247 1731 399 1775 episcopo
426 1731 593 1764 reservatis
620 1730 805 1764 absolvendi
825 1736 855 1763 ct
875 1741 990 1763 conce-

247 1784 343 1817 dendi
357 1784 478 1817 litteras
492 1784 731 1821 dimissoriales,
742 1794 868 1816 necnon
883 1784 990 1816 forsan

246 1837 392 1880 pluribus
423 1837 502 1869 aliis.
537 1837 575 1870 Et
610 1837 785 1869 modernus
821 1836 991 1879 episcopus

246 1889 411 1933 privilegia
430 1889 626 1929 huiusmodi,
650 1889 675 1922 si
696 1900 778 1933 quae
809 1889 867 1932 ipsi
897 1890 990 1922 deca-

247 1953 307 1975 nus
329 1948 359 1976 et
378 1943 559 1987 Capitulum
572 1943 739 1980 haberent,
754 1948 787 1975 ut
799 1942 987 1985 praefertur,

244 2007 303 2040 per
331 1997 527 2030 erectionem
558 1996 741 2040 praedictae.
776 1996 929 2029 ecclesiae
959 1996 990 2028 in

245 2051 480 2091 cathedralem,
503 2040 712 2095 postmodum
732 2061 749 2083 a
774 2050 845 2094 piae
866 2061 990 2083 memo-

245 2103 311 2137 riae
330 2104 429 2137 Paulo
446 2104 533 2147 Papa
552 2104 601 2144 IV,
627 2103 723 2137 etiam
743 2104 991 2147 praedecessore

244 2163 365 2197 nostro,
381 2158 508 2198 factam,
526 2158 565 2191 de
578 2158 685 2191 medio
703 2158 827 2190 sublata
848 2163 876 2190 et
898 2158 991 2190 abro-

245 2215 318 2253 gata
346 2211 441 2244 fuisse
470 2211 738 2255 praetenderent,
763 2221 941 2254 causaeque
962 2215 992 2243 et

244 2264 481 2307 praetentiones
494 2270 522 2297 et
537 2264 772 2298 controversiae
786 2263 987 2303 huiusmodi,

246 2317 284 2349 de
310 2317 474 2350 communi
499 2317 639 2361 partium
671 2327 829 2350 consensu
857 2326 989 2348 venera-

245 2369 300 2401 bili
327 2370 416 2403 sratri
436 2376 546 2403 nostro
564 2370 714 2414 episcopo
735 2369 907 2407 Caiacensi,
931 2379 989 2401 no-

244 2428 309 2456 stro
330 2429 358 2455 et
381 2423 483 2456 dictae
503 2423 592 2457 Sedis
612 2423 644 2455 in
665 2423 727 2455 illis
749 2422 894 2466 partibus
908 2432 990 2454 nun-

246 2476 309 2517 tio,
333 2477 596 2520 componendae,
621 2475 811 2508 commissae
832 2475 986 2514 fuissent3

246 2535 276 2563 et
296 2530 362 2573 ipse
384 2530 552 2573 episeopus
572 2529 713 2567 nuntius,
738 2528 861 2561 iuribus
882 2528 991 2560 amba-

245 2593 317 2616 rum
347 2583 486 2627 partium
512 2582 698 2615 huiusmodi
727 2592 785 2626 per
812 2591 885 2614 cum
917 2580 989 2613 (lili-

245 2643 358 2679 genter
387 2637 479 2677 visis,
511 2642 580 2669 acta
615 2636 752 2679 desuper
783 2639 931 2667 emanata
961 2638 989 2666 ct

245 2697 333 2732 gesta
363 2691 404 2724 ad
433 2690 624 2724 recolendae
657 2688 838 2722 memoriae
869 2687 989 2721 Sixtum

1027 349 1145 392 Papam
1166 348 1200 388 V,
1225 347 1371 380 similiter
1400 348 1680 391 praedecessorem
1712 359 1770 381 no-

1026 407 1138 440 strum,
1156 401 1312 435 etSedem
1332 400 1529 444 praedictam
1550 401 1720 433 transmitti
1740 407 1770 434 et

1026 454 1159 497 perferri
1181 460 1343 494 curasset,
1366 454 1518 497 idemque
1547 454 1649 487 Sixtus
1676 465 1768 497 prae-

1027 508 1175 540 decessor
1198 507 1362 550 negotium
1391 507 1576 540 huiusmodi
1603 507 1770 540 venerabi-

1027 560 1109 592 libus
1129 561 1279 593 lratribus
1300 560 1416 593 nostris
1436 560 1465 593 S.
1490 561 1526 593 R.
1550 560 1583 593 E.
1608 571 1704 603 super
1725 560 1771 593 in-

1009 622 1011 630 ’
1027 614 1255 655 terpretatione
1272 613 1590 647 ConciliiTridentini
1614 613 1771 656 deputatis

1027 665 1262 703 cardinalibus,
1287 666 1485 698 audiendum
1516 671 1543 698 et
1575 675 1772 707 cognosceu-

1027 718 1103 750 dum
1129 724 1159 751 et
1179 719 1242 751 sine
1275 720 1382 752 debito
1413 720 1652 752 terminandum
1684 730 1771 751 com-

1009 770 1181 811 ¹misisset,
1204 772 1360 815 praedicti
1385 772 1581 813 cardinales,
1605 772 1677 805 visis
1699 772 1771 804 ‹lili-

1026 830 1138 866 genter
1158 825 1280 857 iuribus
1300 825 1483 868 praedictis,
1507 836 1566 858 nec
1587 836 1651 857 non
1673 826 1771 858 advo-

1026 878 1103 910 catis
1124 883 1154 910 et
1174 878 1437 921 procuratorilms
1450 879 1588 921 partium
1604 878 1677 911 binc
1698 879 1771 911 inde

1025 930 1220 963 sufficienter
1248 931 1379 969 auditis,
1403 942 1563 974 causaque
1593 937 1716 964 mature
1742 937 1771 964 et

1025 989 1121 1027 prout
1163 984 1297 1017 decebat
1340 984 1510 1025 diligenter
1559 990 1772 1027 accurateque

1026 1037 1183 1077 discussa,
1207 1043 1238 1070 et
1257 1037 1288 1069 in
1309 1043 1481 1080 utramque
1502 1042 1626 1080 partem
1647 1038 1769 1069 exami-

1024 1096 1108 1130 nata,
1131 1096 1325 1123 censuerunt
1342 1090 1476 1133 pristina
1490 1090 1654 1133 quondam
1673 1091 1771 1123 colle—

1025 1143 1128 1185 giatae
1158 1143 1326 1183 ecclesiae,
1351 1154 1433 1186 quae
1465 1149 1586 1187 postca,
1615 1149 1648 1176 ut
1673 1154 1768 1187 prae-

1025 1196 1146 1235 fertur,
1180 1195 1212 1228 in
1251 1196 1469 1229 cathedralem
1507 1197 1770 1240 Antvcrpiensem

1025 1255 1131 1282 erecta
1160 1255 1221 1289 est,
1242 1249 1409 1293 privilegia
1433 1250 1578 1293 Capitulo
1610 1251 1770 1284 antedicto

1025 1308 1137 1335 contra
1158 1302 1299 1346 episcopi
1320 1303 1559 1346 Antverpiensis
1578 1303 1771 1336 iurisdictio-

1026 1366 1098 1387 nem
1130 1366 1195 1388 non
1225 1356 1362 1399 amplius
1390 1356 1559 1398 suffragari
1579 1356 1611 1388 in
1632 1356 1668 1389 iis
1689 1367 1771 1399 quae

1026 1414 1223 1441 concernunt
1236 1408 1489 1441 iurisdictionem
1504 1408 1601 1452 ipsius
1614 1409 1767 1452 episcopi,

1025 1468 1056 1495 et
1074 1463 1263 1506 praesertim
1284 1463 1317 1495 in
1349 1463 1494 1501 casibus,
1519 1463 1550 1495 in
1576 1463 1693 1506 quibus
1724 1464 1771 1496 iu-

1025 1515 1166 1548 risdictio
1188 1516 1247 1559 ipsi
1265 1516 1416 1560 episcopo
1440 1527 1457 1548 a
1474 1516 1615 1549 Concilio
1636 1517 1770 1549 Triden-

1026 1569 1091 1601 tino
1113 1568 1231 1602 tributa
1252 1575 1308 1602 est.
1329 1570 1367 1602 Et
1386 1569 1596 1602 nihilominus
1616 1571 1770 1613 praedicti

1026 1622 1165 1655 decanus
1195 1628 1224 1655 et
1255 1622 1458 1665 Capitulum,
1486 1623 1670 1666 praemissis
1705 1634 1770 1656 non

1026 1675 1178 1715 contenti,
1203 1676 1243 1708 ad
1265 1676 1415 1708 eumdem
1437 1676 1558 1709 Sixtum
1580 1677 1770 1719 praedeces-

1025 1739 1130 1761 sorem
1149 1734 1179 1761 ct
1198 1729 1313 1762 Sedent
1334 1729 1533 1772 praedictam
1557 1729 1596 1761 de
1620 1740 1703 1762 novo
1721 1740 1770 1762 re-

1025 1792 1154 1815 cursum
1179 1782 1348 1820 habentes,
1374 1782 1576 1826 praedictum
1605 1783 1769 1825 negotium

1026 1835 1064 1867 de
1084 1845 1167 1867 novo
1189 1834 1265 1878 ipsis
1283 1835 1500 1868 cardinalibus
1520 1836 1717 1869 audiendum
1743 1842 1773 1869 et

1025 1888 1275 1921 examinandum
1290 1888 1447 1921 committi
1465 1889 1685 1926 obtinuerunt·‚
1701 1900 1771 1922 car-

1026 1941 1213 1984 dinalesque
1233 1941 1389 1984 praedicti
1410 1941 1442 1973 in
1462 1942 1575 1974 decisis
1596 1953 1769 1975 remanen-

1026 2000 1081 2031 tes,
1097 1994 1238 2027 secundo
1250 2005 1309 2037 pro
1324 1994 1464 2038 episcopi
1477 1996 1714 2039 Aiitrerpiensis
1726 1996 1773 2029 iu-

1026 2048 1222 2085 risdictione,
1240 2048 1293 2087 ita,
1310 2054 1343 2081 ut
1357 2049 1547 2091 praefertur,
1559 2055 1768 2087 censuerunt,

1026 2112 1061 2133 ac
1082 2101 1222 2137 tandem.
1247 2112 1288 2133 ne
1308 2101 1415 2144 aliqua
1437 2102 1559 2134 decano
1580 2107 1609 2134 et
1628 2102 1771 2145 Capitulo

1026 2154 1193 2186 antedictis
1213 2153 1347 2186 ulterius
1364 2154 1509 2196 litigandi
1524 2161 1703 2187 remaneret
1719 2165 1772 2188 oc-

1026 2207 1128 2245 casio,
1153 2207 1249 2239 iidem
1272 2207 1467 2247 cardinales,
1491 2207 1585 2240 tertio
1605 2208 1770 2250 negotium

1025 2260 1225 2303 praedictum
1246 2266 1502 2299 reassumenteS,
1526 2261 1671 2293 unanimi
1693 2272 1771 2294 con—

1025 2324 1120 2346 sensu
1140 2313 1171 2346 iu
1193 2314 1351 2353 eamdem,
1368 2319 1401 2346 ut
1422 2314 1612 2357 praefertur,
1630 2315 1768 2348 devene-

1024 2372 1096 2399 runt
1119 2366 1322 2399 sententiam⁴

1074 2420 1088 2463 g
1103 2419 1132 2452 2.
1154 2420 1230 2453 Cum
1244 2425 1351 2453 autem
1364 2430 1433 2461 nos,
1453 2420 1611 2464 aequitate
1625 2428 1767 2465 pensata,

1025 2473 1094 2505 iure
1114 2473 1269 2505 ducamus
1293 2473 1528 2516 providendum
1553 2480 1587 2507 ut
1608 2486 1689 2517 quae
1712 2475 1768 2518 ipsi

1025 2525 1201 2559 cardinales
1222 2536 1339 2568 magna
1358 2537 1430 2559 cum
1451 2527 1633 2560 maturitate
1655 2533 1683 2560 et
1705 2533 1770 2560 stu-

1025 2579 1077 2611 dio
1098 2578 1199 2611 tribus
1220 2579 1377 2611 distinctis
1396 2579 1518 2612 vicibus
1539 2581 1677 2623 desuper
1697 2591 1770 2613 cen-

1025 2637 1168 2672 suerunt,
1192 2632 1318 2665 debitae
1340 2633 1553 2676 exequutione
1572 2633 1769 2667 demanden-

1025 2691 1087 2726 tur,
1109 2685 1204 2719 totius
1217 2685 1282 2719 litis
1296 2696 1333 2719 ac
1353 2686 1609 2720 differentiarum
1629 2692 1660 2719 et
1679 2697 1770 2731 prae-

1671 291 1736 323 455
1783 301 1832 327 An.
1855 300 1882 328 c.
1902 301 1965 328 1591

1817 468 1864 487 Mox
1884 473 1969 491 congre-

1786 494 1864 519 gationi
1875 494 1969 514 Contulit.

1814 1207 1871 1230 Onne
1889 1208 1970 1227 censuit

1787 1233 1845 1253 dicta
1860 1235 1971 1259 privilegia

1787 1267 1827 1280 nun
1861 1261 1971 1284 §utrius-rari

1787 1287 1856 1312 quaml
1904 1294 1971 1307 excin-

1786 1316 1878 1338 ptwncm
1904 1320 1915 1333 :t
1942 1321 1971 1333 iu-

1786 1340 1907 1360 risdictione
1935 1342 1972 1360 Or·

1786 1366 1871 1386 ‹linai-ii.

1812 1576 1837 1596 Ei
1853 1577 1883 1596 sic
1897 1577 1971 1597 iterum

1786 1609 1810 1623 ac
1840 1604 1902 1623 tertio
1936 1605 1973 1624 t'uit

1786 1630 1900 1650 delinitum.

1801 2427 1914 2452 Gregorius
1933 2425 1970 2445 ita-

1786 2459 1826 2479 que
1872 2453 1971 2478 impositu

1786 2480 1884 2503 partibus
1910 2479 1970 2499 silen-

1786 2508 1826 2530 lioy
